{
    "summary": {
        "stock_name": "立凱-KY",
        "stock_id": "5227",
        "category": "電子零組件",
        "main_business": "磷酸系電池正極材料研發、製造與銷售<br>其他",
        "website_url": "http://www.aleees.com",
        "ceo": "張聖時",
        "pe_ratio": -12,
        "report_year_from": 2012,
        "report_year_to": 2023,
        "age": 11,
        "eps_negative_percentage": 100,
        "eps_growth_avg": {
            "last_all": null,
            "last_2y": null,
            "last_4y": null,
            "last_8y": null,
            "last_12y": null,
            "last_16y": null,
            "last_20y": null,
            "at_2006_last_3y": null,
            "at_2007_last_3y": null,
            "at_2008_last_3y": null,
            "at_2009_last_3y": null,
            "at_2010_last_3y": null,
            "at_2011_last_3y": null,
            "at_2012_last_3y": null,
            "at_2013_last_3y": null,
            "at_2014_last_3y": null,
            "at_2015_last_3y": null,
            "at_2016_last_3y": null,
            "at_2017_last_3y": null,
            "at_2018_last_3y": null,
            "at_2019_last_3y": null,
            "at_2020_last_3y": null,
            "at_2021_last_3y": null,
            "at_2022_last_3y": null,
            "at_2023_last_3y": null,
            "at_2006_last_all": null,
            "at_2007_last_all": null,
            "at_2008_last_all": null,
            "at_2009_last_all": null,
            "at_2010_last_all": null,
            "at_2011_last_all": null,
            "at_2012_last_all": null,
            "at_2013_last_all": null,
            "at_2014_last_all": null,
            "at_2015_last_all": null,
            "at_2016_last_all": null,
            "at_2017_last_all": null,
            "at_2018_last_all": null,
            "at_2019_last_all": null,
            "at_2020_last_all": null,
            "at_2021_last_all": null,
            "at_2022_last_all": null,
            "at_2023_last_all": null
        },
        "latest_eps": -5.61,
        "latest_price": 69.5,
        "latest_roe": -75.92,
        "latest_gross_margin": 16.21,
        "latest_equity": 616934,
        "latest_revenue": 271366,
        "latest_gross_profit": 43983,
        "latest_net_income": -96144,
        "latest_debt_ratio": 56.97,
        "latest_current_ratio": 117.06,
        "latest_account_receivable_turnover_ratio": 3.54,
        "latest_inventory_turnover_ratio": 0.74,
        "latest_reinvestment_rate": null,
        "latest_research_to_sale_ratio": 5.51
    },
    "eps_dividends": {
        "2001": {
            "cash": 0,
            "stock": 0,
            "eps": 0
        },
        "2002": {
            "cash": 0,
            "stock": 0,
            "eps": 0
        },
        "2003": {
            "cash": 0,
            "stock": 0,
            "eps": 0
        },
        "2004": {
            "cash": 0,
            "stock": 0,
            "eps": 0
        },
        "2005": {
            "cash": 0,
            "stock": 0,
            "eps": 0
        },
        "2006": {
            "cash": 0,
            "stock": 0,
            "eps": 0
        },
        "2007": {
            "cash": 0,
            "stock": 0,
            "eps": 0
        },
        "2008": {
            "cash": 0,
            "stock": 0,
            "eps": 0
        },
        "2009": {
            "cash": 0,
            "stock": 0,
            "eps": 0
        },
        "2010": {
            "cash": 0,
            "stock": 0,
            "eps": 0
        },
        "2011": {
            "cash": 0,
            "stock": 0,
            "eps": 0
        },
        "2012": {
            "cash": 0,
            "stock": 0,
            "eps": 0
        },
        "2013": {
            "cash": 0,
            "stock": 0,
            "eps": -3.29
        },
        "2014": {
            "cash": 0,
            "stock": 0,
            "eps": -3.96
        },
        "2015": {
            "cash": 0,
            "stock": 0,
            "eps": -2.66
        },
        "2016": {
            "cash": 0,
            "stock": 0,
            "eps": -0.29
        },
        "2017": {
            "cash": 0,
            "stock": 0,
            "eps": -0.99
        },
        "2018": {
            "cash": 0,
            "stock": 0,
            "eps": -5.25
        },
        "2019": {
            "cash": 0,
            "stock": 0,
            "eps": -2.14
        },
        "2020": {
            "cash": 0,
            "stock": 0,
            "eps": -4.31
        },
        "2021": {
            "cash": 0,
            "stock": 0,
            "eps": -6.17
        },
        "2022": {
            "cash": 0,
            "stock": 0,
            "eps": -6.01
        },
        "2023": {
            "cash": 0,
            "stock": 0,
            "eps": -1.37
        }
    },
    "dividends": [],
    "prices": {
        "200101": "無",
        "200102": "無",
        "200103": "無",
        "200104": "無",
        "200105": "無",
        "200106": "無",
        "200107": "無",
        "200108": "無",
        "200109": "無",
        "200110": "無",
        "200111": "無",
        "200112": "無",
        "200201": "無",
        "200202": "無",
        "200203": "無",
        "200204": "無",
        "200205": "無",
        "200206": "無",
        "200207": "無",
        "200208": "無",
        "200209": "無",
        "200210": "無",
        "200211": "無",
        "200212": "無",
        "200301": "無",
        "200302": "無",
        "200303": "無",
        "200304": "無",
        "200305": "無",
        "200306": "無",
        "200307": "無",
        "200308": "無",
        "200309": "無",
        "200310": "無",
        "200311": "無",
        "200312": "無",
        "200401": "無",
        "200402": "無",
        "200403": "無",
        "200404": "無",
        "200405": "無",
        "200406": "無",
        "200407": "無",
        "200408": "無",
        "200409": "無",
        "200410": "無",
        "200411": "無",
        "200412": "無",
        "200501": "無",
        "200502": "無",
        "200503": "無",
        "200504": "無",
        "200505": "無",
        "200506": "無",
        "200507": "無",
        "200508": "無",
        "200509": "無",
        "200510": "無",
        "200511": "無",
        "200512": "無",
        "200601": "無",
        "200602": "無",
        "200603": "無",
        "200604": "無",
        "200605": "無",
        "200606": "無",
        "200607": "無",
        "200608": "無",
        "200609": "無",
        "200610": "無",
        "200611": "無",
        "200612": "無",
        "200701": "無",
        "200702": "無",
        "200703": "無",
        "200704": "無",
        "200705": "無",
        "200706": "無",
        "200707": "無",
        "200708": "無",
        "200709": "無",
        "200710": "無",
        "200711": "無",
        "200712": "無",
        "200801": "無",
        "200802": "無",
        "200803": "無",
        "200804": "無",
        "200805": "無",
        "200806": "無",
        "200807": "無",
        "200808": "無",
        "200809": "無",
        "200810": "無",
        "200811": "無",
        "200812": "無",
        "200901": "無",
        "200902": "無",
        "200903": "無",
        "200904": "無",
        "200905": "無",
        "200906": "無",
        "200907": "無",
        "200908": "無",
        "200909": "無",
        "200910": "無",
        "200911": "無",
        "200912": "無",
        "201001": "無",
        "201002": "無",
        "201003": "無",
        "201004": "無",
        "201005": "無",
        "201006": "無",
        "201007": "無",
        "201008": "無",
        "201009": "無",
        "201010": "無",
        "201011": "無",
        "201012": "無",
        "201101": "無",
        "201102": "無",
        "201103": "無",
        "201104": "無",
        "201105": "無",
        "201106": "無",
        "201107": "無",
        "201108": "無",
        "201109": "無",
        "201110": "無",
        "201111": "無",
        "201112": "無",
        "201201": "無",
        "201202": "無",
        "201203": "無",
        "201204": "無",
        "201205": "無",
        "201206": "無",
        "201207": "無",
        "201208": "無",
        "201209": "無",
        "201210": "無",
        "201211": "無",
        "201212": "無",
        "201301": "無",
        "201302": "無",
        "201303": "無",
        "201304": "無",
        "201305": "無",
        "201306": "無",
        "201307": "無",
        "201308": "無",
        "201309": "無",
        "201310": "無",
        "201311": "無",
        "201312": "77.41",
        "201401": "67.45",
        "201402": "71.33",
        "201403": "82.23",
        "201404": "76.80",
        "201405": "70.85",
        "201406": "72.54",
        "201407": "70.35",
        "201408": "63.46",
        "201409": "63.53",
        "201410": "52.58",
        "201411": "43.26",
        "201412": "42.72",
        "201501": "39.67",
        "201502": "36.53",
        "201503": "34.80",
        "201504": "39.46",
        "201505": "37.84",
        "201506": "31.76",
        "201507": "29.17",
        "201508": "29.31",
        "201509": "33.20",
        "201510": "33.89",
        "201511": "35.32",
        "201512": "31.16",
        "201601": "28.21",
        "201602": "28.50",
        "201603": "30.30",
        "201604": "33.36",
        "201605": "33.50",
        "201606": "36.17",
        "201607": "35.90",
        "201608": "35.09",
        "201609": "40.57",
        "201610": "36.32",
        "201611": "31.96",
        "201612": "31.84",
        "201701": "31.03",
        "201702": "30.02",
        "201703": "30.07",
        "201704": "27.26",
        "201705": "23.40",
        "201706": "22.62",
        "201707": "21.04",
        "201708": "23.33",
        "201709": "27.11",
        "201710": "29.68",
        "201711": "27.40",
        "201712": "25.87",
        "201801": "25.17",
        "201802": "22.70",
        "201803": "26.03",
        "201804": "22.26",
        "201805": "21.99",
        "201806": "21.24",
        "201807": "20.05",
        "201808": "17.47",
        "201809": "16.93",
        "201810": "15.21",
        "201811": "14.19",
        "201812": "17.37",
        "201901": "18.54",
        "201902": "18.27",
        "201903": "16.36",
        "201904": "19.24",
        "201905": "18.23",
        "201906": "18.16",
        "201907": "17.21",
        "201908": "14.28",
        "201909": "14.79",
        "201910": "15.07",
        "201911": "15.12",
        "201912": "14.78",
        "202001": "15.55",
        "202002": "15.43",
        "202003": "10.09",
        "202004": "8.72",
        "202005": "9.43",
        "202006": "13.15",
        "202007": "15.96",
        "202008": "12.54",
        "202009": "15.42",
        "202010": "13.92",
        "202011": "15.56",
        "202012": "15.68",
        "202101": "15.09",
        "202102": "14.19",
        "202103": "11.33",
        "202104": "11.44",
        "202105": "9.95",
        "202106": "12.24",
        "202107": "24.65",
        "202108": "29.40",
        "202109": "29.34",
        "202110": "30.27",
        "202111": "44.70",
        "202112": "78.33",
        "202201": "90.74",
        "202202": "82.39",
        "202203": "84.34",
        "202204": "72.23",
        "202205": "67.35",
        "202206": "69.25",
        "202207": "53.72",
        "202208": "53.10",
        "202209": "55.91",
        "202210": "67.53",
        "202211": "73.93",
        "202212": "69.01",
        "202301": "69.28",
        "202302": "72.33",
        "202303": "67.52",
        "202304": "68.89",
        "202305": "73.45",
        "202306": "70.72"
    },
    "quarters": {
        "20011": {
            "year_quarter": 20011,
            "year": 2001,
            "quarter": 1,
            "eps": null,
            "eps_growth_year": null,
            "eps_4q": null,
            "eps_4q_growth_year": null,
            "roe": null,
            "roe_4q": 0,
            "gross_profit": null,
            "gross_margin": null,
            "gross_margin_4q_avg": 0,
            "net_income": null,
            "revenue": null,
            "common_shares": null,
            "book_valuer_per_share": null,
            "book_valuer_per_share_4q_avg": 0,
            "equity": null,
            "current_ratio": null,
            "debt_ratio": null,
            "inventory_turnover_ratio": null,
            "account_receivable_turnover_ratio": null,
            "reinvestment_rate": null,
            "research_to_sale_ratio": null,
            "price_fair": 0,
            "eps_avg_yearly": 0,
            "eps_latest_yearly": 0,
            "eps_growth_yearly": 0
        },
        "20012": {
            "year_quarter": 20012,
            "year": 2001,
            "quarter": 2,
            "eps": null,
            "eps_growth_year": null,
            "eps_4q": null,
            "eps_4q_growth_year": null,
            "roe": null,
            "roe_4q": 0,
            "gross_profit": null,
            "gross_margin": null,
            "gross_margin_4q_avg": 0,
            "net_income": null,
            "revenue": null,
            "common_shares": null,
            "book_valuer_per_share": null,
            "book_valuer_per_share_4q_avg": 0,
            "equity": null,
            "current_ratio": null,
            "debt_ratio": null,
            "inventory_turnover_ratio": null,
            "account_receivable_turnover_ratio": null,
            "reinvestment_rate": null,
            "research_to_sale_ratio": null,
            "price_fair": 0,
            "eps_avg_yearly": 0,
            "eps_latest_yearly": 0,
            "eps_growth_yearly": 0
        },
        "20013": {
            "year_quarter": 20013,
            "year": 2001,
            "quarter": 3,
            "eps": null,
            "eps_growth_year": null,
            "eps_4q": null,
            "eps_4q_growth_year": null,
            "roe": null,
            "roe_4q": 0,
            "gross_profit": null,
            "gross_margin": null,
            "gross_margin_4q_avg": 0,
            "net_income": null,
            "revenue": null,
            "common_shares": null,
            "book_valuer_per_share": null,
            "book_valuer_per_share_4q_avg": 0,
            "equity": null,
            "current_ratio": null,
            "debt_ratio": null,
            "inventory_turnover_ratio": null,
            "account_receivable_turnover_ratio": null,
            "reinvestment_rate": null,
            "research_to_sale_ratio": null,
            "price_fair": 0,
            "eps_avg_yearly": 0,
            "eps_latest_yearly": 0,
            "eps_growth_yearly": 0
        },
        "20014": {
            "year_quarter": 20014,
            "year": 2001,
            "quarter": 4,
            "eps": null,
            "eps_growth_year": null,
            "eps_4q": null,
            "eps_4q_growth_year": null,
            "roe": null,
            "roe_4q": 0,
            "gross_profit": null,
            "gross_margin": null,
            "gross_margin_4q_avg": 0,
            "net_income": null,
            "revenue": null,
            "common_shares": null,
            "book_valuer_per_share": null,
            "book_valuer_per_share_4q_avg": 0,
            "equity": null,
            "current_ratio": null,
            "debt_ratio": null,
            "inventory_turnover_ratio": null,
            "account_receivable_turnover_ratio": null,
            "reinvestment_rate": null,
            "research_to_sale_ratio": null,
            "price_fair": 0,
            "eps_avg_yearly": 0,
            "eps_latest_yearly": 0,
            "eps_growth_yearly": 0
        },
        "20021": {
            "year_quarter": 20021,
            "year": 2002,
            "quarter": 1,
            "eps": null,
            "eps_growth_year": null,
            "eps_4q": null,
            "eps_4q_growth_year": null,
            "roe": null,
            "roe_4q": 0,
            "gross_profit": null,
            "gross_margin": null,
            "gross_margin_4q_avg": 0,
            "net_income": null,
            "revenue": null,
            "common_shares": null,
            "book_valuer_per_share": null,
            "book_valuer_per_share_4q_avg": 0,
            "equity": null,
            "current_ratio": null,
            "debt_ratio": null,
            "inventory_turnover_ratio": null,
            "account_receivable_turnover_ratio": null,
            "reinvestment_rate": null,
            "research_to_sale_ratio": null,
            "price_fair": 0,
            "eps_avg_yearly": 0,
            "eps_latest_yearly": 0,
            "eps_growth_yearly": 0
        },
        "20022": {
            "year_quarter": 20022,
            "year": 2002,
            "quarter": 2,
            "eps": null,
            "eps_growth_year": null,
            "eps_4q": null,
            "eps_4q_growth_year": null,
            "roe": null,
            "roe_4q": 0,
            "gross_profit": null,
            "gross_margin": null,
            "gross_margin_4q_avg": 0,
            "net_income": null,
            "revenue": null,
            "common_shares": null,
            "book_valuer_per_share": null,
            "book_valuer_per_share_4q_avg": 0,
            "equity": null,
            "current_ratio": null,
            "debt_ratio": null,
            "inventory_turnover_ratio": null,
            "account_receivable_turnover_ratio": null,
            "reinvestment_rate": null,
            "research_to_sale_ratio": null,
            "price_fair": 0,
            "eps_avg_yearly": 0,
            "eps_latest_yearly": 0,
            "eps_growth_yearly": 0
        },
        "20023": {
            "year_quarter": 20023,
            "year": 2002,
            "quarter": 3,
            "eps": null,
            "eps_growth_year": null,
            "eps_4q": null,
            "eps_4q_growth_year": null,
            "roe": null,
            "roe_4q": 0,
            "gross_profit": null,
            "gross_margin": null,
            "gross_margin_4q_avg": 0,
            "net_income": null,
            "revenue": null,
            "common_shares": null,
            "book_valuer_per_share": null,
            "book_valuer_per_share_4q_avg": 0,
            "equity": null,
            "current_ratio": null,
            "debt_ratio": null,
            "inventory_turnover_ratio": null,
            "account_receivable_turnover_ratio": null,
            "reinvestment_rate": null,
            "research_to_sale_ratio": null,
            "price_fair": 0,
            "eps_avg_yearly": 0,
            "eps_latest_yearly": 0,
            "eps_growth_yearly": 0
        },
        "20024": {
            "year_quarter": 20024,
            "year": 2002,
            "quarter": 4,
            "eps": null,
            "eps_growth_year": null,
            "eps_4q": null,
            "eps_4q_growth_year": null,
            "roe": null,
            "roe_4q": 0,
            "gross_profit": null,
            "gross_margin": null,
            "gross_margin_4q_avg": 0,
            "net_income": null,
            "revenue": null,
            "common_shares": null,
            "book_valuer_per_share": null,
            "book_valuer_per_share_4q_avg": 0,
            "equity": null,
            "current_ratio": null,
            "debt_ratio": null,
            "inventory_turnover_ratio": null,
            "account_receivable_turnover_ratio": null,
            "reinvestment_rate": null,
            "research_to_sale_ratio": null,
            "price_fair": 0,
            "eps_avg_yearly": 0,
            "eps_latest_yearly": 0,
            "eps_growth_yearly": 0
        },
        "20031": {
            "year_quarter": 20031,
            "year": 2003,
            "quarter": 1,
            "eps": null,
            "eps_growth_year": null,
            "eps_4q": null,
            "eps_4q_growth_year": null,
            "roe": null,
            "roe_4q": 0,
            "gross_profit": null,
            "gross_margin": null,
            "gross_margin_4q_avg": 0,
            "net_income": null,
            "revenue": null,
            "common_shares": null,
            "book_valuer_per_share": null,
            "book_valuer_per_share_4q_avg": 0,
            "equity": null,
            "current_ratio": null,
            "debt_ratio": null,
            "inventory_turnover_ratio": null,
            "account_receivable_turnover_ratio": null,
            "reinvestment_rate": null,
            "research_to_sale_ratio": null,
            "price_fair": 0,
            "eps_avg_yearly": 0,
            "eps_latest_yearly": 0,
            "eps_growth_yearly": 0
        },
        "20032": {
            "year_quarter": 20032,
            "year": 2003,
            "quarter": 2,
            "eps": null,
            "eps_growth_year": null,
            "eps_4q": null,
            "eps_4q_growth_year": null,
            "roe": null,
            "roe_4q": 0,
            "gross_profit": null,
            "gross_margin": null,
            "gross_margin_4q_avg": 0,
            "net_income": null,
            "revenue": null,
            "common_shares": null,
            "book_valuer_per_share": null,
            "book_valuer_per_share_4q_avg": 0,
            "equity": null,
            "current_ratio": null,
            "debt_ratio": null,
            "inventory_turnover_ratio": null,
            "account_receivable_turnover_ratio": null,
            "reinvestment_rate": null,
            "research_to_sale_ratio": null,
            "price_fair": 0,
            "eps_avg_yearly": 0,
            "eps_latest_yearly": 0,
            "eps_growth_yearly": 0
        },
        "20033": {
            "year_quarter": 20033,
            "year": 2003,
            "quarter": 3,
            "eps": null,
            "eps_growth_year": null,
            "eps_4q": null,
            "eps_4q_growth_year": null,
            "roe": null,
            "roe_4q": 0,
            "gross_profit": null,
            "gross_margin": null,
            "gross_margin_4q_avg": 0,
            "net_income": null,
            "revenue": null,
            "common_shares": null,
            "book_valuer_per_share": null,
            "book_valuer_per_share_4q_avg": 0,
            "equity": null,
            "current_ratio": null,
            "debt_ratio": null,
            "inventory_turnover_ratio": null,
            "account_receivable_turnover_ratio": null,
            "reinvestment_rate": null,
            "research_to_sale_ratio": null,
            "price_fair": 0,
            "eps_avg_yearly": 0,
            "eps_latest_yearly": 0,
            "eps_growth_yearly": 0
        },
        "20034": {
            "year_quarter": 20034,
            "year": 2003,
            "quarter": 4,
            "eps": null,
            "eps_growth_year": null,
            "eps_4q": null,
            "eps_4q_growth_year": null,
            "roe": null,
            "roe_4q": 0,
            "gross_profit": null,
            "gross_margin": null,
            "gross_margin_4q_avg": 0,
            "net_income": null,
            "revenue": null,
            "common_shares": null,
            "book_valuer_per_share": null,
            "book_valuer_per_share_4q_avg": 0,
            "equity": null,
            "current_ratio": null,
            "debt_ratio": null,
            "inventory_turnover_ratio": null,
            "account_receivable_turnover_ratio": null,
            "reinvestment_rate": null,
            "research_to_sale_ratio": null,
            "price_fair": 0,
            "eps_avg_yearly": 0,
            "eps_latest_yearly": 0,
            "eps_growth_yearly": 0
        },
        "20041": {
            "year_quarter": 20041,
            "year": 2004,
            "quarter": 1,
            "eps": null,
            "eps_growth_year": null,
            "eps_4q": null,
            "eps_4q_growth_year": null,
            "roe": null,
            "roe_4q": 0,
            "gross_profit": null,
            "gross_margin": null,
            "gross_margin_4q_avg": 0,
            "net_income": null,
            "revenue": null,
            "common_shares": null,
            "book_valuer_per_share": null,
            "book_valuer_per_share_4q_avg": 0,
            "equity": null,
            "current_ratio": null,
            "debt_ratio": null,
            "inventory_turnover_ratio": null,
            "account_receivable_turnover_ratio": null,
            "reinvestment_rate": null,
            "research_to_sale_ratio": null,
            "price_fair": 0,
            "eps_avg_yearly": 0,
            "eps_latest_yearly": 0,
            "eps_growth_yearly": 0
        },
        "20042": {
            "year_quarter": 20042,
            "year": 2004,
            "quarter": 2,
            "eps": null,
            "eps_growth_year": null,
            "eps_4q": null,
            "eps_4q_growth_year": null,
            "roe": null,
            "roe_4q": 0,
            "gross_profit": null,
            "gross_margin": null,
            "gross_margin_4q_avg": 0,
            "net_income": null,
            "revenue": null,
            "common_shares": null,
            "book_valuer_per_share": null,
            "book_valuer_per_share_4q_avg": 0,
            "equity": null,
            "current_ratio": null,
            "debt_ratio": null,
            "inventory_turnover_ratio": null,
            "account_receivable_turnover_ratio": null,
            "reinvestment_rate": null,
            "research_to_sale_ratio": null,
            "price_fair": 0,
            "eps_avg_yearly": 0,
            "eps_latest_yearly": 0,
            "eps_growth_yearly": 0
        },
        "20043": {
            "year_quarter": 20043,
            "year": 2004,
            "quarter": 3,
            "eps": null,
            "eps_growth_year": null,
            "eps_4q": null,
            "eps_4q_growth_year": null,
            "roe": null,
            "roe_4q": 0,
            "gross_profit": null,
            "gross_margin": null,
            "gross_margin_4q_avg": 0,
            "net_income": null,
            "revenue": null,
            "common_shares": null,
            "book_valuer_per_share": null,
            "book_valuer_per_share_4q_avg": 0,
            "equity": null,
            "current_ratio": null,
            "debt_ratio": null,
            "inventory_turnover_ratio": null,
            "account_receivable_turnover_ratio": null,
            "reinvestment_rate": null,
            "research_to_sale_ratio": null,
            "price_fair": 0,
            "eps_avg_yearly": 0,
            "eps_latest_yearly": 0,
            "eps_growth_yearly": 0
        },
        "20044": {
            "year_quarter": 20044,
            "year": 2004,
            "quarter": 4,
            "eps": null,
            "eps_growth_year": null,
            "eps_4q": null,
            "eps_4q_growth_year": null,
            "roe": null,
            "roe_4q": 0,
            "gross_profit": null,
            "gross_margin": null,
            "gross_margin_4q_avg": 0,
            "net_income": null,
            "revenue": null,
            "common_shares": null,
            "book_valuer_per_share": null,
            "book_valuer_per_share_4q_avg": 0,
            "equity": null,
            "current_ratio": null,
            "debt_ratio": null,
            "inventory_turnover_ratio": null,
            "account_receivable_turnover_ratio": null,
            "reinvestment_rate": null,
            "research_to_sale_ratio": null,
            "price_fair": 0,
            "eps_avg_yearly": 0,
            "eps_latest_yearly": 0,
            "eps_growth_yearly": 0
        },
        "20051": {
            "year_quarter": 20051,
            "year": 2005,
            "quarter": 1,
            "eps": null,
            "eps_growth_year": null,
            "eps_4q": null,
            "eps_4q_growth_year": null,
            "roe": null,
            "roe_4q": 0,
            "gross_profit": null,
            "gross_margin": null,
            "gross_margin_4q_avg": 0,
            "net_income": null,
            "revenue": null,
            "common_shares": null,
            "book_valuer_per_share": null,
            "book_valuer_per_share_4q_avg": 0,
            "equity": null,
            "current_ratio": null,
            "debt_ratio": null,
            "inventory_turnover_ratio": null,
            "account_receivable_turnover_ratio": null,
            "reinvestment_rate": null,
            "research_to_sale_ratio": null,
            "price_fair": 0,
            "eps_avg_yearly": 0,
            "eps_latest_yearly": 0,
            "eps_growth_yearly": 0
        },
        "20052": {
            "year_quarter": 20052,
            "year": 2005,
            "quarter": 2,
            "eps": null,
            "eps_growth_year": null,
            "eps_4q": null,
            "eps_4q_growth_year": null,
            "roe": null,
            "roe_4q": 0,
            "gross_profit": null,
            "gross_margin": null,
            "gross_margin_4q_avg": 0,
            "net_income": null,
            "revenue": null,
            "common_shares": null,
            "book_valuer_per_share": null,
            "book_valuer_per_share_4q_avg": 0,
            "equity": null,
            "current_ratio": null,
            "debt_ratio": null,
            "inventory_turnover_ratio": null,
            "account_receivable_turnover_ratio": null,
            "reinvestment_rate": null,
            "research_to_sale_ratio": null,
            "price_fair": 0,
            "eps_avg_yearly": 0,
            "eps_latest_yearly": 0,
            "eps_growth_yearly": 0
        },
        "20053": {
            "year_quarter": 20053,
            "year": 2005,
            "quarter": 3,
            "eps": null,
            "eps_growth_year": null,
            "eps_4q": null,
            "eps_4q_growth_year": null,
            "roe": null,
            "roe_4q": 0,
            "gross_profit": null,
            "gross_margin": null,
            "gross_margin_4q_avg": 0,
            "net_income": null,
            "revenue": null,
            "common_shares": null,
            "book_valuer_per_share": null,
            "book_valuer_per_share_4q_avg": 0,
            "equity": null,
            "current_ratio": null,
            "debt_ratio": null,
            "inventory_turnover_ratio": null,
            "account_receivable_turnover_ratio": null,
            "reinvestment_rate": null,
            "research_to_sale_ratio": null,
            "price_fair": 0,
            "eps_avg_yearly": 0,
            "eps_latest_yearly": 0,
            "eps_growth_yearly": 0
        },
        "20054": {
            "year_quarter": 20054,
            "year": 2005,
            "quarter": 4,
            "eps": null,
            "eps_growth_year": null,
            "eps_4q": null,
            "eps_4q_growth_year": null,
            "roe": null,
            "roe_4q": 0,
            "gross_profit": null,
            "gross_margin": null,
            "gross_margin_4q_avg": 0,
            "net_income": null,
            "revenue": null,
            "common_shares": null,
            "book_valuer_per_share": null,
            "book_valuer_per_share_4q_avg": 0,
            "equity": null,
            "current_ratio": null,
            "debt_ratio": null,
            "inventory_turnover_ratio": null,
            "account_receivable_turnover_ratio": null,
            "reinvestment_rate": null,
            "research_to_sale_ratio": null,
            "price_fair": 0,
            "eps_avg_yearly": 0,
            "eps_latest_yearly": 0,
            "eps_growth_yearly": 0
        },
        "20061": {
            "year_quarter": 20061,
            "year": 2006,
            "quarter": 1,
            "eps": null,
            "eps_growth_year": null,
            "eps_4q": null,
            "eps_4q_growth_year": null,
            "roe": null,
            "roe_4q": 0,
            "gross_profit": null,
            "gross_margin": null,
            "gross_margin_4q_avg": 0,
            "net_income": null,
            "revenue": null,
            "common_shares": null,
            "book_valuer_per_share": null,
            "book_valuer_per_share_4q_avg": 0,
            "equity": null,
            "current_ratio": null,
            "debt_ratio": null,
            "inventory_turnover_ratio": null,
            "account_receivable_turnover_ratio": null,
            "reinvestment_rate": null,
            "research_to_sale_ratio": null,
            "price_fair": 0,
            "eps_avg_yearly": 0,
            "eps_latest_yearly": 0,
            "eps_growth_yearly": 0
        },
        "20062": {
            "year_quarter": 20062,
            "year": 2006,
            "quarter": 2,
            "eps": null,
            "eps_growth_year": null,
            "eps_4q": null,
            "eps_4q_growth_year": null,
            "roe": null,
            "roe_4q": 0,
            "gross_profit": null,
            "gross_margin": null,
            "gross_margin_4q_avg": 0,
            "net_income": null,
            "revenue": null,
            "common_shares": null,
            "book_valuer_per_share": null,
            "book_valuer_per_share_4q_avg": 0,
            "equity": null,
            "current_ratio": null,
            "debt_ratio": null,
            "inventory_turnover_ratio": null,
            "account_receivable_turnover_ratio": null,
            "reinvestment_rate": null,
            "research_to_sale_ratio": null,
            "price_fair": 0,
            "eps_avg_yearly": 0,
            "eps_latest_yearly": 0,
            "eps_growth_yearly": 0
        },
        "20063": {
            "year_quarter": 20063,
            "year": 2006,
            "quarter": 3,
            "eps": null,
            "eps_growth_year": null,
            "eps_4q": null,
            "eps_4q_growth_year": null,
            "roe": null,
            "roe_4q": 0,
            "gross_profit": null,
            "gross_margin": null,
            "gross_margin_4q_avg": 0,
            "net_income": null,
            "revenue": null,
            "common_shares": null,
            "book_valuer_per_share": null,
            "book_valuer_per_share_4q_avg": 0,
            "equity": null,
            "current_ratio": null,
            "debt_ratio": null,
            "inventory_turnover_ratio": null,
            "account_receivable_turnover_ratio": null,
            "reinvestment_rate": null,
            "research_to_sale_ratio": null,
            "price_fair": 0,
            "eps_avg_yearly": 0,
            "eps_latest_yearly": 0,
            "eps_growth_yearly": 0
        },
        "20064": {
            "year_quarter": 20064,
            "year": 2006,
            "quarter": 4,
            "eps": null,
            "eps_growth_year": null,
            "eps_4q": null,
            "eps_4q_growth_year": null,
            "roe": null,
            "roe_4q": 0,
            "gross_profit": null,
            "gross_margin": null,
            "gross_margin_4q_avg": 0,
            "net_income": null,
            "revenue": null,
            "common_shares": null,
            "book_valuer_per_share": null,
            "book_valuer_per_share_4q_avg": 0,
            "equity": null,
            "current_ratio": null,
            "debt_ratio": null,
            "inventory_turnover_ratio": null,
            "account_receivable_turnover_ratio": null,
            "reinvestment_rate": null,
            "research_to_sale_ratio": null,
            "price_fair": 0,
            "eps_avg_yearly": 0,
            "eps_latest_yearly": 0,
            "eps_growth_yearly": 0
        },
        "20071": {
            "year_quarter": 20071,
            "year": 2007,
            "quarter": 1,
            "eps": null,
            "eps_growth_year": null,
            "eps_4q": null,
            "eps_4q_growth_year": null,
            "roe": null,
            "roe_4q": 0,
            "gross_profit": null,
            "gross_margin": null,
            "gross_margin_4q_avg": 0,
            "net_income": null,
            "revenue": null,
            "common_shares": null,
            "book_valuer_per_share": null,
            "book_valuer_per_share_4q_avg": 0,
            "equity": null,
            "current_ratio": null,
            "debt_ratio": null,
            "inventory_turnover_ratio": null,
            "account_receivable_turnover_ratio": null,
            "reinvestment_rate": null,
            "research_to_sale_ratio": null,
            "price_fair": 0,
            "eps_avg_yearly": 0,
            "eps_latest_yearly": 0,
            "eps_growth_yearly": 0
        },
        "20072": {
            "year_quarter": 20072,
            "year": 2007,
            "quarter": 2,
            "eps": null,
            "eps_growth_year": null,
            "eps_4q": null,
            "eps_4q_growth_year": null,
            "roe": null,
            "roe_4q": 0,
            "gross_profit": null,
            "gross_margin": null,
            "gross_margin_4q_avg": 0,
            "net_income": null,
            "revenue": null,
            "common_shares": null,
            "book_valuer_per_share": null,
            "book_valuer_per_share_4q_avg": 0,
            "equity": null,
            "current_ratio": null,
            "debt_ratio": null,
            "inventory_turnover_ratio": null,
            "account_receivable_turnover_ratio": null,
            "reinvestment_rate": null,
            "research_to_sale_ratio": null,
            "price_fair": 0,
            "eps_avg_yearly": 0,
            "eps_latest_yearly": 0,
            "eps_growth_yearly": 0
        },
        "20073": {
            "year_quarter": 20073,
            "year": 2007,
            "quarter": 3,
            "eps": null,
            "eps_growth_year": null,
            "eps_4q": null,
            "eps_4q_growth_year": null,
            "roe": null,
            "roe_4q": 0,
            "gross_profit": null,
            "gross_margin": null,
            "gross_margin_4q_avg": 0,
            "net_income": null,
            "revenue": null,
            "common_shares": null,
            "book_valuer_per_share": null,
            "book_valuer_per_share_4q_avg": 0,
            "equity": null,
            "current_ratio": null,
            "debt_ratio": null,
            "inventory_turnover_ratio": null,
            "account_receivable_turnover_ratio": null,
            "reinvestment_rate": null,
            "research_to_sale_ratio": null,
            "price_fair": 0,
            "eps_avg_yearly": 0,
            "eps_latest_yearly": 0,
            "eps_growth_yearly": 0
        },
        "20074": {
            "year_quarter": 20074,
            "year": 2007,
            "quarter": 4,
            "eps": null,
            "eps_growth_year": null,
            "eps_4q": null,
            "eps_4q_growth_year": null,
            "roe": null,
            "roe_4q": 0,
            "gross_profit": null,
            "gross_margin": null,
            "gross_margin_4q_avg": 0,
            "net_income": null,
            "revenue": null,
            "common_shares": null,
            "book_valuer_per_share": null,
            "book_valuer_per_share_4q_avg": 0,
            "equity": null,
            "current_ratio": null,
            "debt_ratio": null,
            "inventory_turnover_ratio": null,
            "account_receivable_turnover_ratio": null,
            "reinvestment_rate": null,
            "research_to_sale_ratio": null,
            "price_fair": 0,
            "eps_avg_yearly": 0,
            "eps_latest_yearly": 0,
            "eps_growth_yearly": 0
        },
        "20081": {
            "year_quarter": 20081,
            "year": 2008,
            "quarter": 1,
            "eps": null,
            "eps_growth_year": null,
            "eps_4q": null,
            "eps_4q_growth_year": null,
            "roe": null,
            "roe_4q": 0,
            "gross_profit": null,
            "gross_margin": null,
            "gross_margin_4q_avg": 0,
            "net_income": null,
            "revenue": null,
            "common_shares": null,
            "book_valuer_per_share": null,
            "book_valuer_per_share_4q_avg": 0,
            "equity": null,
            "current_ratio": null,
            "debt_ratio": null,
            "inventory_turnover_ratio": null,
            "account_receivable_turnover_ratio": null,
            "reinvestment_rate": null,
            "research_to_sale_ratio": null,
            "price_fair": 0,
            "eps_avg_yearly": 0,
            "eps_latest_yearly": 0,
            "eps_growth_yearly": 0
        },
        "20082": {
            "year_quarter": 20082,
            "year": 2008,
            "quarter": 2,
            "eps": null,
            "eps_growth_year": null,
            "eps_4q": null,
            "eps_4q_growth_year": null,
            "roe": null,
            "roe_4q": 0,
            "gross_profit": null,
            "gross_margin": null,
            "gross_margin_4q_avg": 0,
            "net_income": null,
            "revenue": null,
            "common_shares": null,
            "book_valuer_per_share": null,
            "book_valuer_per_share_4q_avg": 0,
            "equity": null,
            "current_ratio": null,
            "debt_ratio": null,
            "inventory_turnover_ratio": null,
            "account_receivable_turnover_ratio": null,
            "reinvestment_rate": null,
            "research_to_sale_ratio": null,
            "price_fair": 0,
            "eps_avg_yearly": 0,
            "eps_latest_yearly": 0,
            "eps_growth_yearly": 0
        },
        "20083": {
            "year_quarter": 20083,
            "year": 2008,
            "quarter": 3,
            "eps": null,
            "eps_growth_year": null,
            "eps_4q": null,
            "eps_4q_growth_year": null,
            "roe": null,
            "roe_4q": 0,
            "gross_profit": null,
            "gross_margin": null,
            "gross_margin_4q_avg": 0,
            "net_income": null,
            "revenue": null,
            "common_shares": null,
            "book_valuer_per_share": null,
            "book_valuer_per_share_4q_avg": 0,
            "equity": null,
            "current_ratio": null,
            "debt_ratio": null,
            "inventory_turnover_ratio": null,
            "account_receivable_turnover_ratio": null,
            "reinvestment_rate": null,
            "research_to_sale_ratio": null,
            "price_fair": 0,
            "eps_avg_yearly": 0,
            "eps_latest_yearly": 0,
            "eps_growth_yearly": 0
        },
        "20084": {
            "year_quarter": 20084,
            "year": 2008,
            "quarter": 4,
            "eps": null,
            "eps_growth_year": null,
            "eps_4q": null,
            "eps_4q_growth_year": null,
            "roe": null,
            "roe_4q": 0,
            "gross_profit": null,
            "gross_margin": null,
            "gross_margin_4q_avg": 0,
            "net_income": null,
            "revenue": null,
            "common_shares": null,
            "book_valuer_per_share": null,
            "book_valuer_per_share_4q_avg": 0,
            "equity": null,
            "current_ratio": null,
            "debt_ratio": null,
            "inventory_turnover_ratio": null,
            "account_receivable_turnover_ratio": null,
            "reinvestment_rate": null,
            "research_to_sale_ratio": null,
            "price_fair": 0,
            "eps_avg_yearly": 0,
            "eps_latest_yearly": 0,
            "eps_growth_yearly": 0
        },
        "20091": {
            "year_quarter": 20091,
            "year": 2009,
            "quarter": 1,
            "eps": null,
            "eps_growth_year": null,
            "eps_4q": null,
            "eps_4q_growth_year": null,
            "roe": null,
            "roe_4q": 0,
            "gross_profit": null,
            "gross_margin": null,
            "gross_margin_4q_avg": 0,
            "net_income": null,
            "revenue": null,
            "common_shares": null,
            "book_valuer_per_share": null,
            "book_valuer_per_share_4q_avg": 0,
            "equity": null,
            "current_ratio": null,
            "debt_ratio": null,
            "inventory_turnover_ratio": null,
            "account_receivable_turnover_ratio": null,
            "reinvestment_rate": null,
            "research_to_sale_ratio": null,
            "price_fair": 0,
            "eps_avg_yearly": 0,
            "eps_latest_yearly": 0,
            "eps_growth_yearly": 0
        },
        "20092": {
            "year_quarter": 20092,
            "year": 2009,
            "quarter": 2,
            "eps": null,
            "eps_growth_year": null,
            "eps_4q": null,
            "eps_4q_growth_year": null,
            "roe": null,
            "roe_4q": 0,
            "gross_profit": null,
            "gross_margin": null,
            "gross_margin_4q_avg": 0,
            "net_income": null,
            "revenue": null,
            "common_shares": null,
            "book_valuer_per_share": null,
            "book_valuer_per_share_4q_avg": 0,
            "equity": null,
            "current_ratio": null,
            "debt_ratio": null,
            "inventory_turnover_ratio": null,
            "account_receivable_turnover_ratio": null,
            "reinvestment_rate": null,
            "research_to_sale_ratio": null,
            "price_fair": 0,
            "eps_avg_yearly": 0,
            "eps_latest_yearly": 0,
            "eps_growth_yearly": 0
        },
        "20093": {
            "year_quarter": 20093,
            "year": 2009,
            "quarter": 3,
            "eps": null,
            "eps_growth_year": null,
            "eps_4q": null,
            "eps_4q_growth_year": null,
            "roe": null,
            "roe_4q": 0,
            "gross_profit": null,
            "gross_margin": null,
            "gross_margin_4q_avg": 0,
            "net_income": null,
            "revenue": null,
            "common_shares": null,
            "book_valuer_per_share": null,
            "book_valuer_per_share_4q_avg": 0,
            "equity": null,
            "current_ratio": null,
            "debt_ratio": null,
            "inventory_turnover_ratio": null,
            "account_receivable_turnover_ratio": null,
            "reinvestment_rate": null,
            "research_to_sale_ratio": null,
            "price_fair": 0,
            "eps_avg_yearly": 0,
            "eps_latest_yearly": 0,
            "eps_growth_yearly": 0
        },
        "20094": {
            "year_quarter": 20094,
            "year": 2009,
            "quarter": 4,
            "eps": null,
            "eps_growth_year": null,
            "eps_4q": null,
            "eps_4q_growth_year": null,
            "roe": null,
            "roe_4q": 0,
            "gross_profit": null,
            "gross_margin": null,
            "gross_margin_4q_avg": 0,
            "net_income": null,
            "revenue": null,
            "common_shares": null,
            "book_valuer_per_share": null,
            "book_valuer_per_share_4q_avg": 0,
            "equity": null,
            "current_ratio": null,
            "debt_ratio": null,
            "inventory_turnover_ratio": null,
            "account_receivable_turnover_ratio": null,
            "reinvestment_rate": null,
            "research_to_sale_ratio": null,
            "price_fair": 0,
            "eps_avg_yearly": 0,
            "eps_latest_yearly": 0,
            "eps_growth_yearly": 0
        },
        "20101": {
            "year_quarter": 20101,
            "year": 2010,
            "quarter": 1,
            "eps": null,
            "eps_growth_year": null,
            "eps_4q": null,
            "eps_4q_growth_year": null,
            "roe": null,
            "roe_4q": 0,
            "gross_profit": null,
            "gross_margin": null,
            "gross_margin_4q_avg": 0,
            "net_income": null,
            "revenue": null,
            "common_shares": null,
            "book_valuer_per_share": null,
            "book_valuer_per_share_4q_avg": 0,
            "equity": null,
            "current_ratio": null,
            "debt_ratio": null,
            "inventory_turnover_ratio": null,
            "account_receivable_turnover_ratio": null,
            "reinvestment_rate": null,
            "research_to_sale_ratio": null,
            "price_fair": 0,
            "eps_avg_yearly": 0,
            "eps_latest_yearly": 0,
            "eps_growth_yearly": 0
        },
        "20102": {
            "year_quarter": 20102,
            "year": 2010,
            "quarter": 2,
            "eps": null,
            "eps_growth_year": null,
            "eps_4q": null,
            "eps_4q_growth_year": null,
            "roe": null,
            "roe_4q": 0,
            "gross_profit": null,
            "gross_margin": null,
            "gross_margin_4q_avg": 0,
            "net_income": null,
            "revenue": null,
            "common_shares": null,
            "book_valuer_per_share": null,
            "book_valuer_per_share_4q_avg": 0,
            "equity": null,
            "current_ratio": null,
            "debt_ratio": null,
            "inventory_turnover_ratio": null,
            "account_receivable_turnover_ratio": null,
            "reinvestment_rate": null,
            "research_to_sale_ratio": null,
            "price_fair": 0,
            "eps_avg_yearly": 0,
            "eps_latest_yearly": 0,
            "eps_growth_yearly": 0
        },
        "20103": {
            "year_quarter": 20103,
            "year": 2010,
            "quarter": 3,
            "eps": null,
            "eps_growth_year": null,
            "eps_4q": null,
            "eps_4q_growth_year": null,
            "roe": null,
            "roe_4q": 0,
            "gross_profit": null,
            "gross_margin": null,
            "gross_margin_4q_avg": 0,
            "net_income": null,
            "revenue": null,
            "common_shares": null,
            "book_valuer_per_share": null,
            "book_valuer_per_share_4q_avg": 0,
            "equity": null,
            "current_ratio": null,
            "debt_ratio": null,
            "inventory_turnover_ratio": null,
            "account_receivable_turnover_ratio": null,
            "reinvestment_rate": null,
            "research_to_sale_ratio": null,
            "price_fair": 0,
            "eps_avg_yearly": 0,
            "eps_latest_yearly": 0,
            "eps_growth_yearly": 0
        },
        "20104": {
            "year_quarter": 20104,
            "year": 2010,
            "quarter": 4,
            "eps": null,
            "eps_growth_year": null,
            "eps_4q": null,
            "eps_4q_growth_year": null,
            "roe": null,
            "roe_4q": 0,
            "gross_profit": null,
            "gross_margin": null,
            "gross_margin_4q_avg": 0,
            "net_income": null,
            "revenue": null,
            "common_shares": 97646,
            "book_valuer_per_share": 139.59,
            "book_valuer_per_share_4q_avg": 34.9,
            "equity": 1363069,
            "current_ratio": 549.39,
            "debt_ratio": 16.01,
            "inventory_turnover_ratio": null,
            "account_receivable_turnover_ratio": null,
            "reinvestment_rate": null,
            "research_to_sale_ratio": null,
            "price_fair": 0,
            "eps_avg_yearly": 0,
            "eps_latest_yearly": 0,
            "eps_growth_yearly": 0
        },
        "20111": {
            "year_quarter": 20111,
            "year": 2011,
            "quarter": 1,
            "eps": null,
            "eps_growth_year": null,
            "eps_4q": null,
            "eps_4q_growth_year": null,
            "roe": null,
            "roe_4q": 0,
            "gross_profit": null,
            "gross_margin": null,
            "gross_margin_4q_avg": 0,
            "net_income": null,
            "revenue": null,
            "common_shares": null,
            "book_valuer_per_share": null,
            "book_valuer_per_share_4q_avg": 34.9,
            "equity": null,
            "current_ratio": null,
            "debt_ratio": null,
            "inventory_turnover_ratio": null,
            "account_receivable_turnover_ratio": null,
            "reinvestment_rate": null,
            "research_to_sale_ratio": null,
            "price_fair": 0,
            "eps_avg_yearly": 0,
            "eps_latest_yearly": 0,
            "eps_growth_yearly": 0
        },
        "20112": {
            "year_quarter": 20112,
            "year": 2011,
            "quarter": 2,
            "eps": null,
            "eps_growth_year": null,
            "eps_4q": null,
            "eps_4q_growth_year": null,
            "roe": null,
            "roe_4q": 0,
            "gross_profit": null,
            "gross_margin": null,
            "gross_margin_4q_avg": 0,
            "net_income": null,
            "revenue": null,
            "common_shares": null,
            "book_valuer_per_share": null,
            "book_valuer_per_share_4q_avg": 34.9,
            "equity": null,
            "current_ratio": null,
            "debt_ratio": null,
            "inventory_turnover_ratio": null,
            "account_receivable_turnover_ratio": null,
            "reinvestment_rate": null,
            "research_to_sale_ratio": null,
            "price_fair": 0,
            "eps_avg_yearly": 0,
            "eps_latest_yearly": 0,
            "eps_growth_yearly": 0
        },
        "20113": {
            "year_quarter": 20113,
            "year": 2011,
            "quarter": 3,
            "eps": null,
            "eps_growth_year": null,
            "eps_4q": null,
            "eps_4q_growth_year": null,
            "roe": null,
            "roe_4q": 0,
            "gross_profit": null,
            "gross_margin": null,
            "gross_margin_4q_avg": 0,
            "net_income": null,
            "revenue": null,
            "common_shares": null,
            "book_valuer_per_share": null,
            "book_valuer_per_share_4q_avg": 34.9,
            "equity": null,
            "current_ratio": null,
            "debt_ratio": null,
            "inventory_turnover_ratio": null,
            "account_receivable_turnover_ratio": null,
            "reinvestment_rate": null,
            "research_to_sale_ratio": null,
            "price_fair": 0,
            "eps_avg_yearly": 0,
            "eps_latest_yearly": 0,
            "eps_growth_yearly": 0
        },
        "20114": {
            "year_quarter": 20114,
            "year": 2011,
            "quarter": 4,
            "eps": null,
            "eps_growth_year": null,
            "eps_4q": null,
            "eps_4q_growth_year": null,
            "roe": null,
            "roe_4q": 0,
            "gross_profit": null,
            "gross_margin": null,
            "gross_margin_4q_avg": 0,
            "net_income": null,
            "revenue": null,
            "common_shares": 1030813,
            "book_valuer_per_share": 12.61,
            "book_valuer_per_share_4q_avg": 3.15,
            "equity": 1299755,
            "current_ratio": 221.15,
            "debt_ratio": 23.07,
            "inventory_turnover_ratio": null,
            "account_receivable_turnover_ratio": null,
            "reinvestment_rate": null,
            "research_to_sale_ratio": null,
            "price_fair": 0,
            "eps_avg_yearly": 0,
            "eps_latest_yearly": 0,
            "eps_growth_yearly": 0
        },
        "20121": {
            "year_quarter": 20121,
            "year": 2012,
            "quarter": 1,
            "eps": null,
            "eps_growth_year": null,
            "eps_4q": null,
            "eps_4q_growth_year": null,
            "roe": null,
            "roe_4q": 0,
            "gross_profit": 43085,
            "gross_margin": null,
            "gross_margin_4q_avg": 0,
            "net_income": -60064,
            "revenue": 124695,
            "common_shares": 1030813,
            "book_valuer_per_share": null,
            "book_valuer_per_share_4q_avg": 3.15,
            "equity": 1235730,
            "current_ratio": null,
            "debt_ratio": null,
            "inventory_turnover_ratio": null,
            "account_receivable_turnover_ratio": null,
            "reinvestment_rate": null,
            "research_to_sale_ratio": null,
            "price_fair": 0,
            "eps_avg_yearly": 0,
            "eps_latest_yearly": 0,
            "eps_growth_yearly": 0
        },
        "20122": {
            "year_quarter": 20122,
            "year": 2012,
            "quarter": 2,
            "eps": null,
            "eps_growth_year": null,
            "eps_4q": null,
            "eps_4q_growth_year": null,
            "roe": null,
            "roe_4q": 0,
            "gross_profit": 16617,
            "gross_margin": null,
            "gross_margin_4q_avg": 0,
            "net_income": -83281,
            "revenue": 110284,
            "common_shares": 1130813,
            "book_valuer_per_share": null,
            "book_valuer_per_share_4q_avg": 3.15,
            "equity": 1541091,
            "current_ratio": null,
            "debt_ratio": null,
            "inventory_turnover_ratio": null,
            "account_receivable_turnover_ratio": null,
            "reinvestment_rate": null,
            "research_to_sale_ratio": null,
            "price_fair": 0,
            "eps_avg_yearly": 0,
            "eps_latest_yearly": 0,
            "eps_growth_yearly": 0
        },
        "20123": {
            "year_quarter": 20123,
            "year": 2012,
            "quarter": 3,
            "eps": null,
            "eps_growth_year": null,
            "eps_4q": null,
            "eps_4q_growth_year": null,
            "roe": null,
            "roe_4q": 0,
            "gross_profit": 59983,
            "gross_margin": null,
            "gross_margin_4q_avg": 0,
            "net_income": -36456,
            "revenue": 165449,
            "common_shares": 1129537,
            "book_valuer_per_share": null,
            "book_valuer_per_share_4q_avg": 3.15,
            "equity": 1503889,
            "current_ratio": null,
            "debt_ratio": null,
            "inventory_turnover_ratio": null,
            "account_receivable_turnover_ratio": null,
            "reinvestment_rate": null,
            "research_to_sale_ratio": null,
            "price_fair": 0,
            "eps_avg_yearly": 0,
            "eps_latest_yearly": 0,
            "eps_growth_yearly": 0
        },
        "20124": {
            "year_quarter": 20124,
            "year": 2012,
            "quarter": 4,
            "eps": null,
            "eps_growth_year": null,
            "eps_4q": null,
            "eps_4q_growth_year": null,
            "roe": null,
            "roe_4q": 0,
            "gross_profit": 92714,
            "gross_margin": null,
            "gross_margin_4q_avg": 0,
            "net_income": -43246,
            "revenue": 252823,
            "common_shares": 1129537,
            "book_valuer_per_share": 13.01,
            "book_valuer_per_share_4q_avg": 3.25,
            "equity": 1463251,
            "current_ratio": 161.25,
            "debt_ratio": 27,
            "inventory_turnover_ratio": null,
            "account_receivable_turnover_ratio": null,
            "reinvestment_rate": null,
            "research_to_sale_ratio": null,
            "price_fair": 0,
            "eps_avg_yearly": 0,
            "eps_latest_yearly": 0,
            "eps_growth_yearly": 0
        },
        "20131": {
            "year_quarter": 20131,
            "year": 2013,
            "quarter": 1,
            "eps": -0.56,
            "eps_growth_year": null,
            "eps_4q": -0.56,
            "eps_4q_growth_year": null,
            "roe": -4.38,
            "roe_4q": -4.38,
            "gross_profit": 23973,
            "gross_margin": 23.48,
            "gross_margin_4q_avg": 5.87,
            "net_income": -62628,
            "revenue": 102100,
            "common_shares": 1129537,
            "book_valuer_per_share": 12.44,
            "book_valuer_per_share_4q_avg": 6.36,
            "equity": 1398197,
            "current_ratio": 143.58,
            "debt_ratio": 28.74,
            "inventory_turnover_ratio": 0.31,
            "account_receivable_turnover_ratio": 0.99,
            "reinvestment_rate": null,
            "research_to_sale_ratio": 28.41,
            "price_fair": 0,
            "eps_avg_yearly": 0,
            "eps_latest_yearly": 0,
            "eps_growth_yearly": 0
        },
        "20132": {
            "year_quarter": 20132,
            "year": 2013,
            "quarter": 2,
            "eps": -1.08,
            "eps_growth_year": null,
            "eps_4q": -1.45,
            "eps_4q_growth_year": null,
            "roe": -7.49,
            "roe_4q": -11.870000000000001,
            "gross_profit": -22704,
            "gross_margin": -11.12,
            "gross_margin_4q_avg": 3.09,
            "net_income": -122494,
            "revenue": 204131,
            "common_shares": 1279537,
            "book_valuer_per_share": 14.71,
            "book_valuer_per_share_4q_avg": 10.04,
            "equity": 1874532,
            "current_ratio": 253.25,
            "debt_ratio": 21.94,
            "inventory_turnover_ratio": 0.93,
            "account_receivable_turnover_ratio": 2.01,
            "reinvestment_rate": null,
            "research_to_sale_ratio": 17.47,
            "price_fair": 0,
            "eps_avg_yearly": 0,
            "eps_latest_yearly": 0,
            "eps_growth_yearly": 0
        },
        "20133": {
            "year_quarter": 20133,
            "year": 2013,
            "quarter": 3,
            "eps": -0.75,
            "eps_growth_year": null,
            "eps_4q": -2.2,
            "eps_4q_growth_year": null,
            "roe": -5.24,
            "roe_4q": -17.11,
            "gross_profit": 26994,
            "gross_margin": 18.42,
            "gross_margin_4q_avg": 7.7,
            "net_income": -96008,
            "revenue": 146527,
            "common_shares": 1279537,
            "book_valuer_per_share": 13.97,
            "book_valuer_per_share_4q_avg": 13.53,
            "equity": 1787435,
            "current_ratio": 245.29,
            "debt_ratio": 20.53,
            "inventory_turnover_ratio": 0.53,
            "account_receivable_turnover_ratio": 1.09,
            "reinvestment_rate": null,
            "research_to_sale_ratio": 23.28,
            "price_fair": 0,
            "eps_avg_yearly": 0,
            "eps_latest_yearly": 0,
            "eps_growth_yearly": 0
        },
        "20134": {
            "year_quarter": 20134,
            "year": 2013,
            "quarter": 4,
            "eps": -0.9,
            "eps_growth_year": null,
            "eps_4q": -2.87,
            "eps_4q_growth_year": null,
            "roe": -6.29,
            "roe_4q": -23.400000000000002,
            "gross_profit": 1985,
            "gross_margin": 1.6,
            "gross_margin_4q_avg": 8.1,
            "net_income": -127230,
            "revenue": 124311,
            "common_shares": 1420737,
            "book_valuer_per_share": 15.91,
            "book_valuer_per_share_4q_avg": 14.26,
            "equity": 2260729,
            "current_ratio": 318.81,
            "debt_ratio": 17.92,
            "inventory_turnover_ratio": 0.43,
            "account_receivable_turnover_ratio": 0.86,
            "reinvestment_rate": null,
            "research_to_sale_ratio": 41.59,
            "price_fair": 0,
            "eps_avg_yearly": 0,
            "eps_latest_yearly": 0,
            "eps_growth_yearly": 0
        },
        "20141": {
            "year_quarter": 20141,
            "year": 2014,
            "quarter": 1,
            "eps": -0.81,
            "eps_growth_year": null,
            "eps_4q": -3.25,
            "eps_4q_growth_year": null,
            "roe": -5.24,
            "roe_4q": -24.260000000000005,
            "gross_profit": 1971,
            "gross_margin": 1.63,
            "gross_margin_4q_avg": 2.63,
            "net_income": -115364,
            "revenue": 120819,
            "common_shares": 1420737,
            "book_valuer_per_share": 15.09,
            "book_valuer_per_share_4q_avg": 14.92,
            "equity": 2143358,
            "current_ratio": 363.86,
            "debt_ratio": 22.49,
            "inventory_turnover_ratio": 0.34,
            "account_receivable_turnover_ratio": 0.72,
            "reinvestment_rate": null,
            "research_to_sale_ratio": 42.13,
            "price_fair": 0,
            "eps_avg_yearly": 0,
            "eps_latest_yearly": 0,
            "eps_growth_yearly": 0
        },
        "20142": {
            "year_quarter": 20142,
            "year": 2014,
            "quarter": 2,
            "eps": -1.42,
            "eps_growth_year": null,
            "eps_4q": -3.8,
            "eps_4q_growth_year": null,
            "roe": -9.88,
            "roe_4q": -26.65,
            "gross_profit": -26356,
            "gross_margin": -18.16,
            "gross_margin_4q_avg": 0.87,
            "net_income": -201808,
            "revenue": 145108,
            "common_shares": 1420737,
            "book_valuer_per_share": 13.66,
            "book_valuer_per_share_4q_avg": 14.66,
            "equity": 1940097,
            "current_ratio": 252.19,
            "debt_ratio": 25.76,
            "inventory_turnover_ratio": 0.48,
            "account_receivable_turnover_ratio": 0.69,
            "reinvestment_rate": null,
            "research_to_sale_ratio": 39.31,
            "price_fair": 0,
            "eps_avg_yearly": 0,
            "eps_latest_yearly": 0,
            "eps_growth_yearly": 0
        },
        "20143": {
            "year_quarter": 20143,
            "year": 2014,
            "quarter": 3,
            "eps": -1.03,
            "eps_growth_year": null,
            "eps_4q": -4.15,
            "eps_4q_growth_year": null,
            "roe": -7.81,
            "roe_4q": -29.22,
            "gross_profit": 18079,
            "gross_margin": 6.56,
            "gross_margin_4q_avg": -2.09,
            "net_income": -145910,
            "revenue": 275489,
            "common_shares": 1420737,
            "book_valuer_per_share": 12.63,
            "book_valuer_per_share_4q_avg": 14.32,
            "equity": 1794894,
            "current_ratio": 180.9,
            "debt_ratio": 28.76,
            "inventory_turnover_ratio": 0.9,
            "account_receivable_turnover_ratio": 0.91,
            "reinvestment_rate": null,
            "research_to_sale_ratio": 24.11,
            "price_fair": 0,
            "eps_avg_yearly": 0,
            "eps_latest_yearly": 0,
            "eps_growth_yearly": 0
        },
        "20144": {
            "year_quarter": 20144,
            "year": 2014,
            "quarter": 4,
            "eps": -0.7,
            "eps_growth_year": null,
            "eps_4q": -3.96,
            "eps_4q_growth_year": null,
            "roe": -5.73,
            "roe_4q": -28.660000000000004,
            "gross_profit": 49244,
            "gross_margin": 15.23,
            "gross_margin_4q_avg": 1.32,
            "net_income": -100027,
            "revenue": 323407,
            "common_shares": 1420737,
            "book_valuer_per_share": 11.93,
            "book_valuer_per_share_4q_avg": 13.33,
            "equity": 1694346,
            "current_ratio": 130.61,
            "debt_ratio": 40.18,
            "inventory_turnover_ratio": 1.26,
            "account_receivable_turnover_ratio": 0.76,
            "reinvestment_rate": null,
            "research_to_sale_ratio": 20.58,
            "price_fair": 0,
            "eps_avg_yearly": 0,
            "eps_latest_yearly": 0,
            "eps_growth_yearly": 0
        },
        "20151": {
            "year_quarter": 20151,
            "year": 2015,
            "quarter": 1,
            "eps": -0.81,
            "eps_growth_year": null,
            "eps_4q": -3.48,
            "eps_4q_growth_year": null,
            "roe": -6.28,
            "roe_4q": -29.700000000000003,
            "gross_profit": 69536,
            "gross_margin": 25.02,
            "gross_margin_4q_avg": 7.16,
            "net_income": -125581,
            "revenue": 277909,
            "common_shares": 1645737,
            "book_valuer_per_share": 14.02,
            "book_valuer_per_share_4q_avg": 13.06,
            "equity": 2307376,
            "current_ratio": 224.29,
            "debt_ratio": 29.57,
            "inventory_turnover_ratio": 1.26,
            "account_receivable_turnover_ratio": 0.6,
            "reinvestment_rate": null,
            "research_to_sale_ratio": 23.49,
            "price_fair": 0,
            "eps_avg_yearly": 0,
            "eps_latest_yearly": 0,
            "eps_growth_yearly": 0
        },
        "20152": {
            "year_quarter": 20152,
            "year": 2015,
            "quarter": 2,
            "eps": -0.93,
            "eps_growth_year": null,
            "eps_4q": -3.19,
            "eps_4q_growth_year": null,
            "roe": -6.87,
            "roe_4q": -26.69,
            "gross_profit": 36228,
            "gross_margin": 14.82,
            "gross_margin_4q_avg": 15.41,
            "net_income": -153336,
            "revenue": 244465,
            "common_shares": 1645737,
            "book_valuer_per_share": 13.1,
            "book_valuer_per_share_4q_avg": 12.92,
            "equity": 2155941,
            "current_ratio": 228.06,
            "debt_ratio": 27.22,
            "inventory_turnover_ratio": 1.61,
            "account_receivable_turnover_ratio": 0.74,
            "reinvestment_rate": null,
            "research_to_sale_ratio": 24.45,
            "price_fair": 0,
            "eps_avg_yearly": 0,
            "eps_latest_yearly": 0,
            "eps_growth_yearly": 0
        },
        "20153": {
            "year_quarter": 20153,
            "year": 2015,
            "quarter": 3,
            "eps": -0.45,
            "eps_growth_year": null,
            "eps_4q": -2.75,
            "eps_4q_growth_year": null,
            "roe": -3.49,
            "roe_4q": -22.37,
            "gross_profit": 75054,
            "gross_margin": 27.15,
            "gross_margin_4q_avg": 20.56,
            "net_income": -73974,
            "revenue": 276411,
            "common_shares": 1645737,
            "book_valuer_per_share": 12.63,
            "book_valuer_per_share_4q_avg": 12.92,
            "equity": 2077864,
            "current_ratio": 267.03,
            "debt_ratio": 22.78,
            "inventory_turnover_ratio": 1.89,
            "account_receivable_turnover_ratio": 1.36,
            "reinvestment_rate": null,
            "research_to_sale_ratio": 25.8,
            "price_fair": 0,
            "eps_avg_yearly": 0,
            "eps_latest_yearly": 0,
            "eps_growth_yearly": 0
        },
        "20154": {
            "year_quarter": 20154,
            "year": 2015,
            "quarter": 4,
            "eps": -0.47,
            "eps_growth_year": null,
            "eps_4q": -2.62,
            "eps_4q_growth_year": null,
            "roe": -3.82,
            "roe_4q": -20.46,
            "gross_profit": 118636,
            "gross_margin": 40.1,
            "gross_margin_4q_avg": 26.77,
            "net_income": -77889,
            "revenue": 295866,
            "common_shares": 1645737,
            "book_valuer_per_share": 12.18,
            "book_valuer_per_share_4q_avg": 12.98,
            "equity": 2003928,
            "current_ratio": 258.03,
            "debt_ratio": 23.2,
            "inventory_turnover_ratio": 1.82,
            "account_receivable_turnover_ratio": 1.57,
            "reinvestment_rate": null,
            "research_to_sale_ratio": 18.74,
            "price_fair": 0,
            "eps_avg_yearly": 0,
            "eps_latest_yearly": 0,
            "eps_growth_yearly": 0
        },
        "20161": {
            "year_quarter": 20161,
            "year": 2016,
            "quarter": 1,
            "eps": -0.48,
            "eps_growth_year": null,
            "eps_4q": -2.33,
            "eps_4q_growth_year": null,
            "roe": -3.98,
            "roe_4q": -18.16,
            "gross_profit": 102509,
            "gross_margin": 40.84,
            "gross_margin_4q_avg": 30.73,
            "net_income": -78183,
            "revenue": 251005,
            "common_shares": 1645737,
            "book_valuer_per_share": 11.71,
            "book_valuer_per_share_4q_avg": 12.41,
            "equity": 1926855,
            "current_ratio": 259.49,
            "debt_ratio": 21.35,
            "inventory_turnover_ratio": 1.64,
            "account_receivable_turnover_ratio": 1.28,
            "reinvestment_rate": null,
            "research_to_sale_ratio": 30.52,
            "price_fair": 0,
            "eps_avg_yearly": 0,
            "eps_latest_yearly": 0,
            "eps_growth_yearly": 0
        },
        "20162": {
            "year_quarter": 20162,
            "year": 2016,
            "quarter": 2,
            "eps": -0.12,
            "eps_growth_year": null,
            "eps_4q": -1.52,
            "eps_4q_growth_year": null,
            "roe": -1.02,
            "roe_4q": -12.31,
            "gross_profit": 170353,
            "gross_margin": 47.26,
            "gross_margin_4q_avg": 38.84,
            "net_income": -19562,
            "revenue": 360442,
            "common_shares": 1645737,
            "book_valuer_per_share": 11.61,
            "book_valuer_per_share_4q_avg": 12.03,
            "equity": 1911265,
            "current_ratio": 385.2,
            "debt_ratio": 18.28,
            "inventory_turnover_ratio": 2.18,
            "account_receivable_turnover_ratio": 2,
            "reinvestment_rate": null,
            "research_to_sale_ratio": 18.53,
            "price_fair": 0,
            "eps_avg_yearly": 0,
            "eps_latest_yearly": 0,
            "eps_growth_yearly": 0
        },
        "20163": {
            "year_quarter": 20163,
            "year": 2016,
            "quarter": 3,
            "eps": 0.43,
            "eps_growth_year": null,
            "eps_4q": -0.46,
            "eps_4q_growth_year": null,
            "roe": 2.96,
            "roe_4q": -5.859999999999999,
            "gross_profit": 155460,
            "gross_margin": 39.18,
            "gross_margin_4q_avg": 41.85,
            "net_income": 78758,
            "revenue": 396765,
            "common_shares": 2105737,
            "book_valuer_per_share": 16.15,
            "book_valuer_per_share_4q_avg": 12.91,
            "equity": 3401574,
            "current_ratio": 275.99,
            "debt_ratio": 12.36,
            "inventory_turnover_ratio": 2.77,
            "account_receivable_turnover_ratio": 2.58,
            "reinvestment_rate": null,
            "research_to_sale_ratio": 4.67,
            "price_fair": 0,
            "eps_avg_yearly": 0,
            "eps_latest_yearly": 0,
            "eps_growth_yearly": 0
        },
        "20164": {
            "year_quarter": 20164,
            "year": 2016,
            "quarter": 4,
            "eps": -0.12,
            "eps_growth_year": null,
            "eps_4q": -0.21,
            "eps_4q_growth_year": null,
            "roe": -0.77,
            "roe_4q": -2.81,
            "gross_profit": 128110,
            "gross_margin": 41.32,
            "gross_margin_4q_avg": 42.15,
            "net_income": -26006,
            "revenue": 310068,
            "common_shares": 2105737,
            "book_valuer_per_share": 15.75,
            "book_valuer_per_share_4q_avg": 13.81,
            "equity": 3316642,
            "current_ratio": 265.08,
            "debt_ratio": 13.5,
            "inventory_turnover_ratio": 1.59,
            "account_receivable_turnover_ratio": 1.85,
            "reinvestment_rate": null,
            "research_to_sale_ratio": 6.31,
            "price_fair": 0,
            "eps_avg_yearly": 0,
            "eps_latest_yearly": 0,
            "eps_growth_yearly": 0
        },
        "20171": {
            "year_quarter": 20171,
            "year": 2017,
            "quarter": 1,
            "eps": -0.27,
            "eps_growth_year": null,
            "eps_4q": -0.12,
            "eps_4q_growth_year": null,
            "roe": -1.76,
            "roe_4q": -0.5900000000000003,
            "gross_profit": 40779,
            "gross_margin": 20.03,
            "gross_margin_4q_avg": 36.95,
            "net_income": -57449,
            "revenue": 203594,
            "common_shares": 2105737,
            "book_valuer_per_share": 15.16,
            "book_valuer_per_share_4q_avg": 14.67,
            "equity": 3193305,
            "current_ratio": 309.15,
            "debt_ratio": 11.56,
            "inventory_turnover_ratio": 1.26,
            "account_receivable_turnover_ratio": 1.11,
            "reinvestment_rate": null,
            "research_to_sale_ratio": 6.71,
            "price_fair": 0,
            "eps_avg_yearly": 0,
            "eps_latest_yearly": 0,
            "eps_growth_yearly": 0
        },
        "20172": {
            "year_quarter": 20172,
            "year": 2017,
            "quarter": 2,
            "eps": -0.3,
            "eps_growth_year": null,
            "eps_4q": -0.32,
            "eps_4q_growth_year": null,
            "roe": -1.99,
            "roe_4q": -1.5599999999999996,
            "gross_profit": 33450,
            "gross_margin": 19.66,
            "gross_margin_4q_avg": 30.05,
            "net_income": -62789,
            "revenue": 170159,
            "common_shares": 2105737,
            "book_valuer_per_share": 14.85,
            "book_valuer_per_share_4q_avg": 15.48,
            "equity": 3127083,
            "current_ratio": 298.8,
            "debt_ratio": 11.57,
            "inventory_turnover_ratio": 1.22,
            "account_receivable_turnover_ratio": 0.78,
            "reinvestment_rate": null,
            "research_to_sale_ratio": 15.21,
            "price_fair": 0,
            "eps_avg_yearly": 0,
            "eps_latest_yearly": 0,
            "eps_growth_yearly": 0
        },
        "20173": {
            "year_quarter": 20173,
            "year": 2017,
            "quarter": 3,
            "eps": 0.13,
            "eps_growth_year": -69.77,
            "eps_4q": -0.56,
            "eps_4q_growth_year": null,
            "roe": 0.87,
            "roe_4q": -3.65,
            "gross_profit": 33096,
            "gross_margin": 16.68,
            "gross_margin_4q_avg": 24.42,
            "net_income": 27664,
            "revenue": 198363,
            "common_shares": 2105737,
            "book_valuer_per_share": 15.47,
            "book_valuer_per_share_4q_avg": 15.31,
            "equity": 3257400,
            "current_ratio": 302.64,
            "debt_ratio": 10.73,
            "inventory_turnover_ratio": 1.43,
            "account_receivable_turnover_ratio": 0.82,
            "reinvestment_rate": null,
            "research_to_sale_ratio": 5.72,
            "price_fair": 0,
            "eps_avg_yearly": 0,
            "eps_latest_yearly": 0,
            "eps_growth_yearly": 0
        },
        "20174": {
            "year_quarter": 20174,
            "year": 2017,
            "quarter": 4,
            "eps": -0.55,
            "eps_growth_year": null,
            "eps_4q": -0.99,
            "eps_4q_growth_year": null,
            "roe": -3.68,
            "roe_4q": -6.56,
            "gross_profit": 29965,
            "gross_margin": 16.99,
            "gross_margin_4q_avg": 18.34,
            "net_income": -115762,
            "revenue": 176366,
            "common_shares": 2105737,
            "book_valuer_per_share": 14.4,
            "book_valuer_per_share_4q_avg": 14.97,
            "equity": 3031532,
            "current_ratio": 448.59,
            "debt_ratio": 8.62,
            "inventory_turnover_ratio": 1.16,
            "account_receivable_turnover_ratio": 0.83,
            "reinvestment_rate": null,
            "research_to_sale_ratio": 7.47,
            "price_fair": 0,
            "eps_avg_yearly": 0,
            "eps_latest_yearly": 0,
            "eps_growth_yearly": 0
        },
        "20181": {
            "year_quarter": 20181,
            "year": 2018,
            "quarter": 1,
            "eps": -0.77,
            "eps_growth_year": null,
            "eps_4q": -1.49,
            "eps_4q_growth_year": null,
            "roe": -5.62,
            "roe_4q": -10.420000000000002,
            "gross_profit": -20964,
            "gross_margin": -31.04,
            "gross_margin_4q_avg": 5.57,
            "net_income": -162214,
            "revenue": 67536,
            "common_shares": 2105737,
            "book_valuer_per_share": 13,
            "book_valuer_per_share_4q_avg": 14.43,
            "equity": 2738163,
            "current_ratio": 456.22,
            "debt_ratio": 7.47,
            "inventory_turnover_ratio": 0.57,
            "account_receivable_turnover_ratio": 0.37,
            "reinvestment_rate": null,
            "research_to_sale_ratio": 15.1,
            "price_fair": 0,
            "eps_avg_yearly": 0,
            "eps_latest_yearly": 0,
            "eps_growth_yearly": 0
        },
        "20182": {
            "year_quarter": 20182,
            "year": 2018,
            "quarter": 2,
            "eps": -1.55,
            "eps_growth_year": null,
            "eps_4q": -2.74,
            "eps_4q_growth_year": null,
            "roe": -13.19,
            "roe_4q": -21.619999999999997,
            "gross_profit": -28571,
            "gross_margin": -45.22,
            "gross_margin_4q_avg": -10.65,
            "net_income": -326523,
            "revenue": 63180,
            "common_shares": 2105737,
            "book_valuer_per_share": 10.51,
            "book_valuer_per_share_4q_avg": 13.35,
            "equity": 2212893,
            "current_ratio": 451,
            "debt_ratio": 7.56,
            "inventory_turnover_ratio": 0.55,
            "account_receivable_turnover_ratio": 0.43,
            "reinvestment_rate": null,
            "research_to_sale_ratio": 20.85,
            "price_fair": 0,
            "eps_avg_yearly": 0,
            "eps_latest_yearly": 0,
            "eps_growth_yearly": 0
        },
        "20183": {
            "year_quarter": 20183,
            "year": 2018,
            "quarter": 3,
            "eps": -1.67,
            "eps_growth_year": -1384.62,
            "eps_4q": -4.54,
            "eps_4q_growth_year": null,
            "roe": -17.38,
            "roe_4q": -39.87,
            "gross_profit": -67617,
            "gross_margin": -362.13,
            "gross_margin_4q_avg": -105.35,
            "net_income": -352487,
            "revenue": 18672,
            "common_shares": 2105737,
            "book_valuer_per_share": 8.75,
            "book_valuer_per_share_4q_avg": 11.67,
            "equity": 1843352,
            "current_ratio": 151.79,
            "debt_ratio": 21.26,
            "inventory_turnover_ratio": 0.61,
            "account_receivable_turnover_ratio": 0.19,
            "reinvestment_rate": null,
            "research_to_sale_ratio": 80.45,
            "price_fair": 0,
            "eps_avg_yearly": 0,
            "eps_latest_yearly": 0,
            "eps_growth_yearly": 0
        },
        "20184": {
            "year_quarter": 20184,
            "year": 2018,
            "quarter": 4,
            "eps": -1.26,
            "eps_growth_year": null,
            "eps_4q": -5.26,
            "eps_4q_growth_year": null,
            "roe": -15.95,
            "roe_4q": -52.13999999999999,
            "gross_profit": -71113,
            "gross_margin": -5440.93,
            "gross_margin_4q_avg": -1469.83,
            "net_income": -266281,
            "revenue": 1307,
            "common_shares": 2105737,
            "book_valuer_per_share": 7.1,
            "book_valuer_per_share_4q_avg": 9.84,
            "equity": 1495438,
            "current_ratio": 120.71,
            "debt_ratio": 28.96,
            "inventory_turnover_ratio": 0.63,
            "account_receivable_turnover_ratio": 0.02,
            "reinvestment_rate": null,
            "research_to_sale_ratio": 903.52,
            "price_fair": 0,
            "eps_avg_yearly": 0,
            "eps_latest_yearly": 0,
            "eps_growth_yearly": 0
        },
        "20191": {
            "year_quarter": 20191,
            "year": 2019,
            "quarter": 1,
            "eps": -0.46,
            "eps_growth_year": null,
            "eps_4q": -4.95,
            "eps_4q_growth_year": null,
            "roe": -6.73,
            "roe_4q": -53.25,
            "gross_profit": -44214,
            "gross_margin": -59,
            "gross_margin_4q_avg": -1476.82,
            "net_income": -97324,
            "revenue": 74944,
            "common_shares": 2105737,
            "book_valuer_per_share": 6.63,
            "book_valuer_per_share_4q_avg": 8.25,
            "equity": 1396041,
            "current_ratio": 102.75,
            "debt_ratio": 28.99,
            "inventory_turnover_ratio": 1.66,
            "account_receivable_turnover_ratio": 1.14,
            "reinvestment_rate": null,
            "research_to_sale_ratio": 17.32,
            "price_fair": 0,
            "eps_avg_yearly": 0,
            "eps_latest_yearly": 0,
            "eps_growth_yearly": 0
        },
        "20192": {
            "year_quarter": 20192,
            "year": 2019,
            "quarter": 2,
            "eps": -0.86,
            "eps_growth_year": null,
            "eps_4q": -4.26,
            "eps_4q_growth_year": null,
            "roe": -13.91,
            "roe_4q": -53.97,
            "gross_profit": 16389,
            "gross_margin": 14.96,
            "gross_margin_4q_avg": -1461.78,
            "net_income": -180800,
            "revenue": 109569,
            "common_shares": 2105737,
            "book_valuer_per_share": 5.72,
            "book_valuer_per_share_4q_avg": 7.05,
            "equity": 1203742,
            "current_ratio": 98.91,
            "debt_ratio": 33.64,
            "inventory_turnover_ratio": 1.88,
            "account_receivable_turnover_ratio": 1.56,
            "reinvestment_rate": null,
            "research_to_sale_ratio": 9.73,
            "price_fair": 0,
            "eps_avg_yearly": 0,
            "eps_latest_yearly": 0,
            "eps_growth_yearly": 0
        },
        "20193": {
            "year_quarter": 20193,
            "year": 2019,
            "quarter": 3,
            "eps": -0.4,
            "eps_growth_year": null,
            "eps_4q": -2.61,
            "eps_4q_growth_year": null,
            "roe": -6.48,
            "roe_4q": -43.07,
            "gross_profit": 11539,
            "gross_margin": 6.98,
            "gross_margin_4q_avg": -1369.5,
            "net_income": -87201,
            "revenue": 165203,
            "common_shares": 2415737,
            "book_valuer_per_share": 6.16,
            "book_valuer_per_share_4q_avg": 6.4,
            "equity": 1487702,
            "current_ratio": 157.74,
            "debt_ratio": 28.43,
            "inventory_turnover_ratio": 2.66,
            "account_receivable_turnover_ratio": 2.23,
            "reinvestment_rate": null,
            "research_to_sale_ratio": 7.3,
            "price_fair": 0,
            "eps_avg_yearly": 0,
            "eps_latest_yearly": 0,
            "eps_growth_yearly": 0
        },
        "20194": {
            "year_quarter": 20194,
            "year": 2019,
            "quarter": 4,
            "eps": -0.42,
            "eps_growth_year": null,
            "eps_4q": -1.94,
            "eps_4q_growth_year": null,
            "roe": -7.15,
            "roe_4q": -34.269999999999996,
            "gross_profit": -11406,
            "gross_margin": -29.73,
            "gross_margin_4q_avg": -16.7,
            "net_income": -102446,
            "revenue": 38363,
            "common_shares": 2415737,
            "book_valuer_per_share": 5.7,
            "book_valuer_per_share_4q_avg": 6.05,
            "equity": 1376705,
            "current_ratio": 145.63,
            "debt_ratio": 26.88,
            "inventory_turnover_ratio": 0.63,
            "account_receivable_turnover_ratio": 0.4,
            "reinvestment_rate": null,
            "research_to_sale_ratio": 37.64,
            "price_fair": 0,
            "eps_avg_yearly": 0,
            "eps_latest_yearly": 0,
            "eps_growth_yearly": 0
        },
        "20201": {
            "year_quarter": 20201,
            "year": 2020,
            "quarter": 1,
            "eps": -0.37,
            "eps_growth_year": null,
            "eps_4q": -1.91,
            "eps_4q_growth_year": null,
            "roe": -6.76,
            "roe_4q": -34.3,
            "gross_profit": -36571,
            "gross_margin": -112.02,
            "gross_margin_4q_avg": -29.95,
            "net_income": -89975,
            "revenue": 32647,
            "common_shares": 2415737,
            "book_valuer_per_share": 5.32,
            "book_valuer_per_share_4q_avg": 5.73,
            "equity": 1285762,
            "current_ratio": 123.88,
            "debt_ratio": 29.72,
            "inventory_turnover_ratio": 0.81,
            "account_receivable_turnover_ratio": 0.33,
            "reinvestment_rate": null,
            "research_to_sale_ratio": 26.25,
            "price_fair": 0,
            "eps_avg_yearly": 0,
            "eps_latest_yearly": 0,
            "eps_growth_yearly": 0
        },
        "20202": {
            "year_quarter": 20202,
            "year": 2020,
            "quarter": 2,
            "eps": -0.95,
            "eps_growth_year": null,
            "eps_4q": -3.1,
            "eps_4q_growth_year": null,
            "roe": -10.07,
            "roe_4q": -30.459999999999997,
            "gross_profit": -53357,
            "gross_margin": -1168.32,
            "gross_margin_4q_avg": -325.77,
            "net_income": -123231,
            "revenue": 4567,
            "common_shares": 1300197,
            "book_valuer_per_share": 8.94,
            "book_valuer_per_share_4q_avg": 6.53,
            "equity": 1162192,
            "current_ratio": 104.86,
            "debt_ratio": 26.34,
            "inventory_turnover_ratio": 0.86,
            "account_receivable_turnover_ratio": 0.08,
            "reinvestment_rate": null,
            "research_to_sale_ratio": 206.68,
            "price_fair": 0,
            "eps_avg_yearly": 0,
            "eps_latest_yearly": 0,
            "eps_growth_yearly": 0
        },
        "20203": {
            "year_quarter": 20203,
            "year": 2020,
            "quarter": 3,
            "eps": -2.03,
            "eps_growth_year": null,
            "eps_4q": -3.92,
            "eps_4q_growth_year": null,
            "roe": -26.45,
            "roe_4q": -50.42999999999999,
            "gross_profit": -30673,
            "gross_margin": -61.4,
            "gross_margin_4q_avg": -342.87,
            "net_income": -312305,
            "revenue": 49959,
            "common_shares": 1600197,
            "book_valuer_per_share": 7.5,
            "book_valuer_per_share_4q_avg": 6.87,
            "equity": 1199679,
            "current_ratio": 242.6,
            "debt_ratio": 23.85,
            "inventory_turnover_ratio": 1.45,
            "account_receivable_turnover_ratio": 2.99,
            "reinvestment_rate": null,
            "research_to_sale_ratio": 20.58,
            "price_fair": 0,
            "eps_avg_yearly": 0,
            "eps_latest_yearly": 0,
            "eps_growth_yearly": 0
        },
        "20204": {
            "year_quarter": 20204,
            "year": 2020,
            "quarter": 4,
            "eps": -0.96,
            "eps_growth_year": null,
            "eps_4q": -4.24,
            "eps_4q_growth_year": null,
            "roe": -13.69,
            "roe_4q": -56.97,
            "gross_profit": -28590,
            "gross_margin": -51.48,
            "gross_margin_4q_avg": -348.31,
            "net_income": -153689,
            "revenue": 55534,
            "common_shares": 1600197,
            "book_valuer_per_share": 6.53,
            "book_valuer_per_share_4q_avg": 7.07,
            "equity": 1045411,
            "current_ratio": 183.47,
            "debt_ratio": 26.18,
            "inventory_turnover_ratio": 1.87,
            "account_receivable_turnover_ratio": 5.4,
            "reinvestment_rate": null,
            "research_to_sale_ratio": 28.36,
            "price_fair": 0,
            "eps_avg_yearly": 0,
            "eps_latest_yearly": 0,
            "eps_growth_yearly": 0
        },
        "20211": {
            "year_quarter": 20211,
            "year": 2021,
            "quarter": 1,
            "eps": -0.75,
            "eps_growth_year": null,
            "eps_4q": -4.43,
            "eps_4q_growth_year": null,
            "roe": -12.11,
            "roe_4q": -62.32,
            "gross_profit": -20538,
            "gross_margin": -45.7,
            "gross_margin_4q_avg": -331.73,
            "net_income": -119407,
            "revenue": 44936,
            "common_shares": 1600197,
            "book_valuer_per_share": 5.79,
            "book_valuer_per_share_4q_avg": 7.19,
            "equity": 926103,
            "current_ratio": 161.69,
            "debt_ratio": 28,
            "inventory_turnover_ratio": 1.66,
            "account_receivable_turnover_ratio": 3.85,
            "reinvestment_rate": null,
            "research_to_sale_ratio": 24.19,
            "price_fair": 0,
            "eps_avg_yearly": 0,
            "eps_latest_yearly": 0,
            "eps_growth_yearly": 0
        },
        "20212": {
            "year_quarter": 20212,
            "year": 2021,
            "quarter": 2,
            "eps": -3.41,
            "eps_growth_year": null,
            "eps_4q": -9.77,
            "eps_4q_growth_year": null,
            "roe": -40.86,
            "roe_4q": -93.11,
            "gross_profit": -21611,
            "gross_margin": -34.35,
            "gross_margin_4q_avg": -48.23,
            "net_income": -314258,
            "revenue": 62918,
            "common_shares": 920997,
            "book_valuer_per_share": 6.65,
            "book_valuer_per_share_4q_avg": 6.62,
            "equity": 612027,
            "current_ratio": 139.49,
            "debt_ratio": 43.46,
            "inventory_turnover_ratio": 2.18,
            "account_receivable_turnover_ratio": 5.95,
            "reinvestment_rate": null,
            "research_to_sale_ratio": 16.71,
            "price_fair": 0,
            "eps_avg_yearly": 0,
            "eps_latest_yearly": 0,
            "eps_growth_yearly": 0
        },
        "20213": {
            "year_quarter": 20213,
            "year": 2021,
            "quarter": 3,
            "eps": -0.14,
            "eps_growth_year": null,
            "eps_4q": -6.52,
            "eps_4q_growth_year": null,
            "roe": -2.13,
            "roe_4q": -68.79,
            "gross_profit": -12501,
            "gross_margin": -18.39,
            "gross_margin_4q_avg": -37.48,
            "net_income": -12974,
            "revenue": 67992,
            "common_shares": 920997,
            "book_valuer_per_share": 6.61,
            "book_valuer_per_share_4q_avg": 6.4,
            "equity": 608454,
            "current_ratio": 167.11,
            "debt_ratio": 44.25,
            "inventory_turnover_ratio": 2.05,
            "account_receivable_turnover_ratio": 4.84,
            "reinvestment_rate": null,
            "research_to_sale_ratio": 15.75,
            "price_fair": 0,
            "eps_avg_yearly": 0,
            "eps_latest_yearly": 0,
            "eps_growth_yearly": 0
        },
        "20214": {
            "year_quarter": 20214,
            "year": 2021,
            "quarter": 4,
            "eps": -1.87,
            "eps_growth_year": null,
            "eps_4q": -9.31,
            "eps_4q_growth_year": null,
            "roe": -20.28,
            "roe_4q": -75.38,
            "gross_profit": -17740,
            "gross_margin": -12.95,
            "gross_margin_4q_avg": -27.85,
            "net_income": -112047,
            "revenue": 137022,
            "common_shares": 600000,
            "book_valuer_per_share": 8.28,
            "book_valuer_per_share_4q_avg": 6.83,
            "equity": 496749,
            "current_ratio": 121.83,
            "debt_ratio": 54.64,
            "inventory_turnover_ratio": 2.83,
            "account_receivable_turnover_ratio": 4.45,
            "reinvestment_rate": null,
            "research_to_sale_ratio": 13.69,
            "price_fair": 0,
            "eps_avg_yearly": 0,
            "eps_latest_yearly": 0,
            "eps_growth_yearly": 0
        },
        "20221": {
            "year_quarter": 20221,
            "year": 2022,
            "quarter": 1,
            "eps": -1.69,
            "eps_growth_year": null,
            "eps_4q": -9.01,
            "eps_4q_growth_year": null,
            "roe": -22.19,
            "roe_4q": -85.46000000000001,
            "gross_profit": -14929,
            "gross_margin": -13.99,
            "gross_margin_4q_avg": -19.92,
            "net_income": -101473,
            "revenue": 106704,
            "common_shares": 600000,
            "book_valuer_per_share": 6.96,
            "book_valuer_per_share_4q_avg": 7.13,
            "equity": 417781,
            "current_ratio": 100.73,
            "debt_ratio": 63.53,
            "inventory_turnover_ratio": 1.53,
            "account_receivable_turnover_ratio": 2.49,
            "reinvestment_rate": null,
            "research_to_sale_ratio": 21.54,
            "price_fair": 0,
            "eps_avg_yearly": 0,
            "eps_latest_yearly": 0,
            "eps_growth_yearly": 0
        },
        "20222": {
            "year_quarter": 20222,
            "year": 2022,
            "quarter": 2,
            "eps": -1.31,
            "eps_growth_year": null,
            "eps_4q": -4.46,
            "eps_4q_growth_year": null,
            "roe": -12.78,
            "roe_4q": -57.38,
            "gross_profit": 5477,
            "gross_margin": 4.7,
            "gross_margin_4q_avg": -10.16,
            "net_income": -85693,
            "revenue": 116657,
            "common_shares": 700000,
            "book_valuer_per_share": 13.19,
            "book_valuer_per_share_4q_avg": 8.76,
            "equity": 923527,
            "current_ratio": 199.77,
            "debt_ratio": 37.92,
            "inventory_turnover_ratio": 0.88,
            "account_receivable_turnover_ratio": 2.44,
            "reinvestment_rate": null,
            "research_to_sale_ratio": 12.54,
            "price_fair": 0,
            "eps_avg_yearly": 0,
            "eps_latest_yearly": 0,
            "eps_growth_yearly": 0
        },
        "20223": {
            "year_quarter": 20223,
            "year": 2022,
            "quarter": 3,
            "eps": -1.8,
            "eps_growth_year": null,
            "eps_4q": -6.08,
            "eps_4q_growth_year": null,
            "roe": -14.65,
            "roe_4q": -69.9,
            "gross_profit": -31488,
            "gross_margin": -26.08,
            "gross_margin_4q_avg": -12.08,
            "net_income": -126124,
            "revenue": 120753,
            "common_shares": 700000,
            "book_valuer_per_share": 11.4,
            "book_valuer_per_share_4q_avg": 9.96,
            "equity": 797954,
            "current_ratio": 157.81,
            "debt_ratio": 44.78,
            "inventory_turnover_ratio": 0.67,
            "account_receivable_turnover_ratio": 2.31,
            "reinvestment_rate": null,
            "research_to_sale_ratio": 13.53,
            "price_fair": 0,
            "eps_avg_yearly": 0,
            "eps_latest_yearly": 0,
            "eps_growth_yearly": 0
        },
        "20224": {
            "year_quarter": 20224,
            "year": 2022,
            "quarter": 4,
            "eps": -1.21,
            "eps_growth_year": null,
            "eps_4q": -5.69,
            "eps_4q_growth_year": null,
            "roe": -11.22,
            "roe_4q": -60.84,
            "gross_profit": 59089,
            "gross_margin": 16.26,
            "gross_margin_4q_avg": -4.78,
            "net_income": -84809,
            "revenue": 363410,
            "common_shares": 700000,
            "book_valuer_per_share": 10.2,
            "book_valuer_per_share_4q_avg": 10.44,
            "equity": 713989,
            "current_ratio": 144.66,
            "debt_ratio": 45.08,
            "inventory_turnover_ratio": 1.13,
            "account_receivable_turnover_ratio": 5.76,
            "reinvestment_rate": null,
            "research_to_sale_ratio": 5.99,
            "price_fair": 0,
            "eps_avg_yearly": 0,
            "eps_latest_yearly": 0,
            "eps_growth_yearly": 0
        },
        "20231": {
            "year_quarter": 20231,
            "year": 2023,
            "quarter": 1,
            "eps": -1.37,
            "eps_growth_year": null,
            "eps_4q": -5.61,
            "eps_4q_growth_year": null,
            "roe": -14.45,
            "roe_4q": -53.1,
            "gross_profit": 43983,
            "gross_margin": 16.21,
            "gross_margin_4q_avg": 2.77,
            "net_income": -96144,
            "revenue": 271366,
            "common_shares": 700000,
            "book_valuer_per_share": 8.81,
            "book_valuer_per_share_4q_avg": 10.9,
            "equity": 616934,
            "current_ratio": 117.06,
            "debt_ratio": 56.97,
            "inventory_turnover_ratio": 0.74,
            "account_receivable_turnover_ratio": 3.54,
            "reinvestment_rate": null,
            "research_to_sale_ratio": 5.51,
            "price_fair": 0,
            "eps_avg_yearly": 0,
            "eps_latest_yearly": 0,
            "eps_growth_yearly": 0
        }
    },
    "months": {
        "2013-12": {
            "month": "2013-12",
            "price": "77.41",
            "revenue": 55838
        },
        "2014-01": {
            "month": "2014-01",
            "price": "67.45",
            "revenue": 47095
        },
        "2014-02": {
            "month": "2014-02",
            "price": "71.33",
            "revenue": 27860
        },
        "2014-03": {
            "month": "2014-03",
            "price": "82.23",
            "revenue": 45864
        },
        "2014-04": {
            "month": "2014-04",
            "price": "76.80",
            "revenue": 37295
        },
        "2014-05": {
            "month": "2014-05",
            "price": "70.85",
            "revenue": 50580
        },
        "2014-06": {
            "month": "2014-06",
            "price": "72.54",
            "revenue": 57233
        },
        "2014-07": {
            "month": "2014-07",
            "price": "70.35",
            "revenue": 83693
        },
        "2014-08": {
            "month": "2014-08",
            "price": "63.46",
            "revenue": 97445
        },
        "2014-09": {
            "month": "2014-09",
            "price": "63.53",
            "revenue": 94351
        },
        "2014-10": {
            "month": "2014-10",
            "price": "52.58",
            "revenue": 89669
        },
        "2014-11": {
            "month": "2014-11",
            "price": "43.26",
            "revenue": 107234
        },
        "2014-12": {
            "month": "2014-12",
            "price": "42.72",
            "revenue": 126504
        },
        "2015-01": {
            "month": "2015-01",
            "price": "39.67",
            "revenue": 104892
        },
        "2015-02": {
            "month": "2015-02",
            "price": "36.53",
            "revenue": 65784
        },
        "2015-03": {
            "month": "2015-03",
            "price": "34.80",
            "revenue": 107233
        },
        "2015-04": {
            "month": "2015-04",
            "price": "39.46",
            "revenue": 92455
        },
        "2015-05": {
            "month": "2015-05",
            "price": "37.84",
            "revenue": 87715
        },
        "2015-06": {
            "month": "2015-06",
            "price": "31.76",
            "revenue": 64295
        },
        "2015-07": {
            "month": "2015-07",
            "price": "29.17",
            "revenue": 94854
        },
        "2015-08": {
            "month": "2015-08",
            "price": "29.31",
            "revenue": 90252
        },
        "2015-09": {
            "month": "2015-09",
            "price": "33.20",
            "revenue": 91306
        },
        "2015-10": {
            "month": "2015-10",
            "price": "33.89",
            "revenue": 94783
        },
        "2015-11": {
            "month": "2015-11",
            "price": "35.32",
            "revenue": 98647
        },
        "2015-12": {
            "month": "2015-12",
            "price": "31.16",
            "revenue": 102436
        },
        "2016-01": {
            "month": "2016-01",
            "price": "28.21",
            "revenue": 96713
        },
        "2016-02": {
            "month": "2016-02",
            "price": "28.50",
            "revenue": 56805
        },
        "2016-03": {
            "month": "2016-03",
            "price": "30.30",
            "revenue": 97487
        },
        "2016-04": {
            "month": "2016-04",
            "price": "33.36",
            "revenue": 110611
        },
        "2016-05": {
            "month": "2016-05",
            "price": "33.50",
            "revenue": 125026
        },
        "2016-06": {
            "month": "2016-06",
            "price": "36.17",
            "revenue": 124805
        },
        "2016-07": {
            "month": "2016-07",
            "price": "35.90",
            "revenue": 119266
        },
        "2016-08": {
            "month": "2016-08",
            "price": "35.09",
            "revenue": 146761
        },
        "2016-09": {
            "month": "2016-09",
            "price": "40.57",
            "revenue": 130738
        },
        "2016-10": {
            "month": "2016-10",
            "price": "36.32",
            "revenue": 103853
        },
        "2016-11": {
            "month": "2016-11",
            "price": "31.96",
            "revenue": 112734
        },
        "2016-12": {
            "month": "2016-12",
            "price": "31.84",
            "revenue": 93482
        },
        "2017-01": {
            "month": "2017-01",
            "price": "31.03",
            "revenue": 63572
        },
        "2017-02": {
            "month": "2017-02",
            "price": "30.02",
            "revenue": 57163
        },
        "2017-03": {
            "month": "2017-03",
            "price": "30.07",
            "revenue": 82860
        },
        "2017-04": {
            "month": "2017-04",
            "price": "27.26",
            "revenue": 53168
        },
        "2017-05": {
            "month": "2017-05",
            "price": "23.40",
            "revenue": 63046
        },
        "2017-06": {
            "month": "2017-06",
            "price": "22.62",
            "revenue": 53944
        },
        "2017-07": {
            "month": "2017-07",
            "price": "21.04",
            "revenue": 58473
        },
        "2017-08": {
            "month": "2017-08",
            "price": "23.33",
            "revenue": 87376
        },
        "2017-09": {
            "month": "2017-09",
            "price": "27.11",
            "revenue": 52514
        },
        "2017-10": {
            "month": "2017-10",
            "price": "29.68",
            "revenue": 57012
        },
        "2017-11": {
            "month": "2017-11",
            "price": "27.40",
            "revenue": 92250
        },
        "2017-12": {
            "month": "2017-12",
            "price": "25.87",
            "revenue": 27104
        },
        "2018-01": {
            "month": "2018-01",
            "price": "25.17",
            "revenue": 43964
        },
        "2018-02": {
            "month": "2018-02",
            "price": "22.70",
            "revenue": 13643
        },
        "2018-03": {
            "month": "2018-03",
            "price": "26.03",
            "revenue": 9929
        },
        "2018-04": {
            "month": "2018-04",
            "price": "22.26",
            "revenue": 27608
        },
        "2018-05": {
            "month": "2018-05",
            "price": "21.99",
            "revenue": 25978
        },
        "2018-06": {
            "month": "2018-06",
            "price": "21.24",
            "revenue": 9594
        },
        "2018-07": {
            "month": "2018-07",
            "price": "20.05",
            "revenue": 7706
        },
        "2018-08": {
            "month": "2018-08",
            "price": "17.47",
            "revenue": 7562
        },
        "2018-09": {
            "month": "2018-09",
            "price": "16.93",
            "revenue": 3404
        },
        "2018-10": {
            "month": "2018-10",
            "price": "15.21",
            "revenue": 3997
        },
        "2018-11": {
            "month": "2018-11",
            "price": "14.19",
            "revenue": 12963
        },
        "2018-12": {
            "month": "2018-12",
            "price": "17.37",
            "revenue": 4005
        },
        "2019-01": {
            "month": "2019-01",
            "price": "18.54",
            "revenue": 19245
        },
        "2019-02": {
            "month": "2019-02",
            "price": "18.27",
            "revenue": 6469
        },
        "2019-03": {
            "month": "2019-03",
            "price": "16.36",
            "revenue": 49230
        },
        "2019-04": {
            "month": "2019-04",
            "price": "19.24",
            "revenue": 44412
        },
        "2019-05": {
            "month": "2019-05",
            "price": "18.23",
            "revenue": 46678
        },
        "2019-06": {
            "month": "2019-06",
            "price": "18.16",
            "revenue": 18479
        },
        "2019-07": {
            "month": "2019-07",
            "price": "17.21",
            "revenue": 53201
        },
        "2019-08": {
            "month": "2019-08",
            "price": "14.28",
            "revenue": 54709
        },
        "2019-09": {
            "month": "2019-09",
            "price": "14.79",
            "revenue": 57293
        },
        "2019-10": {
            "month": "2019-10",
            "price": "15.07",
            "revenue": 10154
        },
        "2019-11": {
            "month": "2019-11",
            "price": "15.12",
            "revenue": 8941
        },
        "2019-12": {
            "month": "2019-12",
            "price": "14.78",
            "revenue": 19268
        },
        "2020-01": {
            "month": "2020-01",
            "price": "15.55",
            "revenue": 18552
        },
        "2020-02": {
            "month": "2020-02",
            "price": "15.43",
            "revenue": 5728
        },
        "2020-03": {
            "month": "2020-03",
            "price": "10.09",
            "revenue": 8367
        },
        "2020-04": {
            "month": "2020-04",
            "price": "8.72",
            "revenue": 1649
        },
        "2020-05": {
            "month": "2020-05",
            "price": "9.43",
            "revenue": 1266
        },
        "2020-06": {
            "month": "2020-06",
            "price": "13.15",
            "revenue": 1652
        },
        "2020-07": {
            "month": "2020-07",
            "price": "15.96",
            "revenue": 22738
        },
        "2020-08": {
            "month": "2020-08",
            "price": "12.54",
            "revenue": 14425
        },
        "2020-09": {
            "month": "2020-09",
            "price": "15.42",
            "revenue": 12796
        },
        "2020-10": {
            "month": "2020-10",
            "price": "13.92",
            "revenue": 27902
        },
        "2020-11": {
            "month": "2020-11",
            "price": "15.56",
            "revenue": 14242
        },
        "2020-12": {
            "month": "2020-12",
            "price": "15.68",
            "revenue": 13390
        },
        "2021-01": {
            "month": "2021-01",
            "price": "15.09",
            "revenue": 17667
        },
        "2021-02": {
            "month": "2021-02",
            "price": "14.19",
            "revenue": 4598
        },
        "2021-03": {
            "month": "2021-03",
            "price": "11.33",
            "revenue": 22671
        },
        "2021-04": {
            "month": "2021-04",
            "price": "11.44",
            "revenue": 12453
        },
        "2021-05": {
            "month": "2021-05",
            "price": "9.95",
            "revenue": 41002
        },
        "2021-06": {
            "month": "2021-06",
            "price": "12.24",
            "revenue": 9463
        },
        "2021-07": {
            "month": "2021-07",
            "price": "24.65",
            "revenue": 22824
        },
        "2021-08": {
            "month": "2021-08",
            "price": "29.40",
            "revenue": 20642
        },
        "2021-09": {
            "month": "2021-09",
            "price": "29.34",
            "revenue": 24526
        },
        "2021-10": {
            "month": "2021-10",
            "price": "30.27",
            "revenue": 33458
        },
        "2021-11": {
            "month": "2021-11",
            "price": "44.70",
            "revenue": 47002
        },
        "2021-12": {
            "month": "2021-12",
            "price": "78.33",
            "revenue": 56562
        },
        "2022-01": {
            "month": "2022-01",
            "price": "90.74",
            "revenue": 40948
        },
        "2022-02": {
            "month": "2022-02",
            "price": "82.39",
            "revenue": 9832
        },
        "2022-03": {
            "month": "2022-03",
            "price": "84.34",
            "revenue": 55924
        },
        "2022-04": {
            "month": "2022-04",
            "price": "72.23",
            "revenue": 44499
        },
        "2022-05": {
            "month": "2022-05",
            "price": "67.35",
            "revenue": 35029
        },
        "2022-06": {
            "month": "2022-06",
            "price": "69.25",
            "revenue": 37129
        },
        "2022-07": {
            "month": "2022-07",
            "price": "53.72",
            "revenue": 32799
        },
        "2022-08": {
            "month": "2022-08",
            "price": "53.10",
            "revenue": 34142
        },
        "2022-09": {
            "month": "2022-09",
            "price": "55.91",
            "revenue": 53812
        },
        "2022-10": {
            "month": "2022-10",
            "price": "67.53",
            "revenue": 149180
        },
        "2022-11": {
            "month": "2022-11",
            "price": "73.93",
            "revenue": 61205
        },
        "2022-12": {
            "month": "2022-12",
            "price": "69.01",
            "revenue": 153025
        },
        "2023-01": {
            "month": "2023-01",
            "price": "69.28",
            "revenue": 38035
        },
        "2023-02": {
            "month": "2023-02",
            "price": "72.33",
            "revenue": 45965
        },
        "2023-03": {
            "month": "2023-03",
            "price": "67.52",
            "revenue": 187366
        },
        "2023-04": {
            "month": "2023-04",
            "price": "68.89",
            "revenue": 93077
        },
        "2023-05": {
            "month": "2023-05",
            "price": "73.45",
            "revenue": 83202
        }
    }
}
