{
    "summary": {
        "stock_name": "雷笛克光學",
        "stock_id": "5230",
        "category": "光電",
        "main_business": "照明設備製造業<br>光學儀器製造業<br>電子零組件製造業",
        "website_url": "http://www.ledlink-optics.com",
        "ceo": "唐德龍",
        "pe_ratio": -17,
        "report_year_from": 2010,
        "report_year_to": 2023,
        "age": 14,
        "eps_negative_percentage": 23,
        "eps_growth_avg": {
            "last_all": -21.61,
            "last_2y": -100,
            "last_4y": -85.56,
            "last_8y": -37.4,
            "last_12y": null,
            "last_16y": null,
            "last_20y": null,
            "at_2006_last_3y": null,
            "at_2007_last_3y": null,
            "at_2008_last_3y": null,
            "at_2009_last_3y": null,
            "at_2010_last_3y": null,
            "at_2011_last_3y": null,
            "at_2012_last_3y": null,
            "at_2013_last_3y": null,
            "at_2014_last_3y": null,
            "at_2015_last_3y": 17.19,
            "at_2016_last_3y": -6.96,
            "at_2017_last_3y": -2.35,
            "at_2018_last_3y": -1.28,
            "at_2019_last_3y": -21.21,
            "at_2020_last_3y": -47.05,
            "at_2021_last_3y": -63.46,
            "at_2022_last_3y": -85.56,
            "at_2023_last_3y": -100,
            "at_2024_last_3y": -100,
            "at_2006_last_all": null,
            "at_2007_last_all": null,
            "at_2008_last_all": null,
            "at_2009_last_all": null,
            "at_2010_last_all": null,
            "at_2011_last_all": null,
            "at_2012_last_all": null,
            "at_2013_last_all": 41.87,
            "at_2014_last_all": 15.24,
            "at_2015_last_all": 17.19,
            "at_2016_last_all": 14.43,
            "at_2017_last_all": 12.39,
            "at_2018_last_all": 5.8,
            "at_2019_last_all": -2.01,
            "at_2020_last_all": -12.89,
            "at_2021_last_all": -12.89,
            "at_2022_last_all": -21.61,
            "at_2023_last_all": -21.61,
            "at_2024_last_all": -21.61
        },
        "latest_eps": -1.42,
        "latest_price": 24.45,
        "latest_roe": -5.4,
        "latest_gross_margin": 31.81,
        "latest_equity": 1168236,
        "latest_revenue": 335788,
        "latest_gross_profit": 106812,
        "latest_net_income": 9997,
        "latest_debt_ratio": 51.7,
        "latest_current_ratio": 170.17,
        "latest_account_receivable_turnover_ratio": 0.87,
        "latest_inventory_turnover_ratio": 0.54,
        "latest_reinvestment_rate": 0.31,
        "latest_research_to_sale_ratio": 6.4
    },
    "eps_dividends": {
        "2001": {
            "cash": 0,
            "stock": 0,
            "eps": 0
        },
        "2002": {
            "cash": 0,
            "stock": 0,
            "eps": 0
        },
        "2003": {
            "cash": 0,
            "stock": 0,
            "eps": 0
        },
        "2004": {
            "cash": 0,
            "stock": 0,
            "eps": 0
        },
        "2005": {
            "cash": 0,
            "stock": 0,
            "eps": 0
        },
        "2006": {
            "cash": 0,
            "stock": 0,
            "eps": 0
        },
        "2007": {
            "cash": 0,
            "stock": 0,
            "eps": 0
        },
        "2008": {
            "cash": 0,
            "stock": 0,
            "eps": 0
        },
        "2009": {
            "cash": 0,
            "stock": 0,
            "eps": 0
        },
        "2010": {
            "cash": 0,
            "stock": 0,
            "eps": 0
        },
        "2011": {
            "cash": 0.75,
            "stock": 3,
            "eps": 0.98
        },
        "2012": {
            "cash": 1.15,
            "stock": 1.33,
            "eps": 4.18
        },
        "2013": {
            "cash": 1.97,
            "stock": 1.48,
            "eps": 3.5
        },
        "2014": {
            "cash": 2.46,
            "stock": 0.49,
            "eps": 2.17
        },
        "2015": {
            "cash": 1,
            "stock": 0.5,
            "eps": 2.67
        },
        "2016": {
            "cash": 1.1,
            "stock": 0.5,
            "eps": 2.76
        },
        "2017": {
            "cash": 1.2,
            "stock": 0.5,
            "eps": 2.82
        },
        "2018": {
            "cash": 1.8,
            "stock": 0,
            "eps": 1.87
        },
        "2019": {
            "cash": 1.2,
            "stock": 0,
            "eps": 0.81
        },
        "2020": {
            "cash": 0.6,
            "stock": 0,
            "eps": -0.05
        },
        "2021": {
            "cash": 0.6,
            "stock": 0,
            "eps": 1.28
        },
        "2022": {
            "cash": 0.8,
            "stock": 0,
            "eps": -0.31
        },
        "2023": {
            "cash": 0.8,
            "stock": 0,
            "eps": -0.21
        }
    },
    "dividends": {
        "2011-06-30": {
            "cash": 0.75,
            "stock": 3
        },
        "2012-06-25": {
            "cash": 1.15,
            "stock": 1.33
        },
        "2013-06-03": {
            "cash": 1.97,
            "stock": 1.48
        },
        "2014-10-08": {
            "cash": 2.46,
            "stock": 0.49
        },
        "2015-09-10": {
            "cash": 1,
            "stock": 0.5
        },
        "2016-08-17": {
            "cash": 1.1,
            "stock": 0.5
        },
        "2017-08-08": {
            "cash": 1.2,
            "stock": 0.5
        },
        "2018-07-26": {
            "cash": 1.8,
            "stock": 0
        },
        "2019-07-24": {
            "cash": 1.2,
            "stock": 0
        },
        "2020-07-03": {
            "cash": 0.6,
            "stock": 0
        },
        "2021-09-03": {
            "cash": 0.6,
            "stock": 0
        },
        "2022-07-20": {
            "cash": 0.8,
            "stock": 0
        },
        "2023-08-04": {
            "cash": 0.8,
            "stock": 0
        }
    },
    "prices": {
        "200101": "無",
        "200102": "無",
        "200103": "無",
        "200104": "無",
        "200105": "無",
        "200106": "無",
        "200107": "無",
        "200108": "無",
        "200109": "無",
        "200110": "無",
        "200111": "無",
        "200112": "無",
        "200201": "無",
        "200202": "無",
        "200203": "無",
        "200204": "無",
        "200205": "無",
        "200206": "無",
        "200207": "無",
        "200208": "無",
        "200209": "無",
        "200210": "無",
        "200211": "無",
        "200212": "無",
        "200301": "無",
        "200302": "無",
        "200303": "無",
        "200304": "無",
        "200305": "無",
        "200306": "無",
        "200307": "無",
        "200308": "無",
        "200309": "無",
        "200310": "無",
        "200311": "無",
        "200312": "無",
        "200401": "無",
        "200402": "無",
        "200403": "無",
        "200404": "無",
        "200405": "無",
        "200406": "無",
        "200407": "無",
        "200408": "無",
        "200409": "無",
        "200410": "無",
        "200411": "無",
        "200412": "無",
        "200501": "無",
        "200502": "無",
        "200503": "無",
        "200504": "無",
        "200505": "無",
        "200506": "無",
        "200507": "無",
        "200508": "無",
        "200509": "無",
        "200510": "無",
        "200511": "無",
        "200512": "無",
        "200601": "無",
        "200602": "無",
        "200603": "無",
        "200604": "無",
        "200605": "無",
        "200606": "無",
        "200607": "無",
        "200608": "無",
        "200609": "無",
        "200610": "無",
        "200611": "無",
        "200612": "無",
        "200701": "無",
        "200702": "無",
        "200703": "無",
        "200704": "無",
        "200705": "無",
        "200706": "無",
        "200707": "無",
        "200708": "無",
        "200709": "無",
        "200710": "無",
        "200711": "無",
        "200712": "無",
        "200801": "無",
        "200802": "無",
        "200803": "無",
        "200804": "無",
        "200805": "無",
        "200806": "無",
        "200807": "無",
        "200808": "無",
        "200809": "無",
        "200810": "無",
        "200811": "無",
        "200812": "無",
        "200901": "無",
        "200902": "無",
        "200903": "無",
        "200904": "無",
        "200905": "無",
        "200906": "無",
        "200907": "無",
        "200908": "無",
        "200909": "無",
        "200910": "無",
        "200911": "無",
        "200912": "無",
        "201001": "無",
        "201002": "無",
        "201003": "無",
        "201004": "無",
        "201005": "無",
        "201006": "無",
        "201007": "無",
        "201008": "無",
        "201009": "無",
        "201010": "無",
        "201011": "無",
        "201012": "無",
        "201101": "無",
        "201102": "無",
        "201103": "無",
        "201104": "無",
        "201105": "114.76",
        "201106": "119.20",
        "201107": "121.23",
        "201108": "78.44",
        "201109": "70.67",
        "201110": "67.84",
        "201111": "64.94",
        "201112": "54.58",
        "201201": "54.54",
        "201202": "69.60",
        "201203": "87.35",
        "201204": "88.24",
        "201205": "85.49",
        "201206": "69.48",
        "201207": "67.78",
        "201208": "67.02",
        "201209": "72.29",
        "201210": "70.32",
        "201211": "66.69",
        "201212": "68.39",
        "201301": "72.78",
        "201302": "81.12",
        "201303": "88.91",
        "201304": "87.41",
        "201305": "86.17",
        "201306": "86.95",
        "201307": "91.73",
        "201308": "83.41",
        "201309": "88.23",
        "201310": "84.40",
        "201311": "81.82",
        "201312": "87.25",
        "201401": "96.88",
        "201402": "90.72",
        "201403": "98.02",
        "201404": "95.46",
        "201405": "83.46",
        "201406": "80.58",
        "201407": "67.16",
        "201408": "59.28",
        "201409": "55.78",
        "201410": "49.98",
        "201411": "47.66",
        "201412": "50.32",
        "201501": "50.96",
        "201502": "49.23",
        "201503": "48.88",
        "201504": "51.72",
        "201505": "54.81",
        "201506": "54.50",
        "201507": "52.20",
        "201508": "45.32",
        "201509": "49.12",
        "201510": "54.90",
        "201511": "49.70",
        "201512": "50.22",
        "201601": "44.74",
        "201602": "45.53",
        "201603": "46.58",
        "201604": "50.40",
        "201605": "46.70",
        "201606": "44.11",
        "201607": "40.65",
        "201608": "39.24",
        "201609": "38.47",
        "201610": "38.62",
        "201611": "38.35",
        "201612": "43.56",
        "201701": "45.94",
        "201702": "43.68",
        "201703": "43.50",
        "201704": "44.37",
        "201705": "43.32",
        "201706": "42.31",
        "201707": "40.23",
        "201708": "45.18",
        "201709": "52.58",
        "201710": "49.47",
        "201711": "46.57",
        "201712": "43.31",
        "201801": "44.82",
        "201802": "42.90",
        "201803": "43.05",
        "201804": "41.04",
        "201805": "38.11",
        "201806": "38.76",
        "201807": "35.40",
        "201808": "35.18",
        "201809": "31.37",
        "201810": "29.19",
        "201811": "27.64",
        "201812": "27.75",
        "201901": "25.16",
        "201902": "26.32",
        "201903": "28.26",
        "201904": "28.82",
        "201905": "26.59",
        "201906": "25.13",
        "201907": "24.66",
        "201908": "24.07",
        "201909": "23.74",
        "201910": "23.61",
        "201911": "23.56",
        "201912": "25.14",
        "202001": "26.59",
        "202002": "24.58",
        "202003": "21.20",
        "202004": "22.18",
        "202005": "23.09",
        "202006": "22.61",
        "202007": "24.04",
        "202008": "23.74",
        "202009": "23.95",
        "202010": "23.93",
        "202011": "25.19",
        "202012": "26.70",
        "202101": "26.34",
        "202102": "25.77",
        "202103": "26.77",
        "202104": "31.16",
        "202105": "29.92",
        "202106": "28.81",
        "202107": "29.30",
        "202108": "29.44",
        "202109": "30.84",
        "202110": "28.50",
        "202111": "33.10",
        "202112": "33.02",
        "202201": "30.42",
        "202202": "29.07",
        "202203": "28.48",
        "202204": "27.60",
        "202205": "24.63",
        "202206": "23.92",
        "202207": "22.47",
        "202208": "23.78",
        "202209": "24.08",
        "202210": "22.94",
        "202211": "22.15",
        "202212": "22.99",
        "202301": "23.03",
        "202302": "23.51",
        "202303": "23.17",
        "202304": "22.84",
        "202305": "21.78",
        "202306": "22.52",
        "202307": "23.39",
        "202308": "21.28",
        "202309": "21.38",
        "202310": "21.27",
        "202311": "24.00",
        "202312": "27.55"
    },
    "quarters": {
        "20011": {
            "year_quarter": 20011,
            "year": 2001,
            "quarter": 1,
            "eps": null,
            "eps_growth_year": null,
            "eps_4q": null,
            "eps_4q_growth_year": null,
            "roe": null,
            "roe_4q": 0,
            "gross_profit": null,
            "gross_margin": null,
            "gross_margin_4q_avg": 0,
            "net_income": null,
            "net_income_4q": null,
            "revenue": null,
            "revenue_4q": null,
            "common_shares": null,
            "book_valuer_per_share": null,
            "book_valuer_per_share_4q_avg": 0,
            "equity": null,
            "current_ratio": null,
            "debt_ratio": null,
            "inventory_turnover_ratio": null,
            "account_receivable_turnover_ratio": null,
            "reinvestment_rate": null,
            "research_to_sale_ratio": null,
            "price_fair": 0,
            "eps_avg_yearly": 0,
            "eps_latest_yearly": 0,
            "eps_growth_yearly": 0
        },
        "20012": {
            "year_quarter": 20012,
            "year": 2001,
            "quarter": 2,
            "eps": null,
            "eps_growth_year": null,
            "eps_4q": null,
            "eps_4q_growth_year": null,
            "roe": null,
            "roe_4q": 0,
            "gross_profit": null,
            "gross_margin": null,
            "gross_margin_4q_avg": 0,
            "net_income": null,
            "net_income_4q": null,
            "revenue": null,
            "revenue_4q": null,
            "common_shares": null,
            "book_valuer_per_share": null,
            "book_valuer_per_share_4q_avg": 0,
            "equity": null,
            "current_ratio": null,
            "debt_ratio": null,
            "inventory_turnover_ratio": null,
            "account_receivable_turnover_ratio": null,
            "reinvestment_rate": null,
            "research_to_sale_ratio": null,
            "price_fair": 0,
            "eps_avg_yearly": 0,
            "eps_latest_yearly": 0,
            "eps_growth_yearly": 0
        },
        "20013": {
            "year_quarter": 20013,
            "year": 2001,
            "quarter": 3,
            "eps": null,
            "eps_growth_year": null,
            "eps_4q": null,
            "eps_4q_growth_year": null,
            "roe": null,
            "roe_4q": 0,
            "gross_profit": null,
            "gross_margin": null,
            "gross_margin_4q_avg": 0,
            "net_income": null,
            "net_income_4q": null,
            "revenue": null,
            "revenue_4q": null,
            "common_shares": null,
            "book_valuer_per_share": null,
            "book_valuer_per_share_4q_avg": 0,
            "equity": null,
            "current_ratio": null,
            "debt_ratio": null,
            "inventory_turnover_ratio": null,
            "account_receivable_turnover_ratio": null,
            "reinvestment_rate": null,
            "research_to_sale_ratio": null,
            "price_fair": 0,
            "eps_avg_yearly": 0,
            "eps_latest_yearly": 0,
            "eps_growth_yearly": 0
        },
        "20014": {
            "year_quarter": 20014,
            "year": 2001,
            "quarter": 4,
            "eps": null,
            "eps_growth_year": null,
            "eps_4q": null,
            "eps_4q_growth_year": null,
            "roe": null,
            "roe_4q": 0,
            "gross_profit": null,
            "gross_margin": null,
            "gross_margin_4q_avg": 0,
            "net_income": null,
            "net_income_4q": null,
            "revenue": null,
            "revenue_4q": null,
            "common_shares": null,
            "book_valuer_per_share": null,
            "book_valuer_per_share_4q_avg": 0,
            "equity": null,
            "current_ratio": null,
            "debt_ratio": null,
            "inventory_turnover_ratio": null,
            "account_receivable_turnover_ratio": null,
            "reinvestment_rate": null,
            "research_to_sale_ratio": null,
            "price_fair": 0,
            "eps_avg_yearly": 0,
            "eps_latest_yearly": 0,
            "eps_growth_yearly": 0
        },
        "20021": {
            "year_quarter": 20021,
            "year": 2002,
            "quarter": 1,
            "eps": null,
            "eps_growth_year": null,
            "eps_4q": null,
            "eps_4q_growth_year": null,
            "roe": null,
            "roe_4q": 0,
            "gross_profit": null,
            "gross_margin": null,
            "gross_margin_4q_avg": 0,
            "net_income": null,
            "net_income_4q": null,
            "revenue": null,
            "revenue_4q": null,
            "common_shares": null,
            "book_valuer_per_share": null,
            "book_valuer_per_share_4q_avg": 0,
            "equity": null,
            "current_ratio": null,
            "debt_ratio": null,
            "inventory_turnover_ratio": null,
            "account_receivable_turnover_ratio": null,
            "reinvestment_rate": null,
            "research_to_sale_ratio": null,
            "price_fair": 0,
            "eps_avg_yearly": 0,
            "eps_latest_yearly": 0,
            "eps_growth_yearly": 0
        },
        "20022": {
            "year_quarter": 20022,
            "year": 2002,
            "quarter": 2,
            "eps": null,
            "eps_growth_year": null,
            "eps_4q": null,
            "eps_4q_growth_year": null,
            "roe": null,
            "roe_4q": 0,
            "gross_profit": null,
            "gross_margin": null,
            "gross_margin_4q_avg": 0,
            "net_income": null,
            "net_income_4q": null,
            "revenue": null,
            "revenue_4q": null,
            "common_shares": null,
            "book_valuer_per_share": null,
            "book_valuer_per_share_4q_avg": 0,
            "equity": null,
            "current_ratio": null,
            "debt_ratio": null,
            "inventory_turnover_ratio": null,
            "account_receivable_turnover_ratio": null,
            "reinvestment_rate": null,
            "research_to_sale_ratio": null,
            "price_fair": 0,
            "eps_avg_yearly": 0,
            "eps_latest_yearly": 0,
            "eps_growth_yearly": 0
        },
        "20023": {
            "year_quarter": 20023,
            "year": 2002,
            "quarter": 3,
            "eps": null,
            "eps_growth_year": null,
            "eps_4q": null,
            "eps_4q_growth_year": null,
            "roe": null,
            "roe_4q": 0,
            "gross_profit": null,
            "gross_margin": null,
            "gross_margin_4q_avg": 0,
            "net_income": null,
            "net_income_4q": null,
            "revenue": null,
            "revenue_4q": null,
            "common_shares": null,
            "book_valuer_per_share": null,
            "book_valuer_per_share_4q_avg": 0,
            "equity": null,
            "current_ratio": null,
            "debt_ratio": null,
            "inventory_turnover_ratio": null,
            "account_receivable_turnover_ratio": null,
            "reinvestment_rate": null,
            "research_to_sale_ratio": null,
            "price_fair": 0,
            "eps_avg_yearly": 0,
            "eps_latest_yearly": 0,
            "eps_growth_yearly": 0
        },
        "20024": {
            "year_quarter": 20024,
            "year": 2002,
            "quarter": 4,
            "eps": null,
            "eps_growth_year": null,
            "eps_4q": null,
            "eps_4q_growth_year": null,
            "roe": null,
            "roe_4q": 0,
            "gross_profit": null,
            "gross_margin": null,
            "gross_margin_4q_avg": 0,
            "net_income": null,
            "net_income_4q": null,
            "revenue": null,
            "revenue_4q": null,
            "common_shares": null,
            "book_valuer_per_share": null,
            "book_valuer_per_share_4q_avg": 0,
            "equity": null,
            "current_ratio": null,
            "debt_ratio": null,
            "inventory_turnover_ratio": null,
            "account_receivable_turnover_ratio": null,
            "reinvestment_rate": null,
            "research_to_sale_ratio": null,
            "price_fair": 0,
            "eps_avg_yearly": 0,
            "eps_latest_yearly": 0,
            "eps_growth_yearly": 0
        },
        "20031": {
            "year_quarter": 20031,
            "year": 2003,
            "quarter": 1,
            "eps": null,
            "eps_growth_year": null,
            "eps_4q": null,
            "eps_4q_growth_year": null,
            "roe": null,
            "roe_4q": 0,
            "gross_profit": null,
            "gross_margin": null,
            "gross_margin_4q_avg": 0,
            "net_income": null,
            "net_income_4q": null,
            "revenue": null,
            "revenue_4q": null,
            "common_shares": null,
            "book_valuer_per_share": null,
            "book_valuer_per_share_4q_avg": 0,
            "equity": null,
            "current_ratio": null,
            "debt_ratio": null,
            "inventory_turnover_ratio": null,
            "account_receivable_turnover_ratio": null,
            "reinvestment_rate": null,
            "research_to_sale_ratio": null,
            "price_fair": 0,
            "eps_avg_yearly": 0,
            "eps_latest_yearly": 0,
            "eps_growth_yearly": 0
        },
        "20032": {
            "year_quarter": 20032,
            "year": 2003,
            "quarter": 2,
            "eps": null,
            "eps_growth_year": null,
            "eps_4q": null,
            "eps_4q_growth_year": null,
            "roe": null,
            "roe_4q": 0,
            "gross_profit": null,
            "gross_margin": null,
            "gross_margin_4q_avg": 0,
            "net_income": null,
            "net_income_4q": null,
            "revenue": null,
            "revenue_4q": null,
            "common_shares": null,
            "book_valuer_per_share": null,
            "book_valuer_per_share_4q_avg": 0,
            "equity": null,
            "current_ratio": null,
            "debt_ratio": null,
            "inventory_turnover_ratio": null,
            "account_receivable_turnover_ratio": null,
            "reinvestment_rate": null,
            "research_to_sale_ratio": null,
            "price_fair": 0,
            "eps_avg_yearly": 0,
            "eps_latest_yearly": 0,
            "eps_growth_yearly": 0
        },
        "20033": {
            "year_quarter": 20033,
            "year": 2003,
            "quarter": 3,
            "eps": null,
            "eps_growth_year": null,
            "eps_4q": null,
            "eps_4q_growth_year": null,
            "roe": null,
            "roe_4q": 0,
            "gross_profit": null,
            "gross_margin": null,
            "gross_margin_4q_avg": 0,
            "net_income": null,
            "net_income_4q": null,
            "revenue": null,
            "revenue_4q": null,
            "common_shares": null,
            "book_valuer_per_share": null,
            "book_valuer_per_share_4q_avg": 0,
            "equity": null,
            "current_ratio": null,
            "debt_ratio": null,
            "inventory_turnover_ratio": null,
            "account_receivable_turnover_ratio": null,
            "reinvestment_rate": null,
            "research_to_sale_ratio": null,
            "price_fair": 0,
            "eps_avg_yearly": 0,
            "eps_latest_yearly": 0,
            "eps_growth_yearly": 0
        },
        "20034": {
            "year_quarter": 20034,
            "year": 2003,
            "quarter": 4,
            "eps": null,
            "eps_growth_year": null,
            "eps_4q": null,
            "eps_4q_growth_year": null,
            "roe": null,
            "roe_4q": 0,
            "gross_profit": null,
            "gross_margin": null,
            "gross_margin_4q_avg": 0,
            "net_income": null,
            "net_income_4q": null,
            "revenue": null,
            "revenue_4q": null,
            "common_shares": null,
            "book_valuer_per_share": null,
            "book_valuer_per_share_4q_avg": 0,
            "equity": null,
            "current_ratio": null,
            "debt_ratio": null,
            "inventory_turnover_ratio": null,
            "account_receivable_turnover_ratio": null,
            "reinvestment_rate": null,
            "research_to_sale_ratio": null,
            "price_fair": 0,
            "eps_avg_yearly": 0,
            "eps_latest_yearly": 0,
            "eps_growth_yearly": 0
        },
        "20041": {
            "year_quarter": 20041,
            "year": 2004,
            "quarter": 1,
            "eps": null,
            "eps_growth_year": null,
            "eps_4q": null,
            "eps_4q_growth_year": null,
            "roe": null,
            "roe_4q": 0,
            "gross_profit": null,
            "gross_margin": null,
            "gross_margin_4q_avg": 0,
            "net_income": null,
            "net_income_4q": null,
            "revenue": null,
            "revenue_4q": null,
            "common_shares": null,
            "book_valuer_per_share": null,
            "book_valuer_per_share_4q_avg": 0,
            "equity": null,
            "current_ratio": null,
            "debt_ratio": null,
            "inventory_turnover_ratio": null,
            "account_receivable_turnover_ratio": null,
            "reinvestment_rate": null,
            "research_to_sale_ratio": null,
            "price_fair": 0,
            "eps_avg_yearly": 0,
            "eps_latest_yearly": 0,
            "eps_growth_yearly": 0
        },
        "20042": {
            "year_quarter": 20042,
            "year": 2004,
            "quarter": 2,
            "eps": null,
            "eps_growth_year": null,
            "eps_4q": null,
            "eps_4q_growth_year": null,
            "roe": null,
            "roe_4q": 0,
            "gross_profit": null,
            "gross_margin": null,
            "gross_margin_4q_avg": 0,
            "net_income": null,
            "net_income_4q": null,
            "revenue": null,
            "revenue_4q": null,
            "common_shares": null,
            "book_valuer_per_share": null,
            "book_valuer_per_share_4q_avg": 0,
            "equity": null,
            "current_ratio": null,
            "debt_ratio": null,
            "inventory_turnover_ratio": null,
            "account_receivable_turnover_ratio": null,
            "reinvestment_rate": null,
            "research_to_sale_ratio": null,
            "price_fair": 0,
            "eps_avg_yearly": 0,
            "eps_latest_yearly": 0,
            "eps_growth_yearly": 0
        },
        "20043": {
            "year_quarter": 20043,
            "year": 2004,
            "quarter": 3,
            "eps": null,
            "eps_growth_year": null,
            "eps_4q": null,
            "eps_4q_growth_year": null,
            "roe": null,
            "roe_4q": 0,
            "gross_profit": null,
            "gross_margin": null,
            "gross_margin_4q_avg": 0,
            "net_income": null,
            "net_income_4q": null,
            "revenue": null,
            "revenue_4q": null,
            "common_shares": null,
            "book_valuer_per_share": null,
            "book_valuer_per_share_4q_avg": 0,
            "equity": null,
            "current_ratio": null,
            "debt_ratio": null,
            "inventory_turnover_ratio": null,
            "account_receivable_turnover_ratio": null,
            "reinvestment_rate": null,
            "research_to_sale_ratio": null,
            "price_fair": 0,
            "eps_avg_yearly": 0,
            "eps_latest_yearly": 0,
            "eps_growth_yearly": 0
        },
        "20044": {
            "year_quarter": 20044,
            "year": 2004,
            "quarter": 4,
            "eps": null,
            "eps_growth_year": null,
            "eps_4q": null,
            "eps_4q_growth_year": null,
            "roe": null,
            "roe_4q": 0,
            "gross_profit": null,
            "gross_margin": null,
            "gross_margin_4q_avg": 0,
            "net_income": null,
            "net_income_4q": null,
            "revenue": null,
            "revenue_4q": null,
            "common_shares": null,
            "book_valuer_per_share": null,
            "book_valuer_per_share_4q_avg": 0,
            "equity": null,
            "current_ratio": null,
            "debt_ratio": null,
            "inventory_turnover_ratio": null,
            "account_receivable_turnover_ratio": null,
            "reinvestment_rate": null,
            "research_to_sale_ratio": null,
            "price_fair": 0,
            "eps_avg_yearly": 0,
            "eps_latest_yearly": 0,
            "eps_growth_yearly": 0
        },
        "20051": {
            "year_quarter": 20051,
            "year": 2005,
            "quarter": 1,
            "eps": null,
            "eps_growth_year": null,
            "eps_4q": null,
            "eps_4q_growth_year": null,
            "roe": null,
            "roe_4q": 0,
            "gross_profit": null,
            "gross_margin": null,
            "gross_margin_4q_avg": 0,
            "net_income": null,
            "net_income_4q": null,
            "revenue": null,
            "revenue_4q": null,
            "common_shares": null,
            "book_valuer_per_share": null,
            "book_valuer_per_share_4q_avg": 0,
            "equity": null,
            "current_ratio": null,
            "debt_ratio": null,
            "inventory_turnover_ratio": null,
            "account_receivable_turnover_ratio": null,
            "reinvestment_rate": null,
            "research_to_sale_ratio": null,
            "price_fair": 0,
            "eps_avg_yearly": 0,
            "eps_latest_yearly": 0,
            "eps_growth_yearly": 0
        },
        "20052": {
            "year_quarter": 20052,
            "year": 2005,
            "quarter": 2,
            "eps": null,
            "eps_growth_year": null,
            "eps_4q": null,
            "eps_4q_growth_year": null,
            "roe": null,
            "roe_4q": 0,
            "gross_profit": null,
            "gross_margin": null,
            "gross_margin_4q_avg": 0,
            "net_income": null,
            "net_income_4q": null,
            "revenue": null,
            "revenue_4q": null,
            "common_shares": null,
            "book_valuer_per_share": null,
            "book_valuer_per_share_4q_avg": 0,
            "equity": null,
            "current_ratio": null,
            "debt_ratio": null,
            "inventory_turnover_ratio": null,
            "account_receivable_turnover_ratio": null,
            "reinvestment_rate": null,
            "research_to_sale_ratio": null,
            "price_fair": 0,
            "eps_avg_yearly": 0,
            "eps_latest_yearly": 0,
            "eps_growth_yearly": 0
        },
        "20053": {
            "year_quarter": 20053,
            "year": 2005,
            "quarter": 3,
            "eps": null,
            "eps_growth_year": null,
            "eps_4q": null,
            "eps_4q_growth_year": null,
            "roe": null,
            "roe_4q": 0,
            "gross_profit": null,
            "gross_margin": null,
            "gross_margin_4q_avg": 0,
            "net_income": null,
            "net_income_4q": null,
            "revenue": null,
            "revenue_4q": null,
            "common_shares": null,
            "book_valuer_per_share": null,
            "book_valuer_per_share_4q_avg": 0,
            "equity": null,
            "current_ratio": null,
            "debt_ratio": null,
            "inventory_turnover_ratio": null,
            "account_receivable_turnover_ratio": null,
            "reinvestment_rate": null,
            "research_to_sale_ratio": null,
            "price_fair": 0,
            "eps_avg_yearly": 0,
            "eps_latest_yearly": 0,
            "eps_growth_yearly": 0
        },
        "20054": {
            "year_quarter": 20054,
            "year": 2005,
            "quarter": 4,
            "eps": null,
            "eps_growth_year": null,
            "eps_4q": null,
            "eps_4q_growth_year": null,
            "roe": null,
            "roe_4q": 0,
            "gross_profit": null,
            "gross_margin": null,
            "gross_margin_4q_avg": 0,
            "net_income": null,
            "net_income_4q": null,
            "revenue": null,
            "revenue_4q": null,
            "common_shares": null,
            "book_valuer_per_share": null,
            "book_valuer_per_share_4q_avg": 0,
            "equity": null,
            "current_ratio": null,
            "debt_ratio": null,
            "inventory_turnover_ratio": null,
            "account_receivable_turnover_ratio": null,
            "reinvestment_rate": null,
            "research_to_sale_ratio": null,
            "price_fair": 0,
            "eps_avg_yearly": 0,
            "eps_latest_yearly": 0,
            "eps_growth_yearly": 0
        },
        "20061": {
            "year_quarter": 20061,
            "year": 2006,
            "quarter": 1,
            "eps": null,
            "eps_growth_year": null,
            "eps_4q": null,
            "eps_4q_growth_year": null,
            "roe": null,
            "roe_4q": 0,
            "gross_profit": null,
            "gross_margin": null,
            "gross_margin_4q_avg": 0,
            "net_income": null,
            "net_income_4q": null,
            "revenue": null,
            "revenue_4q": null,
            "common_shares": null,
            "book_valuer_per_share": null,
            "book_valuer_per_share_4q_avg": 0,
            "equity": null,
            "current_ratio": null,
            "debt_ratio": null,
            "inventory_turnover_ratio": null,
            "account_receivable_turnover_ratio": null,
            "reinvestment_rate": null,
            "research_to_sale_ratio": null,
            "price_fair": 0,
            "eps_avg_yearly": 0,
            "eps_latest_yearly": 0,
            "eps_growth_yearly": 0
        },
        "20062": {
            "year_quarter": 20062,
            "year": 2006,
            "quarter": 2,
            "eps": null,
            "eps_growth_year": null,
            "eps_4q": null,
            "eps_4q_growth_year": null,
            "roe": null,
            "roe_4q": 0,
            "gross_profit": null,
            "gross_margin": null,
            "gross_margin_4q_avg": 0,
            "net_income": null,
            "net_income_4q": null,
            "revenue": null,
            "revenue_4q": null,
            "common_shares": null,
            "book_valuer_per_share": null,
            "book_valuer_per_share_4q_avg": 0,
            "equity": null,
            "current_ratio": null,
            "debt_ratio": null,
            "inventory_turnover_ratio": null,
            "account_receivable_turnover_ratio": null,
            "reinvestment_rate": null,
            "research_to_sale_ratio": null,
            "price_fair": 0,
            "eps_avg_yearly": 0,
            "eps_latest_yearly": 0,
            "eps_growth_yearly": 0
        },
        "20063": {
            "year_quarter": 20063,
            "year": 2006,
            "quarter": 3,
            "eps": null,
            "eps_growth_year": null,
            "eps_4q": null,
            "eps_4q_growth_year": null,
            "roe": null,
            "roe_4q": 0,
            "gross_profit": null,
            "gross_margin": null,
            "gross_margin_4q_avg": 0,
            "net_income": null,
            "net_income_4q": null,
            "revenue": null,
            "revenue_4q": null,
            "common_shares": null,
            "book_valuer_per_share": null,
            "book_valuer_per_share_4q_avg": 0,
            "equity": null,
            "current_ratio": null,
            "debt_ratio": null,
            "inventory_turnover_ratio": null,
            "account_receivable_turnover_ratio": null,
            "reinvestment_rate": null,
            "research_to_sale_ratio": null,
            "price_fair": 0,
            "eps_avg_yearly": 0,
            "eps_latest_yearly": 0,
            "eps_growth_yearly": 0
        },
        "20064": {
            "year_quarter": 20064,
            "year": 2006,
            "quarter": 4,
            "eps": null,
            "eps_growth_year": null,
            "eps_4q": null,
            "eps_4q_growth_year": null,
            "roe": null,
            "roe_4q": 0,
            "gross_profit": null,
            "gross_margin": null,
            "gross_margin_4q_avg": 0,
            "net_income": null,
            "net_income_4q": null,
            "revenue": null,
            "revenue_4q": null,
            "common_shares": null,
            "book_valuer_per_share": null,
            "book_valuer_per_share_4q_avg": 0,
            "equity": null,
            "current_ratio": null,
            "debt_ratio": null,
            "inventory_turnover_ratio": null,
            "account_receivable_turnover_ratio": null,
            "reinvestment_rate": null,
            "research_to_sale_ratio": null,
            "price_fair": 0,
            "eps_avg_yearly": 0,
            "eps_latest_yearly": 0,
            "eps_growth_yearly": 0
        },
        "20071": {
            "year_quarter": 20071,
            "year": 2007,
            "quarter": 1,
            "eps": null,
            "eps_growth_year": null,
            "eps_4q": null,
            "eps_4q_growth_year": null,
            "roe": null,
            "roe_4q": 0,
            "gross_profit": null,
            "gross_margin": null,
            "gross_margin_4q_avg": 0,
            "net_income": null,
            "net_income_4q": null,
            "revenue": null,
            "revenue_4q": null,
            "common_shares": null,
            "book_valuer_per_share": null,
            "book_valuer_per_share_4q_avg": 0,
            "equity": null,
            "current_ratio": null,
            "debt_ratio": null,
            "inventory_turnover_ratio": null,
            "account_receivable_turnover_ratio": null,
            "reinvestment_rate": null,
            "research_to_sale_ratio": null,
            "price_fair": 0,
            "eps_avg_yearly": 0,
            "eps_latest_yearly": 0,
            "eps_growth_yearly": 0
        },
        "20072": {
            "year_quarter": 20072,
            "year": 2007,
            "quarter": 2,
            "eps": null,
            "eps_growth_year": null,
            "eps_4q": null,
            "eps_4q_growth_year": null,
            "roe": null,
            "roe_4q": 0,
            "gross_profit": null,
            "gross_margin": null,
            "gross_margin_4q_avg": 0,
            "net_income": null,
            "net_income_4q": null,
            "revenue": null,
            "revenue_4q": null,
            "common_shares": null,
            "book_valuer_per_share": null,
            "book_valuer_per_share_4q_avg": 0,
            "equity": null,
            "current_ratio": null,
            "debt_ratio": null,
            "inventory_turnover_ratio": null,
            "account_receivable_turnover_ratio": null,
            "reinvestment_rate": null,
            "research_to_sale_ratio": null,
            "price_fair": 0,
            "eps_avg_yearly": 0,
            "eps_latest_yearly": 0,
            "eps_growth_yearly": 0
        },
        "20073": {
            "year_quarter": 20073,
            "year": 2007,
            "quarter": 3,
            "eps": null,
            "eps_growth_year": null,
            "eps_4q": null,
            "eps_4q_growth_year": null,
            "roe": null,
            "roe_4q": 0,
            "gross_profit": null,
            "gross_margin": null,
            "gross_margin_4q_avg": 0,
            "net_income": null,
            "net_income_4q": null,
            "revenue": null,
            "revenue_4q": null,
            "common_shares": null,
            "book_valuer_per_share": null,
            "book_valuer_per_share_4q_avg": 0,
            "equity": null,
            "current_ratio": null,
            "debt_ratio": null,
            "inventory_turnover_ratio": null,
            "account_receivable_turnover_ratio": null,
            "reinvestment_rate": null,
            "research_to_sale_ratio": null,
            "price_fair": 0,
            "eps_avg_yearly": 0,
            "eps_latest_yearly": 0,
            "eps_growth_yearly": 0
        },
        "20074": {
            "year_quarter": 20074,
            "year": 2007,
            "quarter": 4,
            "eps": null,
            "eps_growth_year": null,
            "eps_4q": null,
            "eps_4q_growth_year": null,
            "roe": null,
            "roe_4q": 0,
            "gross_profit": null,
            "gross_margin": null,
            "gross_margin_4q_avg": 0,
            "net_income": null,
            "net_income_4q": null,
            "revenue": null,
            "revenue_4q": null,
            "common_shares": null,
            "book_valuer_per_share": null,
            "book_valuer_per_share_4q_avg": 0,
            "equity": null,
            "current_ratio": null,
            "debt_ratio": null,
            "inventory_turnover_ratio": null,
            "account_receivable_turnover_ratio": null,
            "reinvestment_rate": null,
            "research_to_sale_ratio": null,
            "price_fair": 0,
            "eps_avg_yearly": 0,
            "eps_latest_yearly": 0,
            "eps_growth_yearly": 0
        },
        "20081": {
            "year_quarter": 20081,
            "year": 2008,
            "quarter": 1,
            "eps": null,
            "eps_growth_year": null,
            "eps_4q": null,
            "eps_4q_growth_year": null,
            "roe": null,
            "roe_4q": 0,
            "gross_profit": null,
            "gross_margin": null,
            "gross_margin_4q_avg": 0,
            "net_income": null,
            "net_income_4q": null,
            "revenue": null,
            "revenue_4q": null,
            "common_shares": null,
            "book_valuer_per_share": null,
            "book_valuer_per_share_4q_avg": 0,
            "equity": null,
            "current_ratio": null,
            "debt_ratio": null,
            "inventory_turnover_ratio": null,
            "account_receivable_turnover_ratio": null,
            "reinvestment_rate": null,
            "research_to_sale_ratio": null,
            "price_fair": 0,
            "eps_avg_yearly": 0,
            "eps_latest_yearly": 0,
            "eps_growth_yearly": 0
        },
        "20082": {
            "year_quarter": 20082,
            "year": 2008,
            "quarter": 2,
            "eps": null,
            "eps_growth_year": null,
            "eps_4q": null,
            "eps_4q_growth_year": null,
            "roe": null,
            "roe_4q": 0,
            "gross_profit": null,
            "gross_margin": null,
            "gross_margin_4q_avg": 0,
            "net_income": null,
            "net_income_4q": null,
            "revenue": null,
            "revenue_4q": null,
            "common_shares": null,
            "book_valuer_per_share": null,
            "book_valuer_per_share_4q_avg": 0,
            "equity": null,
            "current_ratio": null,
            "debt_ratio": null,
            "inventory_turnover_ratio": null,
            "account_receivable_turnover_ratio": null,
            "reinvestment_rate": null,
            "research_to_sale_ratio": null,
            "price_fair": 0,
            "eps_avg_yearly": 0,
            "eps_latest_yearly": 0,
            "eps_growth_yearly": 0
        },
        "20083": {
            "year_quarter": 20083,
            "year": 2008,
            "quarter": 3,
            "eps": null,
            "eps_growth_year": null,
            "eps_4q": null,
            "eps_4q_growth_year": null,
            "roe": null,
            "roe_4q": 0,
            "gross_profit": null,
            "gross_margin": null,
            "gross_margin_4q_avg": 0,
            "net_income": null,
            "net_income_4q": null,
            "revenue": null,
            "revenue_4q": null,
            "common_shares": null,
            "book_valuer_per_share": null,
            "book_valuer_per_share_4q_avg": 0,
            "equity": null,
            "current_ratio": null,
            "debt_ratio": null,
            "inventory_turnover_ratio": null,
            "account_receivable_turnover_ratio": null,
            "reinvestment_rate": null,
            "research_to_sale_ratio": null,
            "price_fair": 0,
            "eps_avg_yearly": 0,
            "eps_latest_yearly": 0,
            "eps_growth_yearly": 0
        },
        "20084": {
            "year_quarter": 20084,
            "year": 2008,
            "quarter": 4,
            "eps": null,
            "eps_growth_year": null,
            "eps_4q": null,
            "eps_4q_growth_year": null,
            "roe": null,
            "roe_4q": 0,
            "gross_profit": null,
            "gross_margin": null,
            "gross_margin_4q_avg": 0,
            "net_income": null,
            "net_income_4q": null,
            "revenue": null,
            "revenue_4q": null,
            "common_shares": 80000,
            "book_valuer_per_share": 10.09,
            "book_valuer_per_share_4q_avg": 2.52,
            "equity": 80716,
            "current_ratio": 359.84,
            "debt_ratio": 10.13,
            "inventory_turnover_ratio": null,
            "account_receivable_turnover_ratio": null,
            "reinvestment_rate": null,
            "research_to_sale_ratio": null,
            "price_fair": 0,
            "eps_avg_yearly": 0,
            "eps_latest_yearly": 0,
            "eps_growth_yearly": 0
        },
        "20091": {
            "year_quarter": 20091,
            "year": 2009,
            "quarter": 1,
            "eps": null,
            "eps_growth_year": null,
            "eps_4q": null,
            "eps_4q_growth_year": null,
            "roe": null,
            "roe_4q": 0,
            "gross_profit": null,
            "gross_margin": null,
            "gross_margin_4q_avg": 0,
            "net_income": null,
            "net_income_4q": null,
            "revenue": null,
            "revenue_4q": null,
            "common_shares": null,
            "book_valuer_per_share": null,
            "book_valuer_per_share_4q_avg": 2.52,
            "equity": null,
            "current_ratio": null,
            "debt_ratio": null,
            "inventory_turnover_ratio": null,
            "account_receivable_turnover_ratio": null,
            "reinvestment_rate": null,
            "research_to_sale_ratio": null,
            "price_fair": 0,
            "eps_avg_yearly": 0,
            "eps_latest_yearly": 0,
            "eps_growth_yearly": 0
        },
        "20092": {
            "year_quarter": 20092,
            "year": 2009,
            "quarter": 2,
            "eps": null,
            "eps_growth_year": null,
            "eps_4q": null,
            "eps_4q_growth_year": null,
            "roe": null,
            "roe_4q": 0,
            "gross_profit": null,
            "gross_margin": null,
            "gross_margin_4q_avg": 0,
            "net_income": null,
            "net_income_4q": null,
            "revenue": null,
            "revenue_4q": null,
            "common_shares": null,
            "book_valuer_per_share": null,
            "book_valuer_per_share_4q_avg": 2.52,
            "equity": null,
            "current_ratio": null,
            "debt_ratio": null,
            "inventory_turnover_ratio": null,
            "account_receivable_turnover_ratio": null,
            "reinvestment_rate": null,
            "research_to_sale_ratio": null,
            "price_fair": 0,
            "eps_avg_yearly": 0,
            "eps_latest_yearly": 0,
            "eps_growth_yearly": 0
        },
        "20093": {
            "year_quarter": 20093,
            "year": 2009,
            "quarter": 3,
            "eps": null,
            "eps_growth_year": null,
            "eps_4q": null,
            "eps_4q_growth_year": null,
            "roe": null,
            "roe_4q": 0,
            "gross_profit": null,
            "gross_margin": null,
            "gross_margin_4q_avg": 0,
            "net_income": null,
            "net_income_4q": null,
            "revenue": null,
            "revenue_4q": null,
            "common_shares": null,
            "book_valuer_per_share": null,
            "book_valuer_per_share_4q_avg": 2.52,
            "equity": null,
            "current_ratio": null,
            "debt_ratio": null,
            "inventory_turnover_ratio": null,
            "account_receivable_turnover_ratio": null,
            "reinvestment_rate": null,
            "research_to_sale_ratio": null,
            "price_fair": 0,
            "eps_avg_yearly": 0,
            "eps_latest_yearly": 0,
            "eps_growth_yearly": 0
        },
        "20094": {
            "year_quarter": 20094,
            "year": 2009,
            "quarter": 4,
            "eps": null,
            "eps_growth_year": null,
            "eps_4q": null,
            "eps_4q_growth_year": null,
            "roe": null,
            "roe_4q": 0,
            "gross_profit": null,
            "gross_margin": null,
            "gross_margin_4q_avg": 0,
            "net_income": null,
            "net_income_4q": null,
            "revenue": null,
            "revenue_4q": null,
            "common_shares": 100000,
            "book_valuer_per_share": 11.76,
            "book_valuer_per_share_4q_avg": 2.94,
            "equity": 117572,
            "current_ratio": 124.65,
            "debt_ratio": 44.05,
            "inventory_turnover_ratio": null,
            "account_receivable_turnover_ratio": null,
            "reinvestment_rate": null,
            "research_to_sale_ratio": null,
            "price_fair": 0,
            "eps_avg_yearly": 0,
            "eps_latest_yearly": 0,
            "eps_growth_yearly": 0
        },
        "20101": {
            "year_quarter": 20101,
            "year": 2010,
            "quarter": 1,
            "eps": null,
            "eps_growth_year": null,
            "eps_4q": null,
            "eps_4q_growth_year": null,
            "roe": null,
            "roe_4q": 0,
            "gross_profit": null,
            "gross_margin": null,
            "gross_margin_4q_avg": 0,
            "net_income": null,
            "net_income_4q": null,
            "revenue": null,
            "revenue_4q": null,
            "common_shares": null,
            "book_valuer_per_share": null,
            "book_valuer_per_share_4q_avg": 2.94,
            "equity": null,
            "current_ratio": null,
            "debt_ratio": null,
            "inventory_turnover_ratio": null,
            "account_receivable_turnover_ratio": null,
            "reinvestment_rate": null,
            "research_to_sale_ratio": null,
            "price_fair": 0,
            "eps_avg_yearly": 0,
            "eps_latest_yearly": 0,
            "eps_growth_yearly": 0
        },
        "20102": {
            "year_quarter": 20102,
            "year": 2010,
            "quarter": 2,
            "eps": null,
            "eps_growth_year": null,
            "eps_4q": null,
            "eps_4q_growth_year": null,
            "roe": null,
            "roe_4q": 0,
            "gross_profit": null,
            "gross_margin": null,
            "gross_margin_4q_avg": 0,
            "net_income": null,
            "net_income_4q": null,
            "revenue": null,
            "revenue_4q": null,
            "common_shares": 135000,
            "book_valuer_per_share": null,
            "book_valuer_per_share_4q_avg": 2.94,
            "equity": 268082,
            "current_ratio": null,
            "debt_ratio": null,
            "inventory_turnover_ratio": null,
            "account_receivable_turnover_ratio": null,
            "reinvestment_rate": null,
            "research_to_sale_ratio": null,
            "price_fair": 0,
            "eps_avg_yearly": 0,
            "eps_latest_yearly": 0,
            "eps_growth_yearly": 0
        },
        "20103": {
            "year_quarter": 20103,
            "year": 2010,
            "quarter": 3,
            "eps": null,
            "eps_growth_year": null,
            "eps_4q": null,
            "eps_4q_growth_year": null,
            "roe": null,
            "roe_4q": 0,
            "gross_profit": 76625,
            "gross_margin": null,
            "gross_margin_4q_avg": 0,
            "net_income": 30666,
            "net_income_4q": null,
            "revenue": 124116,
            "revenue_4q": null,
            "common_shares": 149622,
            "book_valuer_per_share": 19.72,
            "book_valuer_per_share_4q_avg": 7.87,
            "equity": 295103,
            "current_ratio": 162.91,
            "debt_ratio": 39.83,
            "inventory_turnover_ratio": null,
            "account_receivable_turnover_ratio": null,
            "reinvestment_rate": null,
            "research_to_sale_ratio": null,
            "price_fair": 0,
            "eps_avg_yearly": 0,
            "eps_latest_yearly": 0,
            "eps_growth_yearly": 0
        },
        "20104": {
            "year_quarter": 20104,
            "year": 2010,
            "quarter": 4,
            "eps": null,
            "eps_growth_year": null,
            "eps_4q": null,
            "eps_4q_growth_year": null,
            "roe": null,
            "roe_4q": 0,
            "gross_profit": 69855,
            "gross_margin": null,
            "gross_margin_4q_avg": 0,
            "net_income": 23848,
            "net_income_4q": null,
            "revenue": 134922,
            "revenue_4q": null,
            "common_shares": 179622,
            "book_valuer_per_share": 21.73,
            "book_valuer_per_share_4q_avg": 10.36,
            "equity": 390328,
            "current_ratio": 181.39,
            "debt_ratio": 32.7,
            "inventory_turnover_ratio": null,
            "account_receivable_turnover_ratio": null,
            "reinvestment_rate": null,
            "research_to_sale_ratio": null,
            "price_fair": 0,
            "eps_avg_yearly": 0,
            "eps_latest_yearly": 0,
            "eps_growth_yearly": 0
        },
        "20111": {
            "year_quarter": 20111,
            "year": 2011,
            "quarter": 1,
            "eps": null,
            "eps_growth_year": null,
            "eps_4q": null,
            "eps_4q_growth_year": null,
            "roe": null,
            "roe_4q": 0,
            "gross_profit": 69255,
            "gross_margin": null,
            "gross_margin_4q_avg": 0,
            "net_income": 14874,
            "net_income_4q": null,
            "revenue": 114892,
            "revenue_4q": null,
            "common_shares": 209622,
            "book_valuer_per_share": 32.48,
            "book_valuer_per_share_4q_avg": 18.48,
            "equity": 680952,
            "current_ratio": 307.12,
            "debt_ratio": 22.87,
            "inventory_turnover_ratio": null,
            "account_receivable_turnover_ratio": null,
            "reinvestment_rate": null,
            "research_to_sale_ratio": null,
            "price_fair": 0,
            "eps_avg_yearly": 0,
            "eps_latest_yearly": 0,
            "eps_growth_yearly": 0
        },
        "20112": {
            "year_quarter": 20112,
            "year": 2011,
            "quarter": 2,
            "eps": 0.98,
            "eps_growth_year": null,
            "eps_4q": 0.98,
            "eps_4q_growth_year": null,
            "roe": 3.94,
            "roe_4q": 3.94,
            "gross_profit": 85186,
            "gross_margin": 52.55,
            "gross_margin_4q_avg": 13.14,
            "net_income": 27208,
            "net_income_4q": null,
            "revenue": 162119,
            "revenue_4q": null,
            "common_shares": 209622,
            "book_valuer_per_share": 33.44,
            "book_valuer_per_share_4q_avg": 26.84,
            "equity": 700876,
            "current_ratio": 243.67,
            "debt_ratio": 24.79,
            "inventory_turnover_ratio": 0.84,
            "account_receivable_turnover_ratio": 2.29,
            "reinvestment_rate": null,
            "research_to_sale_ratio": null,
            "price_fair": 0,
            "eps_avg_yearly": 0,
            "eps_latest_yearly": 0,
            "eps_growth_yearly": 0
        },
        "20113": {
            "year_quarter": 20113,
            "year": 2011,
            "quarter": 3,
            "eps": null,
            "eps_growth_year": null,
            "eps_4q": null,
            "eps_4q_growth_year": null,
            "roe": null,
            "roe_4q": 3.94,
            "gross_profit": 89865,
            "gross_margin": null,
            "gross_margin_4q_avg": 13.14,
            "net_income": 29528,
            "net_income_4q": null,
            "revenue": 196387,
            "revenue_4q": null,
            "common_shares": 278517,
            "book_valuer_per_share": 27.76,
            "book_valuer_per_share_4q_avg": 28.85,
            "equity": 773166,
            "current_ratio": 155.77,
            "debt_ratio": 27.56,
            "inventory_turnover_ratio": null,
            "account_receivable_turnover_ratio": null,
            "reinvestment_rate": null,
            "research_to_sale_ratio": null,
            "price_fair": 0,
            "eps_avg_yearly": 0,
            "eps_latest_yearly": 0,
            "eps_growth_yearly": 0
        },
        "20114": {
            "year_quarter": 20114,
            "year": 2011,
            "quarter": 4,
            "eps": null,
            "eps_growth_year": null,
            "eps_4q": null,
            "eps_4q_growth_year": null,
            "roe": null,
            "roe_4q": 3.94,
            "gross_profit": 79698,
            "gross_margin": null,
            "gross_margin_4q_avg": 13.14,
            "net_income": 7952,
            "net_income_4q": null,
            "revenue": 178352,
            "revenue_4q": null,
            "common_shares": 278517,
            "book_valuer_per_share": 28.1,
            "book_valuer_per_share_4q_avg": 30.45,
            "equity": 782770,
            "current_ratio": 156.98,
            "debt_ratio": 31.91,
            "inventory_turnover_ratio": null,
            "account_receivable_turnover_ratio": null,
            "reinvestment_rate": null,
            "research_to_sale_ratio": null,
            "price_fair": 0,
            "eps_avg_yearly": 0,
            "eps_latest_yearly": 0,
            "eps_growth_yearly": 0
        },
        "20121": {
            "year_quarter": 20121,
            "year": 2012,
            "quarter": 1,
            "eps": 0.37,
            "eps_growth_year": null,
            "eps_4q": 1.35,
            "eps_4q_growth_year": null,
            "roe": 1.33,
            "roe_4q": 5.27,
            "gross_profit": 78646,
            "gross_margin": 45.49,
            "gross_margin_4q_avg": 24.51,
            "net_income": 10365,
            "net_income_4q": null,
            "revenue": 172887,
            "revenue_4q": null,
            "common_shares": 278517,
            "book_valuer_per_share": 28.03,
            "book_valuer_per_share_4q_avg": 29.33,
            "equity": 780722,
            "current_ratio": 157.68,
            "debt_ratio": 33.89,
            "inventory_turnover_ratio": 1.16,
            "account_receivable_turnover_ratio": 1.34,
            "reinvestment_rate": null,
            "research_to_sale_ratio": 9.64,
            "price_fair": 0,
            "eps_avg_yearly": 0,
            "eps_latest_yearly": 0,
            "eps_growth_yearly": 0
        },
        "20122": {
            "year_quarter": 20122,
            "year": 2012,
            "quarter": 2,
            "eps": 1.3,
            "eps_growth_year": 32.59,
            "eps_4q": 1.59,
            "eps_4q_growth_year": 62.34,
            "roe": 5.16,
            "roe_4q": 6.49,
            "gross_profit": 108732,
            "gross_margin": 47.75,
            "gross_margin_4q_avg": 23.31,
            "net_income": 46191,
            "net_income_4q": null,
            "revenue": 227734,
            "revenue_4q": null,
            "common_shares": 314837,
            "book_valuer_per_share": 32.04,
            "book_valuer_per_share_4q_avg": 28.98,
            "equity": 1008652,
            "current_ratio": 184.05,
            "debt_ratio": 33.92,
            "inventory_turnover_ratio": 1.66,
            "account_receivable_turnover_ratio": 1.51,
            "reinvestment_rate": null,
            "research_to_sale_ratio": 8.91,
            "price_fair": 182,
            "eps_avg_yearly": 5.2,
            "eps_latest_yearly": 5.2,
            "eps_growth_yearly": 1005.41
        },
        "20123": {
            "year_quarter": 20123,
            "year": 2012,
            "quarter": 3,
            "eps": 1.26,
            "eps_growth_year": null,
            "eps_4q": 2.85,
            "eps_4q_growth_year": null,
            "roe": 4.41,
            "roe_4q": 10.9,
            "gross_profit": 123580,
            "gross_margin": 51.02,
            "gross_margin_4q_avg": 36.07,
            "net_income": 45099,
            "net_income_4q": null,
            "revenue": 242216,
            "revenue_4q": null,
            "common_shares": 356614,
            "book_valuer_per_share": 29.08,
            "book_valuer_per_share_4q_avg": 29.31,
            "equity": 1037087,
            "current_ratio": 197.9,
            "debt_ratio": 26.13,
            "inventory_turnover_ratio": 1.75,
            "account_receivable_turnover_ratio": 1.32,
            "reinvestment_rate": null,
            "research_to_sale_ratio": 7.81,
            "price_fair": 179.2,
            "eps_avg_yearly": 5.12,
            "eps_latest_yearly": 5.04,
            "eps_growth_yearly": 496.55
        },
        "20124": {
            "year_quarter": 20124,
            "year": 2012,
            "quarter": 4,
            "eps": 1.25,
            "eps_growth_year": null,
            "eps_4q": 4.1,
            "eps_4q_growth_year": null,
            "roe": 4.19,
            "roe_4q": 15.090000000000002,
            "gross_profit": 126397,
            "gross_margin": 51.57,
            "gross_margin_4q_avg": 48.96,
            "net_income": 44413,
            "net_income_4q": null,
            "revenue": 245111,
            "revenue_4q": null,
            "common_shares": 356614,
            "book_valuer_per_share": 30.32,
            "book_valuer_per_share_4q_avg": 29.87,
            "equity": 1081239,
            "current_ratio": 131.65,
            "debt_ratio": 33.62,
            "inventory_turnover_ratio": 1.55,
            "account_receivable_turnover_ratio": 1.18,
            "reinvestment_rate": null,
            "research_to_sale_ratio": 8.36,
            "price_fair": 177.8,
            "eps_avg_yearly": 5.08,
            "eps_latest_yearly": 5,
            "eps_growth_yearly": 329.97
        },
        "20131": {
            "year_quarter": 20131,
            "year": 2013,
            "quarter": 1,
            "eps": 0.64,
            "eps_growth_year": 72.97,
            "eps_4q": 4.44,
            "eps_4q_growth_year": 229.28,
            "roe": 2.06,
            "roe_4q": 15.82,
            "gross_profit": 98562,
            "gross_margin": 43.34,
            "gross_margin_4q_avg": 48.42,
            "net_income": 22711,
            "net_income_4q": null,
            "revenue": 227417,
            "revenue_4q": null,
            "common_shares": 356614,
            "book_valuer_per_share": 31.62,
            "book_valuer_per_share_4q_avg": 30.77,
            "equity": 1127564,
            "current_ratio": 114.72,
            "debt_ratio": 34.81,
            "inventory_turnover_ratio": 1.29,
            "account_receivable_turnover_ratio": 0.99,
            "reinvestment_rate": null,
            "research_to_sale_ratio": 8,
            "price_fair": 155.75,
            "eps_avg_yearly": 4.45,
            "eps_latest_yearly": 2.56,
            "eps_growth_yearly": 198.68
        },
        "20132": {
            "year_quarter": 20132,
            "year": 2013,
            "quarter": 2,
            "eps": 1.51,
            "eps_growth_year": 16.58,
            "eps_4q": 4.01,
            "eps_4q_growth_year": 153.16,
            "roe": 4.79,
            "roe_4q": 15.45,
            "gross_profit": 144295,
            "gross_margin": 46.59,
            "gross_margin_4q_avg": 48.13,
            "net_income": 54295,
            "net_income_4q": null,
            "revenue": 309692,
            "revenue_4q": null,
            "common_shares": 361264,
            "book_valuer_per_share": 31.58,
            "book_valuer_per_share_4q_avg": 30.65,
            "equity": 1141029,
            "current_ratio": 96.53,
            "debt_ratio": 42.93,
            "inventory_turnover_ratio": 1.32,
            "account_receivable_turnover_ratio": 1.11,
            "reinvestment_rate": null,
            "research_to_sale_ratio": 8,
            "price_fair": 166.88,
            "eps_avg_yearly": 4.77,
            "eps_latest_yearly": 6.04,
            "eps_growth_yearly": 267.69
        },
        "20133": {
            "year_quarter": 20133,
            "year": 2013,
            "quarter": 3,
            "eps": 0.75,
            "eps_growth_year": -40.69,
            "eps_4q": 3.68,
            "eps_4q_growth_year": 29.07,
            "roe": 2.69,
            "roe_4q": 13.73,
            "gross_profit": 129318,
            "gross_margin": 42.22,
            "gross_margin_4q_avg": 45.93,
            "net_income": 31173,
            "net_income_4q": null,
            "revenue": 306295,
            "revenue_4q": null,
            "common_shares": 414756,
            "book_valuer_per_share": 28.33,
            "book_valuer_per_share_4q_avg": 30.46,
            "equity": 1175124,
            "current_ratio": 122.02,
            "debt_ratio": 46.21,
            "inventory_turnover_ratio": 1.41,
            "account_receivable_turnover_ratio": 0.96,
            "reinvestment_rate": null,
            "research_to_sale_ratio": 8.08,
            "price_fair": 156.57,
            "eps_avg_yearly": 4.47,
            "eps_latest_yearly": 3,
            "eps_growth_yearly": 189.52
        },
        "20134": {
            "year_quarter": 20134,
            "year": 2013,
            "quarter": 4,
            "eps": 0.6,
            "eps_growth_year": -51.83,
            "eps_4q": 3.21,
            "eps_4q_growth_year": -21.67,
            "roe": 2.08,
            "roe_4q": 11.62,
            "gross_profit": 124864,
            "gross_margin": 41.04,
            "gross_margin_4q_avg": 43.3,
            "net_income": 24882,
            "net_income_4q": null,
            "revenue": 304262,
            "revenue_4q": null,
            "common_shares": 414756,
            "book_valuer_per_share": 29.29,
            "book_valuer_per_share_4q_avg": 30.21,
            "equity": 1215007,
            "current_ratio": 104.62,
            "debt_ratio": 49.49,
            "inventory_turnover_ratio": 1.34,
            "account_receivable_turnover_ratio": 0.92,
            "reinvestment_rate": null,
            "research_to_sale_ratio": 9.34,
            "price_fair": 146.2,
            "eps_avg_yearly": 4.18,
            "eps_latest_yearly": 2.4,
            "eps_growth_yearly": 151.02
        },
        "20141": {
            "year_quarter": 20141,
            "year": 2014,
            "quarter": 1,
            "eps": 0.3,
            "eps_growth_year": -53.12,
            "eps_4q": 2.9,
            "eps_4q_growth_year": -34.72,
            "roe": 0.98,
            "roe_4q": 10.54,
            "gross_profit": 116332,
            "gross_margin": 40.48,
            "gross_margin_4q_avg": 42.58,
            "net_income": 12335,
            "net_income_4q": null,
            "revenue": 287384,
            "revenue_4q": null,
            "common_shares": 420421,
            "book_valuer_per_share": 31,
            "book_valuer_per_share_4q_avg": 30.05,
            "equity": 1303259,
            "current_ratio": 100.63,
            "debt_ratio": 46.6,
            "inventory_turnover_ratio": 1.01,
            "account_receivable_turnover_ratio": 0.87,
            "reinvestment_rate": null,
            "research_to_sale_ratio": 7.87,
            "price_fair": 133.18,
            "eps_avg_yearly": 3.81,
            "eps_latest_yearly": 1.2,
            "eps_growth_yearly": 107.14
        },
        "20142": {
            "year_quarter": 20142,
            "year": 2014,
            "quarter": 2,
            "eps": 0.76,
            "eps_growth_year": -49.67,
            "eps_4q": 2.24,
            "eps_4q_growth_year": -44.21,
            "roe": 2.54,
            "roe_4q": 8.29,
            "gross_profit": 142230,
            "gross_margin": 38.32,
            "gross_margin_4q_avg": 40.52,
            "net_income": 31958,
            "net_income_4q": null,
            "revenue": 371153,
            "revenue_4q": null,
            "common_shares": 420421,
            "book_valuer_per_share": 28.93,
            "book_valuer_per_share_4q_avg": 29.39,
            "equity": 1216482,
            "current_ratio": 82.61,
            "debt_ratio": 50.42,
            "inventory_turnover_ratio": 1.19,
            "account_receivable_turnover_ratio": 1.12,
            "reinvestment_rate": 377.44,
            "research_to_sale_ratio": 8.21,
            "price_fair": 130.2,
            "eps_avg_yearly": 3.72,
            "eps_latest_yearly": 3.04,
            "eps_growth_yearly": 163.39
        },
        "20143": {
            "year_quarter": 20143,
            "year": 2014,
            "quarter": 3,
            "eps": 0.62,
            "eps_growth_year": -17.33,
            "eps_4q": 2.17,
            "eps_4q_growth_year": -41.14,
            "roe": 2.26,
            "roe_4q": 7.859999999999999,
            "gross_profit": 129683,
            "gross_margin": 37.2,
            "gross_margin_4q_avg": 39.26,
            "net_income": 28017,
            "net_income_4q": null,
            "revenue": 348572,
            "revenue_4q": null,
            "common_shares": 448814,
            "book_valuer_per_share": 28.25,
            "book_valuer_per_share_4q_avg": 29.37,
            "equity": 1267954,
            "current_ratio": 73.02,
            "debt_ratio": 50.26,
            "inventory_turnover_ratio": 1.16,
            "account_receivable_turnover_ratio": 1.04,
            "reinvestment_rate": 385.1,
            "research_to_sale_ratio": 8.78,
            "price_fair": 125.86,
            "eps_avg_yearly": 3.6,
            "eps_latest_yearly": 2.48,
            "eps_growth_yearly": 139.68
        },
        "20144": {
            "year_quarter": 20144,
            "year": 2014,
            "quarter": 4,
            "eps": 0.49,
            "eps_growth_year": -17.88,
            "eps_4q": 2.1,
            "eps_4q_growth_year": -34.42,
            "roe": 1.69,
            "roe_4q": 7.470000000000001,
            "gross_profit": 119644,
            "gross_margin": 37.11,
            "gross_margin_4q_avg": 38.28,
            "net_income": 22112,
            "net_income_4q": null,
            "revenue": 322373,
            "revenue_4q": null,
            "common_shares": 448814,
            "book_valuer_per_share": 29.98,
            "book_valuer_per_share_4q_avg": 29.54,
            "equity": 1345426,
            "current_ratio": 71.41,
            "debt_ratio": 48.3,
            "inventory_turnover_ratio": 1.11,
            "account_receivable_turnover_ratio": 1.01,
            "reinvestment_rate": 378.31,
            "research_to_sale_ratio": 9.39,
            "price_fair": 120.65,
            "eps_avg_yearly": 3.45,
            "eps_latest_yearly": 1.96,
            "eps_growth_yearly": 119.36
        },
        "20151": {
            "year_quarter": 20151,
            "year": 2015,
            "quarter": 1,
            "eps": 0.35,
            "eps_growth_year": 16.67,
            "eps_4q": 2.18,
            "eps_4q_growth_year": -24.88,
            "roe": 1.17,
            "roe_4q": 7.659999999999999,
            "gross_profit": 111337,
            "gross_margin": 37.58,
            "gross_margin_4q_avg": 37.55,
            "net_income": 15672,
            "net_income_4q": null,
            "revenue": 296305,
            "revenue_4q": null,
            "common_shares": 448814,
            "book_valuer_per_share": 29.89,
            "book_valuer_per_share_4q_avg": 29.26,
            "equity": 1341534,
            "current_ratio": 72.49,
            "debt_ratio": 45.74,
            "inventory_turnover_ratio": 1,
            "account_receivable_turnover_ratio": 1,
            "reinvestment_rate": 364.44,
            "research_to_sale_ratio": 7.25,
            "price_fair": 114.68,
            "eps_avg_yearly": 3.28,
            "eps_latest_yearly": 1.4,
            "eps_growth_yearly": 99.89
        },
        "20152": {
            "year_quarter": 20152,
            "year": 2015,
            "quarter": 2,
            "eps": 1.06,
            "eps_growth_year": 39.47,
            "eps_4q": 2.41,
            "eps_4q_growth_year": 7.5,
            "roe": 3.57,
            "roe_4q": 8.69,
            "gross_profit": 150334,
            "gross_margin": 38.6,
            "gross_margin_4q_avg": 37.62,
            "net_income": 47673,
            "net_income_4q": null,
            "revenue": 389454,
            "revenue_4q": null,
            "common_shares": 448814,
            "book_valuer_per_share": 29.63,
            "book_valuer_per_share_4q_avg": 29.44,
            "equity": 1329995,
            "current_ratio": 91.02,
            "debt_ratio": 47.58,
            "inventory_turnover_ratio": 1.33,
            "account_receivable_turnover_ratio": 1.2,
            "reinvestment_rate": 175.36,
            "research_to_sale_ratio": 6.5,
            "price_fair": 117.28,
            "eps_avg_yearly": 3.35,
            "eps_latest_yearly": 4.24,
            "eps_growth_yearly": 154.62
        },
        "20153": {
            "year_quarter": 20153,
            "year": 2015,
            "quarter": 3,
            "eps": 0.72,
            "eps_growth_year": 16.13,
            "eps_4q": 2.53,
            "eps_4q_growth_year": 16.87,
            "roe": 2.47,
            "roe_4q": 8.9,
            "gross_profit": 147596,
            "gross_margin": 38.3,
            "gross_margin_4q_avg": 37.9,
            "net_income": 33807,
            "net_income_4q": null,
            "revenue": 385380,
            "revenue_4q": null,
            "common_shares": 471255,
            "book_valuer_per_share": 29.48,
            "book_valuer_per_share_4q_avg": 29.75,
            "equity": 1403101,
            "current_ratio": 99.57,
            "debt_ratio": 46.46,
            "inventory_turnover_ratio": 1.35,
            "account_receivable_turnover_ratio": 0.94,
            "reinvestment_rate": 259.97,
            "research_to_sale_ratio": 6.35,
            "price_fair": 116.1,
            "eps_avg_yearly": 3.32,
            "eps_latest_yearly": 2.88,
            "eps_growth_yearly": 134.41
        },
        "20154": {
            "year_quarter": 20154,
            "year": 2015,
            "quarter": 4,
            "eps": 0.54,
            "eps_growth_year": 10.15,
            "eps_4q": 2.6,
            "eps_4q_growth_year": 23.79,
            "roe": 1.82,
            "roe_4q": 9.03,
            "gross_profit": 140384,
            "gross_margin": 37.37,
            "gross_margin_4q_avg": 37.96,
            "net_income": 25574,
            "net_income_4q": null,
            "revenue": 375661,
            "revenue_4q": null,
            "common_shares": 471255,
            "book_valuer_per_share": 29.79,
            "book_valuer_per_share_4q_avg": 29.7,
            "equity": 1404089,
            "current_ratio": 113.4,
            "debt_ratio": 44.51,
            "inventory_turnover_ratio": 1.46,
            "account_receivable_turnover_ratio": 0.88,
            "reinvestment_rate": 75.33,
            "research_to_sale_ratio": 6.17,
            "price_fair": 113.4,
            "eps_avg_yearly": 3.24,
            "eps_latest_yearly": 2.16,
            "eps_growth_yearly": 118.78
        },
        "20161": {
            "year_quarter": 20161,
            "year": 2016,
            "quarter": 1,
            "eps": 0.49,
            "eps_growth_year": 40,
            "eps_4q": 2.76,
            "eps_4q_growth_year": 26.64,
            "roe": 1.64,
            "roe_4q": 9.5,
            "gross_profit": 120024,
            "gross_margin": 39.74,
            "gross_margin_4q_avg": 38.5,
            "net_income": 22938,
            "net_income_4q": null,
            "revenue": 302037,
            "revenue_4q": null,
            "common_shares": 471255,
            "book_valuer_per_share": 29.72,
            "book_valuer_per_share_4q_avg": 29.66,
            "equity": 1400428,
            "current_ratio": 110.03,
            "debt_ratio": 43.41,
            "inventory_turnover_ratio": 1.15,
            "account_receivable_turnover_ratio": 0.78,
            "reinvestment_rate": 52.5,
            "research_to_sale_ratio": 5.91,
            "price_fair": 110.6,
            "eps_avg_yearly": 3.16,
            "eps_latest_yearly": 1.96,
            "eps_growth_yearly": 109.05
        },
        "20162": {
            "year_quarter": 20162,
            "year": 2016,
            "quarter": 2,
            "eps": 0.51,
            "eps_growth_year": -51.89,
            "eps_4q": 2.17,
            "eps_4q_growth_year": -9.79,
            "roe": 1.84,
            "roe_4q": 7.77,
            "gross_profit": 136480,
            "gross_margin": 40.28,
            "gross_margin_4q_avg": 38.92,
            "net_income": 25167,
            "net_income_4q": null,
            "revenue": 338835,
            "revenue_4q": null,
            "common_shares": 471255,
            "book_valuer_per_share": 28.31,
            "book_valuer_per_share_4q_avg": 29.33,
            "equity": 1333895,
            "current_ratio": 104.15,
            "debt_ratio": 41.73,
            "inventory_turnover_ratio": 1.29,
            "account_receivable_turnover_ratio": 0.9,
            "reinvestment_rate": -3.52,
            "research_to_sale_ratio": 6.68,
            "price_fair": 103.69,
            "eps_avg_yearly": 2.96,
            "eps_latest_yearly": 2.04,
            "eps_growth_yearly": 47.23
        },
        "20163": {
            "year_quarter": 20163,
            "year": 2016,
            "quarter": 3,
            "eps": 0.74,
            "eps_growth_year": 2.78,
            "eps_4q": 2.23,
            "eps_4q_growth_year": -12,
            "roe": 2.76,
            "roe_4q": 8.059999999999999,
            "gross_profit": 143392,
            "gross_margin": 42.97,
            "gross_margin_4q_avg": 40.09,
            "net_income": 36515,
            "net_income_4q": null,
            "revenue": 333727,
            "revenue_4q": null,
            "common_shares": 494818,
            "book_valuer_per_share": 26.46,
            "book_valuer_per_share_4q_avg": 28.57,
            "equity": 1309441,
            "current_ratio": 113.2,
            "debt_ratio": 41.51,
            "inventory_turnover_ratio": 1.32,
            "account_receivable_turnover_ratio": 0.86,
            "reinvestment_rate": -53.69,
            "research_to_sale_ratio": 5.72,
            "price_fair": 99.14,
            "eps_avg_yearly": 2.83,
            "eps_latest_yearly": 2.96,
            "eps_growth_yearly": 59.27
        },
        "20164": {
            "year_quarter": 20164,
            "year": 2016,
            "quarter": 4,
            "eps": 1.02,
            "eps_growth_year": 87.84,
            "eps_4q": 2.73,
            "eps_4q_growth_year": 4.81,
            "roe": 3.8,
            "roe_4q": 10.040000000000001,
            "gross_profit": 151920,
            "gross_margin": 43.27,
            "gross_margin_4q_avg": 41.57,
            "net_income": 50440,
            "net_income_4q": null,
            "revenue": 351101,
            "revenue_4q": null,
            "common_shares": 494818,
            "book_valuer_per_share": 27.18,
            "book_valuer_per_share_4q_avg": 27.92,
            "equity": 1344744,
            "current_ratio": 96.36,
            "debt_ratio": 37.96,
            "inventory_turnover_ratio": 1.43,
            "account_receivable_turnover_ratio": 0.88,
            "reinvestment_rate": -90.79,
            "research_to_sale_ratio": 5.22,
            "price_fair": 97.13,
            "eps_avg_yearly": 2.78,
            "eps_latest_yearly": 4.08,
            "eps_growth_yearly": 68.93
        },
        "20171": {
            "year_quarter": 20171,
            "year": 2017,
            "quarter": 1,
            "eps": 0.52,
            "eps_growth_year": 6.12,
            "eps_4q": 2.78,
            "eps_4q_growth_year": 0.94,
            "roe": 1.96,
            "roe_4q": 10.36,
            "gross_profit": 124536,
            "gross_margin": 43.68,
            "gross_margin_4q_avg": 42.55,
            "net_income": 25659,
            "net_income_4q": null,
            "revenue": 285094,
            "revenue_4q": null,
            "common_shares": 494818,
            "book_valuer_per_share": 25.78,
            "book_valuer_per_share_4q_avg": 26.93,
            "equity": 1275450,
            "current_ratio": 117.02,
            "debt_ratio": 37.74,
            "inventory_turnover_ratio": 1.1,
            "account_receivable_turnover_ratio": 0.72,
            "reinvestment_rate": 30.54,
            "research_to_sale_ratio": 5,
            "price_fair": 96.08,
            "eps_avg_yearly": 2.75,
            "eps_latest_yearly": 2.08,
            "eps_growth_yearly": 68.87
        },
        "20172": {
            "year_quarter": 20172,
            "year": 2017,
            "quarter": 2,
            "eps": 0.97,
            "eps_growth_year": 90.2,
            "eps_4q": 3.13,
            "eps_4q_growth_year": 44.23,
            "roe": 3.89,
            "roe_4q": 12.409999999999998,
            "gross_profit": 143988,
            "gross_margin": 45.69,
            "gross_margin_4q_avg": 43.9,
            "net_income": 50165,
            "net_income_4q": null,
            "revenue": 315108,
            "revenue_4q": null,
            "common_shares": 494818,
            "book_valuer_per_share": 26.29,
            "book_valuer_per_share_4q_avg": 26.43,
            "equity": 1300833,
            "current_ratio": 138.17,
            "debt_ratio": 39.68,
            "inventory_turnover_ratio": 1.09,
            "account_receivable_turnover_ratio": 0.8,
            "reinvestment_rate": -7.87,
            "research_to_sale_ratio": 6.32,
            "price_fair": 91.35,
            "eps_avg_yearly": 2.61,
            "eps_latest_yearly": 3.88,
            "eps_growth_yearly": 56.53
        },
        "20173": {
            "year_quarter": 20173,
            "year": 2017,
            "quarter": 3,
            "eps": 0.8,
            "eps_growth_year": 8.11,
            "eps_4q": 3.23,
            "eps_4q_growth_year": 45.14,
            "roe": 3.12,
            "roe_4q": 12.77,
            "gross_profit": 139922,
            "gross_margin": 43.78,
            "gross_margin_4q_avg": 44.11,
            "net_income": 41671,
            "net_income_4q": null,
            "revenue": 319614,
            "revenue_4q": null,
            "common_shares": 519559,
            "book_valuer_per_share": 26.32,
            "book_valuer_per_share_4q_avg": 26.39,
            "equity": 1367300,
            "current_ratio": 159.25,
            "debt_ratio": 35.64,
            "inventory_turnover_ratio": 1.12,
            "account_receivable_turnover_ratio": 0.82,
            "reinvestment_rate": -34.28,
            "research_to_sale_ratio": 7.42,
            "price_fair": 91.79,
            "eps_avg_yearly": 2.62,
            "eps_latest_yearly": 3.2,
            "eps_growth_yearly": 64.73
        },
        "20174": {
            "year_quarter": 20174,
            "year": 2017,
            "quarter": 4,
            "eps": 0.53,
            "eps_growth_year": -47.66,
            "eps_4q": 2.79,
            "eps_4q_growth_year": 2.4,
            "roe": 2.01,
            "roe_4q": 10.98,
            "gross_profit": 131172,
            "gross_margin": 41.75,
            "gross_margin_4q_avg": 43.73,
            "net_income": 27719,
            "net_income_4q": null,
            "revenue": 314215,
            "revenue_4q": null,
            "common_shares": 519559,
            "book_valuer_per_share": 26.78,
            "book_valuer_per_share_4q_avg": 26.29,
            "equity": 1391604,
            "current_ratio": 159.05,
            "debt_ratio": 34.38,
            "inventory_turnover_ratio": 1.16,
            "account_receivable_turnover_ratio": 0.85,
            "reinvestment_rate": -68.01,
            "research_to_sale_ratio": 6.85,
            "price_fair": 91.18,
            "eps_avg_yearly": 2.61,
            "eps_latest_yearly": 2.12,
            "eps_growth_yearly": 61.29
        },
        "20181": {
            "year_quarter": 20181,
            "year": 2018,
            "quarter": 1,
            "eps": 0.37,
            "eps_growth_year": -28.85,
            "eps_4q": 2.67,
            "eps_4q_growth_year": -3.94,
            "roe": 1.37,
            "roe_4q": 10.39,
            "gross_profit": 119011,
            "gross_margin": 40.99,
            "gross_margin_4q_avg": 43.05,
            "net_income": 19419,
            "net_income_4q": null,
            "revenue": 290309,
            "revenue_4q": null,
            "common_shares": 519559,
            "book_valuer_per_share": 27.65,
            "book_valuer_per_share_4q_avg": 26.76,
            "equity": 1436388,
            "current_ratio": 173.29,
            "debt_ratio": 35.23,
            "inventory_turnover_ratio": 1.02,
            "account_receivable_turnover_ratio": 0.8,
            "reinvestment_rate": -71.1,
            "research_to_sale_ratio": 4.84,
            "price_fair": 91.79,
            "eps_avg_yearly": 2.62,
            "eps_latest_yearly": 1.48,
            "eps_growth_yearly": 66.24
        },
        "20182": {
            "year_quarter": 20182,
            "year": 2018,
            "quarter": 2,
            "eps": 0.63,
            "eps_growth_year": -35.05,
            "eps_4q": 2.34,
            "eps_4q_growth_year": -25.35,
            "roe": 2.33,
            "roe_4q": 8.83,
            "gross_profit": 122719,
            "gross_margin": 39.05,
            "gross_margin_4q_avg": 41.39,
            "net_income": 32710,
            "net_income_4q": null,
            "revenue": 314289,
            "revenue_4q": null,
            "common_shares": 519559,
            "book_valuer_per_share": 26.39,
            "book_valuer_per_share_4q_avg": 26.79,
            "equity": 1371080,
            "current_ratio": 165.84,
            "debt_ratio": 37.25,
            "inventory_turnover_ratio": 1.05,
            "account_receivable_turnover_ratio": 0.85,
            "reinvestment_rate": -87.42,
            "research_to_sale_ratio": 6.19,
            "price_fair": 90.65,
            "eps_avg_yearly": 2.59,
            "eps_latest_yearly": 2.52,
            "eps_growth_yearly": 45.48
        },
        "20183": {
            "year_quarter": 20183,
            "year": 2018,
            "quarter": 3,
            "eps": 0.69,
            "eps_growth_year": -13.75,
            "eps_4q": 2.23,
            "eps_4q_growth_year": -31.03,
            "roe": 2.63,
            "roe_4q": 8.34,
            "gross_profit": 131069,
            "gross_margin": 41.63,
            "gross_margin_4q_avg": 40.86,
            "net_income": 35676,
            "net_income_4q": null,
            "revenue": 314834,
            "revenue_4q": null,
            "common_shares": 519559,
            "book_valuer_per_share": 25.87,
            "book_valuer_per_share_4q_avg": 26.67,
            "equity": 1340581,
            "current_ratio": 189.51,
            "debt_ratio": 34.36,
            "inventory_turnover_ratio": 1.01,
            "account_receivable_turnover_ratio": 0.84,
            "reinvestment_rate": -113.31,
            "research_to_sale_ratio": 6.11,
            "price_fair": 91.26,
            "eps_avg_yearly": 2.61,
            "eps_latest_yearly": 2.76,
            "eps_growth_yearly": 52.46
        },
        "20184": {
            "year_quarter": 20184,
            "year": 2018,
            "quarter": 4,
            "eps": 0.18,
            "eps_growth_year": -66.04,
            "eps_4q": 1.9,
            "eps_4q_growth_year": -31.87,
            "roe": 0.69,
            "roe_4q": 7.0200000000000005,
            "gross_profit": 102939,
            "gross_margin": 35.45,
            "gross_margin_4q_avg": 39.28,
            "net_income": 9232,
            "net_income_4q": null,
            "revenue": 290360,
            "revenue_4q": null,
            "common_shares": 519559,
            "book_valuer_per_share": 26.31,
            "book_valuer_per_share_4q_avg": 26.56,
            "equity": 1340724,
            "current_ratio": 263.58,
            "debt_ratio": 34.75,
            "inventory_turnover_ratio": 1.13,
            "account_receivable_turnover_ratio": 0.77,
            "reinvestment_rate": -121.96,
            "research_to_sale_ratio": 6.85,
            "price_fair": 88.55,
            "eps_avg_yearly": 2.53,
            "eps_latest_yearly": 0.72,
            "eps_growth_yearly": 39.23
        },
        "20191": {
            "year_quarter": 20191,
            "year": 2019,
            "quarter": 1,
            "eps": 0.16,
            "eps_growth_year": -56.76,
            "eps_4q": 1.68,
            "eps_4q_growth_year": -37.15,
            "roe": 0.59,
            "roe_4q": 6.24,
            "gross_profit": 95615,
            "gross_margin": 39.91,
            "gross_margin_4q_avg": 39.01,
            "net_income": 8046,
            "net_income_4q": null,
            "revenue": 239584,
            "revenue_4q": null,
            "common_shares": 509559,
            "book_valuer_per_share": 27.06,
            "book_valuer_per_share_4q_avg": 26.41,
            "equity": 1378676,
            "current_ratio": 261.42,
            "debt_ratio": 36.67,
            "inventory_turnover_ratio": 0.91,
            "account_receivable_turnover_ratio": 0.68,
            "reinvestment_rate": -113.3,
            "research_to_sale_ratio": 7.59,
            "price_fair": 86.89,
            "eps_avg_yearly": 2.48,
            "eps_latest_yearly": 0.64,
            "eps_growth_yearly": 43.59
        },
        "20192": {
            "year_quarter": 20192,
            "year": 2019,
            "quarter": 2,
            "eps": 0.24,
            "eps_growth_year": -61.9,
            "eps_4q": 1.3,
            "eps_4q_growth_year": -44.43,
            "roe": 0.9,
            "roe_4q": 4.81,
            "gross_profit": 98287,
            "gross_margin": 37.6,
            "gross_margin_4q_avg": 38.65,
            "net_income": 11976,
            "net_income_4q": null,
            "revenue": 261405,
            "revenue_4q": null,
            "common_shares": 509559,
            "book_valuer_per_share": 25.66,
            "book_valuer_per_share_4q_avg": 26.23,
            "equity": 1281912,
            "current_ratio": 199.98,
            "debt_ratio": 39.92,
            "inventory_turnover_ratio": 1.05,
            "account_receivable_turnover_ratio": 0.79,
            "reinvestment_rate": -117.99,
            "research_to_sale_ratio": 7.65,
            "price_fair": 35.02,
            "eps_avg_yearly": 2.28,
            "eps_latest_yearly": 0.96,
            "eps_growth_yearly": 5.38
        },
        "20193": {
            "year_quarter": 20193,
            "year": 2019,
            "quarter": 3,
            "eps": 0.31,
            "eps_growth_year": -55.07,
            "eps_4q": 0.89,
            "eps_4q_growth_year": -59.99,
            "roe": 1.22,
            "roe_4q": 3.4,
            "gross_profit": 101897,
            "gross_margin": 39.3,
            "gross_margin_4q_avg": 38.07,
            "net_income": 15301,
            "net_income_4q": null,
            "revenue": 259266,
            "revenue_4q": null,
            "common_shares": 499559,
            "book_valuer_per_share": 24.71,
            "book_valuer_per_share_4q_avg": 25.94,
            "equity": 1234571,
            "current_ratio": 166.64,
            "debt_ratio": 40.62,
            "inventory_turnover_ratio": 0.94,
            "account_receivable_turnover_ratio": 0.8,
            "reinvestment_rate": -149.2,
            "research_to_sale_ratio": 8.91,
            "price_fair": 66.74,
            "eps_avg_yearly": 2.18,
            "eps_latest_yearly": 1.24,
            "eps_growth_yearly": 20.69
        },
        "20194": {
            "year_quarter": 20194,
            "year": 2019,
            "quarter": 4,
            "eps": 0.1,
            "eps_growth_year": -45.45,
            "eps_4q": 0.82,
            "eps_4q_growth_year": -56.92,
            "roe": 0.42,
            "roe_4q": 3.13,
            "gross_profit": 96610,
            "gross_margin": 32.55,
            "gross_margin_4q_avg": 37.34,
            "net_income": 5175,
            "net_income_4q": null,
            "revenue": 296814,
            "revenue_4q": null,
            "common_shares": 499559,
            "book_valuer_per_share": 24.48,
            "book_valuer_per_share_4q_avg": 25.48,
            "equity": 1202095,
            "current_ratio": 190.7,
            "debt_ratio": 42.55,
            "inventory_turnover_ratio": 1.04,
            "account_receivable_turnover_ratio": 0.95,
            "reinvestment_rate": -152.05,
            "research_to_sale_ratio": 8.04,
            "price_fair": 41.3,
            "eps_avg_yearly": 2.07,
            "eps_latest_yearly": 0.4,
            "eps_growth_yearly": 10
        },
        "20201": {
            "year_quarter": 20201,
            "year": 2020,
            "quarter": 1,
            "eps": -0.13,
            "eps_growth_year": -181.25,
            "eps_4q": 0.54,
            "eps_4q_growth_year": -67.99,
            "roe": -0.54,
            "roe_4q": 2,
            "gross_profit": 75667,
            "gross_margin": 33.7,
            "gross_margin_4q_avg": 35.79,
            "net_income": -6354,
            "net_income_4q": null,
            "revenue": 224555,
            "revenue_4q": null,
            "common_shares": 489559,
            "book_valuer_per_share": 24.09,
            "book_valuer_per_share_4q_avg": 24.74,
            "equity": 1159552,
            "current_ratio": 195.47,
            "debt_ratio": 42.79,
            "inventory_turnover_ratio": 0.74,
            "account_receivable_turnover_ratio": 0.76,
            "reinvestment_rate": -162.47,
            "research_to_sale_ratio": 7.15,
            "price_fair": 47.94,
            "eps_avg_yearly": 2.07,
            "eps_latest_yearly": 0.4,
            "eps_growth_yearly": 13.14
        },
        "20202": {
            "year_quarter": 20202,
            "year": 2020,
            "quarter": 2,
            "eps": 0.05,
            "eps_growth_year": -79.17,
            "eps_4q": 0.34,
            "eps_4q_growth_year": -73.82,
            "roe": 0.18,
            "roe_4q": 1.2799999999999998,
            "gross_profit": 90170,
            "gross_margin": 36.14,
            "gross_margin_4q_avg": 35.42,
            "net_income": 2056,
            "net_income_4q": null,
            "revenue": 249471,
            "revenue_4q": null,
            "common_shares": 489559,
            "book_valuer_per_share": 22.99,
            "book_valuer_per_share_4q_avg": 24.07,
            "equity": 1083080,
            "current_ratio": 184.58,
            "debt_ratio": 45.93,
            "inventory_turnover_ratio": 0.82,
            "account_receivable_turnover_ratio": 0.95,
            "reinvestment_rate": -164.28,
            "research_to_sale_ratio": 7.68,
            "price_fair": 47.52,
            "eps_avg_yearly": 2.07,
            "eps_latest_yearly": 0.4,
            "eps_growth_yearly": 12.91
        },
        "20203": {
            "year_quarter": 20203,
            "year": 2020,
            "quarter": 3,
            "eps": 0.02,
            "eps_growth_year": -93.55,
            "eps_4q": 0.03,
            "eps_4q_growth_year": -96.18,
            "roe": 0.09,
            "roe_4q": 0.14999999999999997,
            "gross_profit": 86704,
            "gross_margin": 33.67,
            "gross_margin_4q_avg": 34.02,
            "net_income": 935,
            "net_income_4q": null,
            "revenue": 257508,
            "revenue_4q": null,
            "common_shares": 469559,
            "book_valuer_per_share": 23.59,
            "book_valuer_per_share_4q_avg": 23.79,
            "equity": 1111143,
            "current_ratio": 191.69,
            "debt_ratio": 44.86,
            "inventory_turnover_ratio": 0.9,
            "account_receivable_turnover_ratio": 1.02,
            "reinvestment_rate": -156.99,
            "research_to_sale_ratio": 9.15,
            "price_fair": 5.61,
            "eps_avg_yearly": 1.87,
            "eps_latest_yearly": 0.08,
            "eps_growth_yearly": -17.12
        },
        "20204": {
            "year_quarter": 20204,
            "year": 2020,
            "quarter": 4,
            "eps": 0.01,
            "eps_growth_year": -93.21,
            "eps_4q": -0.06,
            "eps_4q_growth_year": -107.59,
            "roe": 0.03,
            "roe_4q": -0.24000000000000005,
            "gross_profit": 84408,
            "gross_margin": 30.42,
            "gross_margin_4q_avg": 33.48,
            "net_income": 378,
            "net_income_4q": null,
            "revenue": 277467,
            "revenue_4q": null,
            "common_shares": 469559,
            "book_valuer_per_share": 24.47,
            "book_valuer_per_share_4q_avg": 23.79,
            "equity": 1152760,
            "current_ratio": 209.56,
            "debt_ratio": 44.72,
            "inventory_turnover_ratio": 0.94,
            "account_receivable_turnover_ratio": 1.02,
            "reinvestment_rate": -180.32,
            "research_to_sale_ratio": 9.47,
            "price_fair": 4.74,
            "eps_avg_yearly": 1.58,
            "eps_latest_yearly": 0.04,
            "eps_growth_yearly": -42.21
        },
        "20211": {
            "year_quarter": 20211,
            "year": 2021,
            "quarter": 1,
            "eps": 0.15,
            "eps_growth_year": null,
            "eps_4q": 0.22,
            "eps_4q_growth_year": -59.51,
            "roe": 0.58,
            "roe_4q": 0.8799999999999999,
            "gross_profit": 88899,
            "gross_margin": 34.03,
            "gross_margin_4q_avg": 33.57,
            "net_income": 6656,
            "net_income_4q": null,
            "revenue": 261225,
            "revenue_4q": null,
            "common_shares": 469559,
            "book_valuer_per_share": 24.38,
            "book_valuer_per_share_4q_avg": 23.86,
            "equity": 1150035,
            "current_ratio": 227.25,
            "debt_ratio": 43.4,
            "inventory_turnover_ratio": 0.72,
            "account_receivable_turnover_ratio": 0.95,
            "reinvestment_rate": -163.7,
            "research_to_sale_ratio": 8.28,
            "price_fair": 51.6,
            "eps_avg_yearly": 1.47,
            "eps_latest_yearly": 0.6,
            "eps_growth_yearly": 371.79
        },
        "20212": {
            "year_quarter": 20212,
            "year": 2021,
            "quarter": 2,
            "eps": 0.33,
            "eps_growth_year": 560,
            "eps_4q": 0.5,
            "eps_4q_growth_year": 46.18,
            "roe": 1.3,
            "roe_4q": 2,
            "gross_profit": 112185,
            "gross_margin": 36.76,
            "gross_margin_4q_avg": 33.72,
            "net_income": 14927,
            "net_income_4q": null,
            "revenue": 305162,
            "revenue_4q": null,
            "common_shares": 469559,
            "book_valuer_per_share": 24.42,
            "book_valuer_per_share_4q_avg": 24.22,
            "equity": 1151472,
            "current_ratio": 214.38,
            "debt_ratio": 44.52,
            "inventory_turnover_ratio": 0.65,
            "account_receivable_turnover_ratio": 1.1,
            "reinvestment_rate": -193.6,
            "research_to_sale_ratio": 7.76,
            "price_fair": 45.2,
            "eps_avg_yearly": 1.29,
            "eps_latest_yearly": 1.32,
            "eps_growth_yearly": 381.35
        },
        "20213": {
            "year_quarter": 20213,
            "year": 2021,
            "quarter": 3,
            "eps": 0.43,
            "eps_growth_year": 2050,
            "eps_4q": 0.91,
            "eps_4q_growth_year": 2570.46,
            "roe": 1.74,
            "roe_4q": 3.65,
            "gross_profit": 109341,
            "gross_margin": 36.71,
            "gross_margin_4q_avg": 34.48,
            "net_income": 19967,
            "net_income_4q": null,
            "revenue": 297843,
            "revenue_4q": null,
            "common_shares": 469559,
            "book_valuer_per_share": 24.22,
            "book_valuer_per_share_4q_avg": 24.37,
            "equity": 1141720,
            "current_ratio": 208.89,
            "debt_ratio": 44.62,
            "inventory_turnover_ratio": 0.53,
            "account_receivable_turnover_ratio": 0.99,
            "reinvestment_rate": -193.91,
            "research_to_sale_ratio": 7.51,
            "price_fair": 41.5,
            "eps_avg_yearly": 1.19,
            "eps_latest_yearly": 1.72,
            "eps_growth_yearly": 395.02
        },
        "20214": {
            "year_quarter": 20214,
            "year": 2021,
            "quarter": 4,
            "eps": 0.37,
            "eps_growth_year": 5447.97,
            "eps_4q": 1.28,
            "eps_4q_growth_year": null,
            "roe": 1.5,
            "roe_4q": 5.12,
            "gross_profit": 113089,
            "gross_margin": 36.98,
            "gross_margin_4q_avg": 36.12,
            "net_income": 17296,
            "net_income_4q": null,
            "revenue": 305797,
            "revenue_4q": null,
            "common_shares": 469559,
            "book_valuer_per_share": 24.87,
            "book_valuer_per_share_4q_avg": 24.47,
            "equity": 1172087,
            "current_ratio": 192.88,
            "debt_ratio": 45.12,
            "inventory_turnover_ratio": 0.5,
            "account_receivable_turnover_ratio": 0.97,
            "reinvestment_rate": -157.72,
            "research_to_sale_ratio": 8.75,
            "price_fair": 39.9,
            "eps_avg_yearly": 1.14,
            "eps_latest_yearly": 1.48,
            "eps_growth_yearly": 400.67
        },
        "20221": {
            "year_quarter": 20221,
            "year": 2022,
            "quarter": 1,
            "eps": 0.27,
            "eps_growth_year": 80,
            "eps_4q": 1.39,
            "eps_4q_growth_year": 539.93,
            "roe": 1.02,
            "roe_4q": 5.56,
            "gross_profit": 92245,
            "gross_margin": 33.84,
            "gross_margin_4q_avg": 36.07,
            "net_income": 12368,
            "net_income_4q": null,
            "revenue": 272566,
            "revenue_4q": null,
            "common_shares": 469559,
            "book_valuer_per_share": 26.44,
            "book_valuer_per_share_4q_avg": 24.99,
            "equity": 1245753,
            "current_ratio": 189.56,
            "debt_ratio": 44.01,
            "inventory_turnover_ratio": 0.42,
            "account_receivable_turnover_ratio": 0.85,
            "reinvestment_rate": -134.4,
            "research_to_sale_ratio": 8.18,
            "price_fair": 38.9,
            "eps_avg_yearly": 1.11,
            "eps_latest_yearly": 1.08,
            "eps_growth_yearly": 401.58
        },
        "20222": {
            "year_quarter": 20222,
            "year": 2022,
            "quarter": 2,
            "eps": 0.36,
            "eps_growth_year": 9.09,
            "eps_4q": 1.43,
            "eps_4q_growth_year": 187.2,
            "roe": 1.36,
            "roe_4q": 5.62,
            "gross_profit": 99133,
            "gross_margin": 32.74,
            "gross_margin_4q_avg": 35.07,
            "net_income": 16731,
            "net_income_4q": null,
            "revenue": 302790,
            "revenue_4q": null,
            "common_shares": 469559,
            "book_valuer_per_share": 25.6,
            "book_valuer_per_share_4q_avg": 25.28,
            "equity": 1206147,
            "current_ratio": 172.79,
            "debt_ratio": 45.38,
            "inventory_turnover_ratio": 0.44,
            "account_receivable_turnover_ratio": 0.94,
            "reinvestment_rate": -112.19,
            "research_to_sale_ratio": 8.71,
            "price_fair": 36.2,
            "eps_avg_yearly": 1.03,
            "eps_latest_yearly": 1.44,
            "eps_growth_yearly": 391.02
        },
        "20223": {
            "year_quarter": 20223,
            "year": 2022,
            "quarter": 3,
            "eps": 0.26,
            "eps_growth_year": -39.53,
            "eps_4q": 1.25,
            "eps_4q_growth_year": 37.87,
            "roe": 0.97,
            "roe_4q": 4.85,
            "gross_profit": 94615,
            "gross_margin": 31.1,
            "gross_margin_4q_avg": 33.67,
            "net_income": 11921,
            "net_income_4q": null,
            "revenue": 304240,
            "revenue_4q": null,
            "common_shares": 469559,
            "book_valuer_per_share": 26.32,
            "book_valuer_per_share_4q_avg": 25.81,
            "equity": 1240081,
            "current_ratio": 160.98,
            "debt_ratio": 46.11,
            "inventory_turnover_ratio": 0.45,
            "account_receivable_turnover_ratio": 0.87,
            "reinvestment_rate": -20.91,
            "research_to_sale_ratio": 7.62,
            "price_fair": 31.9,
            "eps_avg_yearly": 0.91,
            "eps_latest_yearly": 1.04,
            "eps_growth_yearly": 380.37
        },
        "20224": {
            "year_quarter": 20224,
            "year": 2022,
            "quarter": 4,
            "eps": -1.2,
            "eps_growth_year": -422.43,
            "eps_4q": -0.32,
            "eps_4q_growth_year": -124.9,
            "roe": -4.68,
            "roe_4q": -1.3299999999999996,
            "gross_profit": 98172,
            "gross_margin": 30.46,
            "gross_margin_4q_avg": 32.04,
            "net_income": -56024,
            "net_income_4q": null,
            "revenue": 322270,
            "revenue_4q": null,
            "common_shares": 469559,
            "book_valuer_per_share": 24.52,
            "book_valuer_per_share_4q_avg": 25.72,
            "equity": 1155637,
            "current_ratio": 156.59,
            "debt_ratio": 48.04,
            "inventory_turnover_ratio": 0.5,
            "account_receivable_turnover_ratio": 0.84,
            "reinvestment_rate": -107.24,
            "research_to_sale_ratio": 8.35,
            "price_fair": 32.42,
            "eps_avg_yearly": 0.93,
            "eps_latest_yearly": 1.04,
            "eps_growth_yearly": 432.37
        },
        "20231": {
            "year_quarter": 20231,
            "year": 2023,
            "quarter": 1,
            "eps": -0.16,
            "eps_growth_year": -159.26,
            "eps_4q": -0.75,
            "eps_4q_growth_year": -153.56,
            "roe": -0.67,
            "roe_4q": -3.0199999999999996,
            "gross_profit": 79719,
            "gross_margin": 29.04,
            "gross_margin_4q_avg": 30.84,
            "net_income": -7712,
            "net_income_4q": null,
            "revenue": 274472,
            "revenue_4q": null,
            "common_shares": 469559,
            "book_valuer_per_share": 24.5,
            "book_valuer_per_share_4q_avg": 25.24,
            "equity": 1154420,
            "current_ratio": 166.54,
            "debt_ratio": 46.2,
            "inventory_turnover_ratio": 0.45,
            "account_receivable_turnover_ratio": 0.76,
            "reinvestment_rate": -150.81,
            "research_to_sale_ratio": 8.49,
            "price_fair": 33.25,
            "eps_avg_yearly": 0.95,
            "eps_latest_yearly": 1.04,
            "eps_growth_yearly": 472.1
        },
        "20232": {
            "year_quarter": 20232,
            "year": 2023,
            "quarter": 2,
            "eps": -0.24,
            "eps_growth_year": -166.67,
            "eps_4q": -1.35,
            "eps_4q_growth_year": -194.43,
            "roe": -1.02,
            "roe_4q": -5.3999999999999995,
            "gross_profit": 81885,
            "gross_margin": 28.38,
            "gross_margin_4q_avg": 29.75,
            "net_income": -11252,
            "net_income_4q": null,
            "revenue": 288540,
            "revenue_4q": null,
            "common_shares": 469559,
            "book_valuer_per_share": 22.47,
            "book_valuer_per_share_4q_avg": 24.45,
            "equity": 1059402,
            "current_ratio": 143.37,
            "debt_ratio": 52.55,
            "inventory_turnover_ratio": 0.49,
            "account_receivable_turnover_ratio": 0.86,
            "reinvestment_rate": -198.21,
            "research_to_sale_ratio": 9.29,
            "price_fair": 33.22,
            "eps_avg_yearly": 0.95,
            "eps_latest_yearly": 1.04,
            "eps_growth_yearly": 496.84
        },
        "20233": {
            "year_quarter": 20233,
            "year": 2023,
            "quarter": 3,
            "eps": 0.19,
            "eps_growth_year": -26.92,
            "eps_4q": -1.42,
            "eps_4q_growth_year": -213.06,
            "roe": 0.9,
            "roe_4q": -5.47,
            "gross_profit": 106812,
            "gross_margin": 31.81,
            "gross_margin_4q_avg": 29.92,
            "net_income": 9997,
            "net_income_4q": null,
            "revenue": 335788,
            "revenue_4q": null,
            "common_shares": 469559,
            "book_valuer_per_share": 24.76,
            "book_valuer_per_share_4q_avg": 24.06,
            "equity": 1168236,
            "current_ratio": 170.17,
            "debt_ratio": 51.7,
            "inventory_turnover_ratio": 0.54,
            "account_receivable_turnover_ratio": 0.87,
            "reinvestment_rate": 0.31,
            "research_to_sale_ratio": 6.4,
            "price_fair": 32.2,
            "eps_avg_yearly": 0.92,
            "eps_latest_yearly": 1.04,
            "eps_growth_yearly": 534.85
        }
    },
    "months": {
        "2011-05": {
            "month": "2011-05",
            "price": "114.76",
            "revenue": 54069
        },
        "2011-06": {
            "month": "2011-06",
            "price": "119.20",
            "revenue": 55697
        },
        "2011-07": {
            "month": "2011-07",
            "price": "121.23",
            "revenue": 63088
        },
        "2011-08": {
            "month": "2011-08",
            "price": "78.44",
            "revenue": 69685
        },
        "2011-09": {
            "month": "2011-09",
            "price": "70.67",
            "revenue": 66697
        },
        "2011-10": {
            "month": "2011-10",
            "price": "67.84",
            "revenue": 60506
        },
        "2011-11": {
            "month": "2011-11",
            "price": "64.94",
            "revenue": 60596
        },
        "2011-12": {
            "month": "2011-12",
            "price": "54.58",
            "revenue": 57848
        },
        "2012-01": {
            "month": "2012-01",
            "price": "54.54",
            "revenue": 38686
        },
        "2012-02": {
            "month": "2012-02",
            "price": "69.60",
            "revenue": 61537
        },
        "2012-03": {
            "month": "2012-03",
            "price": "87.35",
            "revenue": 73665
        },
        "2012-04": {
            "month": "2012-04",
            "price": "88.24",
            "revenue": 76322
        },
        "2012-05": {
            "month": "2012-05",
            "price": "85.49",
            "revenue": 77109
        },
        "2012-06": {
            "month": "2012-06",
            "price": "69.48",
            "revenue": 71743
        },
        "2012-07": {
            "month": "2012-07",
            "price": "67.78",
            "revenue": 72777
        },
        "2012-08": {
            "month": "2012-08",
            "price": "67.02",
            "revenue": 82429
        },
        "2012-09": {
            "month": "2012-09",
            "price": "72.29",
            "revenue": 86899
        },
        "2012-10": {
            "month": "2012-10",
            "price": "70.32",
            "revenue": 80510
        },
        "2012-11": {
            "month": "2012-11",
            "price": "66.69",
            "revenue": 81705
        },
        "2012-12": {
            "month": "2012-12",
            "price": "68.39",
            "revenue": 83586
        },
        "2013-01": {
            "month": "2013-01",
            "price": "72.78",
            "revenue": 88761
        },
        "2013-02": {
            "month": "2013-02",
            "price": "81.12",
            "revenue": 51122
        },
        "2013-03": {
            "month": "2013-03",
            "price": "88.91",
            "revenue": 88868
        },
        "2013-04": {
            "month": "2013-04",
            "price": "87.41",
            "revenue": 98945
        },
        "2013-05": {
            "month": "2013-05",
            "price": "86.17",
            "revenue": 110587
        },
        "2013-06": {
            "month": "2013-06",
            "price": "86.95",
            "revenue": 102190
        },
        "2013-07": {
            "month": "2013-07",
            "price": "91.73",
            "revenue": 103707
        },
        "2013-08": {
            "month": "2013-08",
            "price": "83.41",
            "revenue": 111160
        },
        "2013-09": {
            "month": "2013-09",
            "price": "88.23",
            "revenue": 92707
        },
        "2013-10": {
            "month": "2013-10",
            "price": "84.40",
            "revenue": 95834
        },
        "2013-11": {
            "month": "2013-11",
            "price": "81.82",
            "revenue": 107931
        },
        "2013-12": {
            "month": "2013-12",
            "price": "87.25",
            "revenue": 101461
        },
        "2014-01": {
            "month": "2014-01",
            "price": "96.88",
            "revenue": 95295
        },
        "2014-02": {
            "month": "2014-02",
            "price": "90.72",
            "revenue": 73264
        },
        "2014-03": {
            "month": "2014-03",
            "price": "98.02",
            "revenue": 119037
        },
        "2014-04": {
            "month": "2014-04",
            "price": "95.46",
            "revenue": 122482
        },
        "2014-05": {
            "month": "2014-05",
            "price": "83.46",
            "revenue": 131369
        },
        "2014-06": {
            "month": "2014-06",
            "price": "80.58",
            "revenue": 117577
        },
        "2014-07": {
            "month": "2014-07",
            "price": "67.16",
            "revenue": 120817
        },
        "2014-08": {
            "month": "2014-08",
            "price": "59.28",
            "revenue": 118082
        },
        "2014-09": {
            "month": "2014-09",
            "price": "55.78",
            "revenue": 110089
        },
        "2014-10": {
            "month": "2014-10",
            "price": "49.98",
            "revenue": 105390
        },
        "2014-11": {
            "month": "2014-11",
            "price": "47.66",
            "revenue": 108323
        },
        "2014-12": {
            "month": "2014-12",
            "price": "50.32",
            "revenue": 108002
        },
        "2015-01": {
            "month": "2015-01",
            "price": "50.96",
            "revenue": 108386
        },
        "2015-02": {
            "month": "2015-02",
            "price": "49.23",
            "revenue": 63727
        },
        "2015-03": {
            "month": "2015-03",
            "price": "48.88",
            "revenue": 121702
        },
        "2015-04": {
            "month": "2015-04",
            "price": "51.72",
            "revenue": 133092
        },
        "2015-05": {
            "month": "2015-05",
            "price": "54.81",
            "revenue": 129706
        },
        "2015-06": {
            "month": "2015-06",
            "price": "54.50",
            "revenue": 126023
        },
        "2015-07": {
            "month": "2015-07",
            "price": "52.20",
            "revenue": 131580
        },
        "2015-08": {
            "month": "2015-08",
            "price": "45.32",
            "revenue": 130571
        },
        "2015-09": {
            "month": "2015-09",
            "price": "49.12",
            "revenue": 125009
        },
        "2015-10": {
            "month": "2015-10",
            "price": "54.90",
            "revenue": 123991
        },
        "2015-11": {
            "month": "2015-11",
            "price": "49.70",
            "revenue": 131657
        },
        "2015-12": {
            "month": "2015-12",
            "price": "50.22",
            "revenue": 120765
        },
        "2016-01": {
            "month": "2016-01",
            "price": "44.74",
            "revenue": 113005
        },
        "2016-02": {
            "month": "2016-02",
            "price": "45.53",
            "revenue": 66301
        },
        "2016-03": {
            "month": "2016-03",
            "price": "46.58",
            "revenue": 122450
        },
        "2016-04": {
            "month": "2016-04",
            "price": "50.40",
            "revenue": 114874
        },
        "2016-05": {
            "month": "2016-05",
            "price": "46.70",
            "revenue": 120383
        },
        "2016-06": {
            "month": "2016-06",
            "price": "44.11",
            "revenue": 103443
        },
        "2016-07": {
            "month": "2016-07",
            "price": "40.65",
            "revenue": 110821
        },
        "2016-08": {
            "month": "2016-08",
            "price": "39.24",
            "revenue": 110939
        },
        "2016-09": {
            "month": "2016-09",
            "price": "38.47",
            "revenue": 111533
        },
        "2016-10": {
            "month": "2016-10",
            "price": "38.62",
            "revenue": 112141
        },
        "2016-11": {
            "month": "2016-11",
            "price": "38.35",
            "revenue": 120353
        },
        "2016-12": {
            "month": "2016-12",
            "price": "43.56",
            "revenue": 113370
        },
        "2017-01": {
            "month": "2017-01",
            "price": "45.94",
            "revenue": 70203
        },
        "2017-02": {
            "month": "2017-02",
            "price": "43.68",
            "revenue": 102381
        },
        "2017-03": {
            "month": "2017-03",
            "price": "43.50",
            "revenue": 112289
        },
        "2017-04": {
            "month": "2017-04",
            "price": "44.37",
            "revenue": 108194
        },
        "2017-05": {
            "month": "2017-05",
            "price": "43.32",
            "revenue": 105146
        },
        "2017-06": {
            "month": "2017-06",
            "price": "42.31",
            "revenue": 102155
        },
        "2017-07": {
            "month": "2017-07",
            "price": "40.23",
            "revenue": 102160
        },
        "2017-08": {
            "month": "2017-08",
            "price": "45.18",
            "revenue": 111104
        },
        "2017-09": {
            "month": "2017-09",
            "price": "52.58",
            "revenue": 106074
        },
        "2017-10": {
            "month": "2017-10",
            "price": "49.47",
            "revenue": 105041
        },
        "2017-11": {
            "month": "2017-11",
            "price": "46.57",
            "revenue": 108132
        },
        "2017-12": {
            "month": "2017-12",
            "price": "43.31",
            "revenue": 101223
        },
        "2018-01": {
            "month": "2018-01",
            "price": "44.82",
            "revenue": 108688
        },
        "2018-02": {
            "month": "2018-02",
            "price": "42.90",
            "revenue": 66212
        },
        "2018-03": {
            "month": "2018-03",
            "price": "43.05",
            "revenue": 115226
        },
        "2018-04": {
            "month": "2018-04",
            "price": "41.04",
            "revenue": 105069
        },
        "2018-05": {
            "month": "2018-05",
            "price": "38.11",
            "revenue": 108074
        },
        "2018-06": {
            "month": "2018-06",
            "price": "38.76",
            "revenue": 101455
        },
        "2018-07": {
            "month": "2018-07",
            "price": "35.40",
            "revenue": 105345
        },
        "2018-08": {
            "month": "2018-08",
            "price": "35.18",
            "revenue": 106321
        },
        "2018-09": {
            "month": "2018-09",
            "price": "31.37",
            "revenue": 103120
        },
        "2018-10": {
            "month": "2018-10",
            "price": "29.19",
            "revenue": 105659
        },
        "2018-11": {
            "month": "2018-11",
            "price": "27.64",
            "revenue": 95014
        },
        "2018-12": {
            "month": "2018-12",
            "price": "27.75",
            "revenue": 90226
        },
        "2019-01": {
            "month": "2019-01",
            "price": "25.16",
            "revenue": 94450
        },
        "2019-02": {
            "month": "2019-02",
            "price": "26.32",
            "revenue": 54119
        },
        "2019-03": {
            "month": "2019-03",
            "price": "28.26",
            "revenue": 91048
        },
        "2019-04": {
            "month": "2019-04",
            "price": "28.82",
            "revenue": 90026
        },
        "2019-05": {
            "month": "2019-05",
            "price": "26.59",
            "revenue": 90230
        },
        "2019-06": {
            "month": "2019-06",
            "price": "25.13",
            "revenue": 81104
        },
        "2019-07": {
            "month": "2019-07",
            "price": "24.66",
            "revenue": 85071
        },
        "2019-08": {
            "month": "2019-08",
            "price": "24.07",
            "revenue": 86105
        },
        "2019-09": {
            "month": "2019-09",
            "price": "23.74",
            "revenue": 88103
        },
        "2019-10": {
            "month": "2019-10",
            "price": "23.61",
            "revenue": 97041
        },
        "2019-11": {
            "month": "2019-11",
            "price": "23.56",
            "revenue": 97924
        },
        "2019-12": {
            "month": "2019-12",
            "price": "25.14",
            "revenue": 101849
        },
        "2020-01": {
            "month": "2020-01",
            "price": "26.59",
            "revenue": 77275
        },
        "2020-02": {
            "month": "2020-02",
            "price": "24.58",
            "revenue": 50054
        },
        "2020-03": {
            "month": "2020-03",
            "price": "21.20",
            "revenue": 97227
        },
        "2020-04": {
            "month": "2020-04",
            "price": "22.18",
            "revenue": 88452
        },
        "2020-05": {
            "month": "2020-05",
            "price": "23.09",
            "revenue": 80581
        },
        "2020-06": {
            "month": "2020-06",
            "price": "22.61",
            "revenue": 80438
        },
        "2020-07": {
            "month": "2020-07",
            "price": "24.04",
            "revenue": 81227
        },
        "2020-08": {
            "month": "2020-08",
            "price": "23.74",
            "revenue": 85749
        },
        "2020-09": {
            "month": "2020-09",
            "price": "23.95",
            "revenue": 90532
        },
        "2020-10": {
            "month": "2020-10",
            "price": "23.93",
            "revenue": 88241
        },
        "2020-11": {
            "month": "2020-11",
            "price": "25.19",
            "revenue": 91186
        },
        "2020-12": {
            "month": "2020-12",
            "price": "26.70",
            "revenue": 98040
        },
        "2021-01": {
            "month": "2021-01",
            "price": "26.34",
            "revenue": 98759
        },
        "2021-02": {
            "month": "2021-02",
            "price": "25.77",
            "revenue": 60324
        },
        "2021-03": {
            "month": "2021-03",
            "price": "26.77",
            "revenue": 102142
        },
        "2021-04": {
            "month": "2021-04",
            "price": "31.16",
            "revenue": 101964
        },
        "2021-05": {
            "month": "2021-05",
            "price": "29.92",
            "revenue": 102778
        },
        "2021-06": {
            "month": "2021-06",
            "price": "28.81",
            "revenue": 100420
        },
        "2021-07": {
            "month": "2021-07",
            "price": "29.30",
            "revenue": 102068
        },
        "2021-08": {
            "month": "2021-08",
            "price": "29.44",
            "revenue": 95562
        },
        "2021-09": {
            "month": "2021-09",
            "price": "30.84",
            "revenue": 100213
        },
        "2021-10": {
            "month": "2021-10",
            "price": "28.50",
            "revenue": 97352
        },
        "2021-11": {
            "month": "2021-11",
            "price": "33.10",
            "revenue": 107208
        },
        "2021-12": {
            "month": "2021-12",
            "price": "33.02",
            "revenue": 101238
        },
        "2022-01": {
            "month": "2022-01",
            "price": "30.42",
            "revenue": 94478
        },
        "2022-02": {
            "month": "2022-02",
            "price": "29.07",
            "revenue": 72497
        },
        "2022-03": {
            "month": "2022-03",
            "price": "28.48",
            "revenue": 105592
        },
        "2022-04": {
            "month": "2022-04",
            "price": "27.60",
            "revenue": 101334
        },
        "2022-05": {
            "month": "2022-05",
            "price": "24.63",
            "revenue": 101033
        },
        "2022-06": {
            "month": "2022-06",
            "price": "23.92",
            "revenue": 100424
        },
        "2022-07": {
            "month": "2022-07",
            "price": "22.47",
            "revenue": 100196
        },
        "2022-08": {
            "month": "2022-08",
            "price": "23.78",
            "revenue": 102434
        },
        "2022-09": {
            "month": "2022-09",
            "price": "24.08",
            "revenue": 101609
        },
        "2022-10": {
            "month": "2022-10",
            "price": "22.94",
            "revenue": 100610
        },
        "2022-11": {
            "month": "2022-11",
            "price": "22.15",
            "revenue": 112547
        },
        "2022-12": {
            "month": "2022-12",
            "price": "22.99",
            "revenue": 109113
        },
        "2023-01": {
            "month": "2023-01",
            "price": "23.03",
            "revenue": 82491
        },
        "2023-02": {
            "month": "2023-02",
            "price": "23.51",
            "revenue": 88332
        },
        "2023-03": {
            "month": "2023-03",
            "price": "23.17",
            "revenue": 103649
        },
        "2023-04": {
            "month": "2023-04",
            "price": "22.84",
            "revenue": 95503
        },
        "2023-05": {
            "month": "2023-05",
            "price": "21.78",
            "revenue": 96145
        },
        "2023-06": {
            "month": "2023-06",
            "price": "22.52",
            "revenue": 96893
        },
        "2023-07": {
            "month": "2023-07",
            "price": "23.39",
            "revenue": 103659
        },
        "2023-08": {
            "month": "2023-08",
            "price": "21.28",
            "revenue": 115160
        },
        "2023-09": {
            "month": "2023-09",
            "price": "21.38",
            "revenue": 116969
        },
        "2023-10": {
            "month": "2023-10",
            "price": "21.27",
            "revenue": 118735
        },
        "2023-11": {
            "month": "2023-11",
            "price": "24.00",
            "revenue": 125028
        },
        "2023-12": {
            "month": "2023-12",
            "price": "27.55",
            "revenue": 125359
        }
    }
}
