{
    "summary": {
        "stock_name": "達興材料",
        "stock_id": "5234",
        "category": "光電",
        "main_business": "光電產業及半導體產業用化學材料",
        "website_url": "http://www.daxinmat.com",
        "ceo": "郭宗鑫",
        "pe_ratio": 31,
        "report_year_from": 2010,
        "report_year_to": 2023,
        "age": 13,
        "eps_negative_percentage": 0,
        "eps_growth_avg": {
            "last_all": 12.07,
            "last_2y": -10.87,
            "last_4y": -1.37,
            "last_8y": 1.95,
            "last_12y": null,
            "last_16y": null,
            "last_20y": null,
            "at_2006_last_3y": null,
            "at_2007_last_3y": null,
            "at_2008_last_3y": null,
            "at_2009_last_3y": null,
            "at_2010_last_3y": null,
            "at_2011_last_3y": null,
            "at_2012_last_3y": null,
            "at_2013_last_3y": null,
            "at_2014_last_3y": null,
            "at_2015_last_3y": 18.22,
            "at_2016_last_3y": 1.46,
            "at_2017_last_3y": 6.1,
            "at_2018_last_3y": 20.14,
            "at_2019_last_3y": 23.12,
            "at_2020_last_3y": 14.13,
            "at_2021_last_3y": 7.64,
            "at_2022_last_3y": -8.76,
            "at_2023_last_3y": -8.76,
            "at_2006_last_all": null,
            "at_2007_last_all": null,
            "at_2008_last_all": null,
            "at_2009_last_all": null,
            "at_2010_last_all": null,
            "at_2011_last_all": null,
            "at_2012_last_all": null,
            "at_2013_last_all": 57.61,
            "at_2014_last_all": 29.1,
            "at_2015_last_all": 18.22,
            "at_2016_last_all": 21.17,
            "at_2017_last_all": 23.27,
            "at_2018_last_all": 23.98,
            "at_2019_last_all": 20.67,
            "at_2020_last_all": 18.04,
            "at_2021_last_all": 17.02,
            "at_2022_last_all": 12.07,
            "at_2023_last_all": 12.07
        },
        "latest_eps": 3.52,
        "latest_price": 110,
        "latest_roe": 12.16,
        "latest_gross_margin": 32.29,
        "latest_equity": 2708467,
        "latest_revenue": 961937,
        "latest_gross_profit": 310571,
        "latest_net_income": 98491,
        "latest_debt_ratio": 40.13,
        "latest_current_ratio": 192.96,
        "latest_account_receivable_turnover_ratio": 0.98,
        "latest_inventory_turnover_ratio": 1.8,
        "latest_reinvestment_rate": 11.88,
        "latest_research_to_sale_ratio": 11.21
    },
    "eps_dividends": {
        "2001": {
            "cash": 0,
            "stock": 0,
            "eps": 0
        },
        "2002": {
            "cash": 0,
            "stock": 0,
            "eps": 0
        },
        "2003": {
            "cash": 0,
            "stock": 0,
            "eps": 0
        },
        "2004": {
            "cash": 0,
            "stock": 0,
            "eps": 0
        },
        "2005": {
            "cash": 0,
            "stock": 0,
            "eps": 0
        },
        "2006": {
            "cash": 0,
            "stock": 0,
            "eps": 0
        },
        "2007": {
            "cash": 0,
            "stock": 0,
            "eps": 0
        },
        "2008": {
            "cash": 0,
            "stock": 0,
            "eps": 0
        },
        "2009": {
            "cash": 0,
            "stock": 0,
            "eps": 0
        },
        "2010": {
            "cash": 0,
            "stock": 0,
            "eps": 0
        },
        "2011": {
            "cash": 3.5,
            "stock": 1,
            "eps": 0.69
        },
        "2012": {
            "cash": 0,
            "stock": 0,
            "eps": 4.01
        },
        "2013": {
            "cash": 3,
            "stock": 0,
            "eps": 4.62
        },
        "2014": {
            "cash": 3,
            "stock": 0.5,
            "eps": 3.33
        },
        "2015": {
            "cash": 2.2,
            "stock": 0,
            "eps": 2.85
        },
        "2016": {
            "cash": 2,
            "stock": 0,
            "eps": 3.79
        },
        "2017": {
            "cash": 3,
            "stock": 0,
            "eps": 5.07
        },
        "2018": {
            "cash": 3.5,
            "stock": 1,
            "eps": 6.5
        },
        "2019": {
            "cash": 5,
            "stock": 0,
            "eps": 6.34
        },
        "2020": {
            "cash": 5,
            "stock": 0,
            "eps": 6.15
        },
        "2021": {
            "cash": 5,
            "stock": 0,
            "eps": 6.63
        },
        "2022": {
            "cash": 5.3,
            "stock": 0,
            "eps": 4.15
        },
        "2023": {
            "cash": 3.3,
            "stock": 0,
            "eps": 0.96
        }
    },
    "dividends": {
        "2011-01-01": {
            "cash": 2,
            "stock": 0
        },
        "2011-03-16": {
            "cash": 1.5,
            "stock": 1
        },
        "2013-03-13": {
            "cash": 3,
            "stock": 0
        },
        "2014-08-29": {
            "cash": 3,
            "stock": 0.5
        },
        "2015-07-21": {
            "cash": 2.2,
            "stock": 0
        },
        "2016-07-29": {
            "cash": 2,
            "stock": 0
        },
        "2017-07-26": {
            "cash": 3,
            "stock": 0
        },
        "2018-07-31": {
            "cash": 3.5,
            "stock": 1
        },
        "2019-07-16": {
            "cash": 5,
            "stock": 0
        },
        "2020-07-30": {
            "cash": 5,
            "stock": 0
        },
        "2021-08-12": {
            "cash": 5,
            "stock": 0
        },
        "2022-07-29": {
            "cash": 5.3,
            "stock": 0
        },
        "2023-07-31": {
            "cash": 3.3,
            "stock": 0
        }
    },
    "prices": {
        "200101": "無",
        "200102": "無",
        "200103": "無",
        "200104": "無",
        "200105": "無",
        "200106": "無",
        "200107": "無",
        "200108": "無",
        "200109": "無",
        "200110": "無",
        "200111": "無",
        "200112": "無",
        "200201": "無",
        "200202": "無",
        "200203": "無",
        "200204": "無",
        "200205": "無",
        "200206": "無",
        "200207": "無",
        "200208": "無",
        "200209": "無",
        "200210": "無",
        "200211": "無",
        "200212": "無",
        "200301": "無",
        "200302": "無",
        "200303": "無",
        "200304": "無",
        "200305": "無",
        "200306": "無",
        "200307": "無",
        "200308": "無",
        "200309": "無",
        "200310": "無",
        "200311": "無",
        "200312": "無",
        "200401": "無",
        "200402": "無",
        "200403": "無",
        "200404": "無",
        "200405": "無",
        "200406": "無",
        "200407": "無",
        "200408": "無",
        "200409": "無",
        "200410": "無",
        "200411": "無",
        "200412": "無",
        "200501": "無",
        "200502": "無",
        "200503": "無",
        "200504": "無",
        "200505": "無",
        "200506": "無",
        "200507": "無",
        "200508": "無",
        "200509": "無",
        "200510": "無",
        "200511": "無",
        "200512": "無",
        "200601": "無",
        "200602": "無",
        "200603": "無",
        "200604": "無",
        "200605": "無",
        "200606": "無",
        "200607": "無",
        "200608": "無",
        "200609": "無",
        "200610": "無",
        "200611": "無",
        "200612": "無",
        "200701": "無",
        "200702": "無",
        "200703": "無",
        "200704": "無",
        "200705": "無",
        "200706": "無",
        "200707": "無",
        "200708": "無",
        "200709": "無",
        "200710": "無",
        "200711": "無",
        "200712": "無",
        "200801": "無",
        "200802": "無",
        "200803": "無",
        "200804": "無",
        "200805": "無",
        "200806": "無",
        "200807": "無",
        "200808": "無",
        "200809": "無",
        "200810": "無",
        "200811": "無",
        "200812": "無",
        "200901": "無",
        "200902": "無",
        "200903": "無",
        "200904": "無",
        "200905": "無",
        "200906": "無",
        "200907": "無",
        "200908": "無",
        "200909": "無",
        "200910": "無",
        "200911": "無",
        "200912": "無",
        "201001": "無",
        "201002": "無",
        "201003": "無",
        "201004": "無",
        "201005": "無",
        "201006": "無",
        "201007": "無",
        "201008": "無",
        "201009": "無",
        "201010": "無",
        "201011": "無",
        "201012": "無",
        "201101": "無",
        "201102": "無",
        "201103": "無",
        "201104": "無",
        "201105": "68.60",
        "201106": "62.96",
        "201107": "52.35",
        "201108": "41.68",
        "201109": "36.64",
        "201110": "36.30",
        "201111": "35.97",
        "201112": "30.04",
        "201201": "30.96",
        "201202": "39.26",
        "201203": "45.65",
        "201204": "43.41",
        "201205": "38.72",
        "201206": "38.35",
        "201207": "36.91",
        "201208": "46.55",
        "201209": "52.97",
        "201210": "48.42",
        "201211": "44.04",
        "201212": "49.86",
        "201301": "52.28",
        "201302": "59.10",
        "201303": "64.84",
        "201304": "71.78",
        "201305": "69.51",
        "201306": "59.18",
        "201307": "57.18",
        "201308": "53.53",
        "201309": "59.67",
        "201310": "58.03",
        "201311": "63.30",
        "201312": "65.01",
        "201401": "66.97",
        "201402": "61.47",
        "201403": "62.20",
        "201404": "61.00",
        "201405": "53.81",
        "201406": "55.07",
        "201407": "56.30",
        "201408": "47.03",
        "201409": "45.17",
        "201410": "40.68",
        "201411": "39.40",
        "201412": "41.19",
        "201501": "45.57",
        "201502": "45.73",
        "201503": "45.56",
        "201504": "44.42",
        "201505": "42.38",
        "201506": "39.56",
        "201507": "36.31",
        "201508": "32.20",
        "201509": "30.91",
        "201510": "31.79",
        "201511": "30.99",
        "201512": "30.28",
        "201601": "29.15",
        "201602": "30.38",
        "201603": "31.67",
        "201604": "30.21",
        "201605": "28.24",
        "201606": "29.61",
        "201607": "32.54",
        "201608": "31.85",
        "201609": "36.52",
        "201610": "35.20",
        "201611": "35.00",
        "201612": "36.70",
        "201701": "38.36",
        "201702": "40.30",
        "201703": "41.31",
        "201704": "46.21",
        "201705": "46.24",
        "201706": "45.99",
        "201707": "43.24",
        "201708": "44.68",
        "201709": "49.05",
        "201710": "49.32",
        "201711": "55.66",
        "201712": "64.54",
        "201801": "83.92",
        "201802": "86.00",
        "201803": "98.43",
        "201804": "87.61",
        "201805": "87.79",
        "201806": "89.52",
        "201807": "77.70",
        "201808": "80.41",
        "201809": "80.73",
        "201810": "71.51",
        "201811": "69.29",
        "201812": "84.82",
        "201901": "93.01",
        "201902": "104.47",
        "201903": "105.90",
        "201904": "99.13",
        "201905": "88.65",
        "201906": "85.75",
        "201907": "92.62",
        "201908": "96.23",
        "201909": "93.00",
        "201910": "85.41",
        "201911": "82.43",
        "201912": "89.25",
        "202001": "89.40",
        "202002": "86.31",
        "202003": "75.15",
        "202004": "78.44",
        "202005": "86.96",
        "202006": "89.58",
        "202007": "88.43",
        "202008": "85.31",
        "202009": "82.79",
        "202010": "81.06",
        "202011": "81.22",
        "202012": "85.03",
        "202101": "84.19",
        "202102": "87.18",
        "202103": "91.64",
        "202104": "93.86",
        "202105": "87.38",
        "202106": "87.50",
        "202107": "91.06",
        "202108": "90.98",
        "202109": "89.71",
        "202110": "88.77",
        "202111": "108.15",
        "202112": "131.18",
        "202201": "134.92",
        "202202": "125.53",
        "202203": "115.72",
        "202204": "107.03",
        "202205": "96.56",
        "202206": "91.75",
        "202207": "72.11",
        "202208": "69.69",
        "202209": "69.23",
        "202210": "59.98",
        "202211": "64.70",
        "202212": "69.01",
        "202301": "68.05",
        "202302": "77.74",
        "202303": "83.52",
        "202304": "89.34",
        "202305": "94.37",
        "202306": "103.84"
    },
    "quarters": {
        "20011": {
            "year_quarter": 20011,
            "year": 2001,
            "quarter": 1,
            "eps": null,
            "eps_growth_year": null,
            "eps_4q": null,
            "eps_4q_growth_year": null,
            "roe": null,
            "roe_4q": 0,
            "gross_profit": null,
            "gross_margin": null,
            "gross_margin_4q_avg": 0,
            "net_income": null,
            "revenue": null,
            "common_shares": null,
            "book_valuer_per_share": null,
            "book_valuer_per_share_4q_avg": 0,
            "equity": null,
            "current_ratio": null,
            "debt_ratio": null,
            "inventory_turnover_ratio": null,
            "account_receivable_turnover_ratio": null,
            "reinvestment_rate": null,
            "research_to_sale_ratio": null,
            "price_fair": 0,
            "eps_avg_yearly": 0,
            "eps_latest_yearly": 0,
            "eps_growth_yearly": 0
        },
        "20012": {
            "year_quarter": 20012,
            "year": 2001,
            "quarter": 2,
            "eps": null,
            "eps_growth_year": null,
            "eps_4q": null,
            "eps_4q_growth_year": null,
            "roe": null,
            "roe_4q": 0,
            "gross_profit": null,
            "gross_margin": null,
            "gross_margin_4q_avg": 0,
            "net_income": null,
            "revenue": null,
            "common_shares": null,
            "book_valuer_per_share": null,
            "book_valuer_per_share_4q_avg": 0,
            "equity": null,
            "current_ratio": null,
            "debt_ratio": null,
            "inventory_turnover_ratio": null,
            "account_receivable_turnover_ratio": null,
            "reinvestment_rate": null,
            "research_to_sale_ratio": null,
            "price_fair": 0,
            "eps_avg_yearly": 0,
            "eps_latest_yearly": 0,
            "eps_growth_yearly": 0
        },
        "20013": {
            "year_quarter": 20013,
            "year": 2001,
            "quarter": 3,
            "eps": null,
            "eps_growth_year": null,
            "eps_4q": null,
            "eps_4q_growth_year": null,
            "roe": null,
            "roe_4q": 0,
            "gross_profit": null,
            "gross_margin": null,
            "gross_margin_4q_avg": 0,
            "net_income": null,
            "revenue": null,
            "common_shares": null,
            "book_valuer_per_share": null,
            "book_valuer_per_share_4q_avg": 0,
            "equity": null,
            "current_ratio": null,
            "debt_ratio": null,
            "inventory_turnover_ratio": null,
            "account_receivable_turnover_ratio": null,
            "reinvestment_rate": null,
            "research_to_sale_ratio": null,
            "price_fair": 0,
            "eps_avg_yearly": 0,
            "eps_latest_yearly": 0,
            "eps_growth_yearly": 0
        },
        "20014": {
            "year_quarter": 20014,
            "year": 2001,
            "quarter": 4,
            "eps": null,
            "eps_growth_year": null,
            "eps_4q": null,
            "eps_4q_growth_year": null,
            "roe": null,
            "roe_4q": 0,
            "gross_profit": null,
            "gross_margin": null,
            "gross_margin_4q_avg": 0,
            "net_income": null,
            "revenue": null,
            "common_shares": null,
            "book_valuer_per_share": null,
            "book_valuer_per_share_4q_avg": 0,
            "equity": null,
            "current_ratio": null,
            "debt_ratio": null,
            "inventory_turnover_ratio": null,
            "account_receivable_turnover_ratio": null,
            "reinvestment_rate": null,
            "research_to_sale_ratio": null,
            "price_fair": 0,
            "eps_avg_yearly": 0,
            "eps_latest_yearly": 0,
            "eps_growth_yearly": 0
        },
        "20021": {
            "year_quarter": 20021,
            "year": 2002,
            "quarter": 1,
            "eps": null,
            "eps_growth_year": null,
            "eps_4q": null,
            "eps_4q_growth_year": null,
            "roe": null,
            "roe_4q": 0,
            "gross_profit": null,
            "gross_margin": null,
            "gross_margin_4q_avg": 0,
            "net_income": null,
            "revenue": null,
            "common_shares": null,
            "book_valuer_per_share": null,
            "book_valuer_per_share_4q_avg": 0,
            "equity": null,
            "current_ratio": null,
            "debt_ratio": null,
            "inventory_turnover_ratio": null,
            "account_receivable_turnover_ratio": null,
            "reinvestment_rate": null,
            "research_to_sale_ratio": null,
            "price_fair": 0,
            "eps_avg_yearly": 0,
            "eps_latest_yearly": 0,
            "eps_growth_yearly": 0
        },
        "20022": {
            "year_quarter": 20022,
            "year": 2002,
            "quarter": 2,
            "eps": null,
            "eps_growth_year": null,
            "eps_4q": null,
            "eps_4q_growth_year": null,
            "roe": null,
            "roe_4q": 0,
            "gross_profit": null,
            "gross_margin": null,
            "gross_margin_4q_avg": 0,
            "net_income": null,
            "revenue": null,
            "common_shares": null,
            "book_valuer_per_share": null,
            "book_valuer_per_share_4q_avg": 0,
            "equity": null,
            "current_ratio": null,
            "debt_ratio": null,
            "inventory_turnover_ratio": null,
            "account_receivable_turnover_ratio": null,
            "reinvestment_rate": null,
            "research_to_sale_ratio": null,
            "price_fair": 0,
            "eps_avg_yearly": 0,
            "eps_latest_yearly": 0,
            "eps_growth_yearly": 0
        },
        "20023": {
            "year_quarter": 20023,
            "year": 2002,
            "quarter": 3,
            "eps": null,
            "eps_growth_year": null,
            "eps_4q": null,
            "eps_4q_growth_year": null,
            "roe": null,
            "roe_4q": 0,
            "gross_profit": null,
            "gross_margin": null,
            "gross_margin_4q_avg": 0,
            "net_income": null,
            "revenue": null,
            "common_shares": null,
            "book_valuer_per_share": null,
            "book_valuer_per_share_4q_avg": 0,
            "equity": null,
            "current_ratio": null,
            "debt_ratio": null,
            "inventory_turnover_ratio": null,
            "account_receivable_turnover_ratio": null,
            "reinvestment_rate": null,
            "research_to_sale_ratio": null,
            "price_fair": 0,
            "eps_avg_yearly": 0,
            "eps_latest_yearly": 0,
            "eps_growth_yearly": 0
        },
        "20024": {
            "year_quarter": 20024,
            "year": 2002,
            "quarter": 4,
            "eps": null,
            "eps_growth_year": null,
            "eps_4q": null,
            "eps_4q_growth_year": null,
            "roe": null,
            "roe_4q": 0,
            "gross_profit": null,
            "gross_margin": null,
            "gross_margin_4q_avg": 0,
            "net_income": null,
            "revenue": null,
            "common_shares": null,
            "book_valuer_per_share": null,
            "book_valuer_per_share_4q_avg": 0,
            "equity": null,
            "current_ratio": null,
            "debt_ratio": null,
            "inventory_turnover_ratio": null,
            "account_receivable_turnover_ratio": null,
            "reinvestment_rate": null,
            "research_to_sale_ratio": null,
            "price_fair": 0,
            "eps_avg_yearly": 0,
            "eps_latest_yearly": 0,
            "eps_growth_yearly": 0
        },
        "20031": {
            "year_quarter": 20031,
            "year": 2003,
            "quarter": 1,
            "eps": null,
            "eps_growth_year": null,
            "eps_4q": null,
            "eps_4q_growth_year": null,
            "roe": null,
            "roe_4q": 0,
            "gross_profit": null,
            "gross_margin": null,
            "gross_margin_4q_avg": 0,
            "net_income": null,
            "revenue": null,
            "common_shares": null,
            "book_valuer_per_share": null,
            "book_valuer_per_share_4q_avg": 0,
            "equity": null,
            "current_ratio": null,
            "debt_ratio": null,
            "inventory_turnover_ratio": null,
            "account_receivable_turnover_ratio": null,
            "reinvestment_rate": null,
            "research_to_sale_ratio": null,
            "price_fair": 0,
            "eps_avg_yearly": 0,
            "eps_latest_yearly": 0,
            "eps_growth_yearly": 0
        },
        "20032": {
            "year_quarter": 20032,
            "year": 2003,
            "quarter": 2,
            "eps": null,
            "eps_growth_year": null,
            "eps_4q": null,
            "eps_4q_growth_year": null,
            "roe": null,
            "roe_4q": 0,
            "gross_profit": null,
            "gross_margin": null,
            "gross_margin_4q_avg": 0,
            "net_income": null,
            "revenue": null,
            "common_shares": null,
            "book_valuer_per_share": null,
            "book_valuer_per_share_4q_avg": 0,
            "equity": null,
            "current_ratio": null,
            "debt_ratio": null,
            "inventory_turnover_ratio": null,
            "account_receivable_turnover_ratio": null,
            "reinvestment_rate": null,
            "research_to_sale_ratio": null,
            "price_fair": 0,
            "eps_avg_yearly": 0,
            "eps_latest_yearly": 0,
            "eps_growth_yearly": 0
        },
        "20033": {
            "year_quarter": 20033,
            "year": 2003,
            "quarter": 3,
            "eps": null,
            "eps_growth_year": null,
            "eps_4q": null,
            "eps_4q_growth_year": null,
            "roe": null,
            "roe_4q": 0,
            "gross_profit": null,
            "gross_margin": null,
            "gross_margin_4q_avg": 0,
            "net_income": null,
            "revenue": null,
            "common_shares": null,
            "book_valuer_per_share": null,
            "book_valuer_per_share_4q_avg": 0,
            "equity": null,
            "current_ratio": null,
            "debt_ratio": null,
            "inventory_turnover_ratio": null,
            "account_receivable_turnover_ratio": null,
            "reinvestment_rate": null,
            "research_to_sale_ratio": null,
            "price_fair": 0,
            "eps_avg_yearly": 0,
            "eps_latest_yearly": 0,
            "eps_growth_yearly": 0
        },
        "20034": {
            "year_quarter": 20034,
            "year": 2003,
            "quarter": 4,
            "eps": null,
            "eps_growth_year": null,
            "eps_4q": null,
            "eps_4q_growth_year": null,
            "roe": null,
            "roe_4q": 0,
            "gross_profit": null,
            "gross_margin": null,
            "gross_margin_4q_avg": 0,
            "net_income": null,
            "revenue": null,
            "common_shares": null,
            "book_valuer_per_share": null,
            "book_valuer_per_share_4q_avg": 0,
            "equity": null,
            "current_ratio": null,
            "debt_ratio": null,
            "inventory_turnover_ratio": null,
            "account_receivable_turnover_ratio": null,
            "reinvestment_rate": null,
            "research_to_sale_ratio": null,
            "price_fair": 0,
            "eps_avg_yearly": 0,
            "eps_latest_yearly": 0,
            "eps_growth_yearly": 0
        },
        "20041": {
            "year_quarter": 20041,
            "year": 2004,
            "quarter": 1,
            "eps": null,
            "eps_growth_year": null,
            "eps_4q": null,
            "eps_4q_growth_year": null,
            "roe": null,
            "roe_4q": 0,
            "gross_profit": null,
            "gross_margin": null,
            "gross_margin_4q_avg": 0,
            "net_income": null,
            "revenue": null,
            "common_shares": null,
            "book_valuer_per_share": null,
            "book_valuer_per_share_4q_avg": 0,
            "equity": null,
            "current_ratio": null,
            "debt_ratio": null,
            "inventory_turnover_ratio": null,
            "account_receivable_turnover_ratio": null,
            "reinvestment_rate": null,
            "research_to_sale_ratio": null,
            "price_fair": 0,
            "eps_avg_yearly": 0,
            "eps_latest_yearly": 0,
            "eps_growth_yearly": 0
        },
        "20042": {
            "year_quarter": 20042,
            "year": 2004,
            "quarter": 2,
            "eps": null,
            "eps_growth_year": null,
            "eps_4q": null,
            "eps_4q_growth_year": null,
            "roe": null,
            "roe_4q": 0,
            "gross_profit": null,
            "gross_margin": null,
            "gross_margin_4q_avg": 0,
            "net_income": null,
            "revenue": null,
            "common_shares": null,
            "book_valuer_per_share": null,
            "book_valuer_per_share_4q_avg": 0,
            "equity": null,
            "current_ratio": null,
            "debt_ratio": null,
            "inventory_turnover_ratio": null,
            "account_receivable_turnover_ratio": null,
            "reinvestment_rate": null,
            "research_to_sale_ratio": null,
            "price_fair": 0,
            "eps_avg_yearly": 0,
            "eps_latest_yearly": 0,
            "eps_growth_yearly": 0
        },
        "20043": {
            "year_quarter": 20043,
            "year": 2004,
            "quarter": 3,
            "eps": null,
            "eps_growth_year": null,
            "eps_4q": null,
            "eps_4q_growth_year": null,
            "roe": null,
            "roe_4q": 0,
            "gross_profit": null,
            "gross_margin": null,
            "gross_margin_4q_avg": 0,
            "net_income": null,
            "revenue": null,
            "common_shares": null,
            "book_valuer_per_share": null,
            "book_valuer_per_share_4q_avg": 0,
            "equity": null,
            "current_ratio": null,
            "debt_ratio": null,
            "inventory_turnover_ratio": null,
            "account_receivable_turnover_ratio": null,
            "reinvestment_rate": null,
            "research_to_sale_ratio": null,
            "price_fair": 0,
            "eps_avg_yearly": 0,
            "eps_latest_yearly": 0,
            "eps_growth_yearly": 0
        },
        "20044": {
            "year_quarter": 20044,
            "year": 2004,
            "quarter": 4,
            "eps": null,
            "eps_growth_year": null,
            "eps_4q": null,
            "eps_4q_growth_year": null,
            "roe": null,
            "roe_4q": 0,
            "gross_profit": null,
            "gross_margin": null,
            "gross_margin_4q_avg": 0,
            "net_income": null,
            "revenue": null,
            "common_shares": null,
            "book_valuer_per_share": null,
            "book_valuer_per_share_4q_avg": 0,
            "equity": null,
            "current_ratio": null,
            "debt_ratio": null,
            "inventory_turnover_ratio": null,
            "account_receivable_turnover_ratio": null,
            "reinvestment_rate": null,
            "research_to_sale_ratio": null,
            "price_fair": 0,
            "eps_avg_yearly": 0,
            "eps_latest_yearly": 0,
            "eps_growth_yearly": 0
        },
        "20051": {
            "year_quarter": 20051,
            "year": 2005,
            "quarter": 1,
            "eps": null,
            "eps_growth_year": null,
            "eps_4q": null,
            "eps_4q_growth_year": null,
            "roe": null,
            "roe_4q": 0,
            "gross_profit": null,
            "gross_margin": null,
            "gross_margin_4q_avg": 0,
            "net_income": null,
            "revenue": null,
            "common_shares": null,
            "book_valuer_per_share": null,
            "book_valuer_per_share_4q_avg": 0,
            "equity": null,
            "current_ratio": null,
            "debt_ratio": null,
            "inventory_turnover_ratio": null,
            "account_receivable_turnover_ratio": null,
            "reinvestment_rate": null,
            "research_to_sale_ratio": null,
            "price_fair": 0,
            "eps_avg_yearly": 0,
            "eps_latest_yearly": 0,
            "eps_growth_yearly": 0
        },
        "20052": {
            "year_quarter": 20052,
            "year": 2005,
            "quarter": 2,
            "eps": null,
            "eps_growth_year": null,
            "eps_4q": null,
            "eps_4q_growth_year": null,
            "roe": null,
            "roe_4q": 0,
            "gross_profit": null,
            "gross_margin": null,
            "gross_margin_4q_avg": 0,
            "net_income": null,
            "revenue": null,
            "common_shares": null,
            "book_valuer_per_share": null,
            "book_valuer_per_share_4q_avg": 0,
            "equity": null,
            "current_ratio": null,
            "debt_ratio": null,
            "inventory_turnover_ratio": null,
            "account_receivable_turnover_ratio": null,
            "reinvestment_rate": null,
            "research_to_sale_ratio": null,
            "price_fair": 0,
            "eps_avg_yearly": 0,
            "eps_latest_yearly": 0,
            "eps_growth_yearly": 0
        },
        "20053": {
            "year_quarter": 20053,
            "year": 2005,
            "quarter": 3,
            "eps": null,
            "eps_growth_year": null,
            "eps_4q": null,
            "eps_4q_growth_year": null,
            "roe": null,
            "roe_4q": 0,
            "gross_profit": null,
            "gross_margin": null,
            "gross_margin_4q_avg": 0,
            "net_income": null,
            "revenue": null,
            "common_shares": null,
            "book_valuer_per_share": null,
            "book_valuer_per_share_4q_avg": 0,
            "equity": null,
            "current_ratio": null,
            "debt_ratio": null,
            "inventory_turnover_ratio": null,
            "account_receivable_turnover_ratio": null,
            "reinvestment_rate": null,
            "research_to_sale_ratio": null,
            "price_fair": 0,
            "eps_avg_yearly": 0,
            "eps_latest_yearly": 0,
            "eps_growth_yearly": 0
        },
        "20054": {
            "year_quarter": 20054,
            "year": 2005,
            "quarter": 4,
            "eps": null,
            "eps_growth_year": null,
            "eps_4q": null,
            "eps_4q_growth_year": null,
            "roe": null,
            "roe_4q": 0,
            "gross_profit": null,
            "gross_margin": null,
            "gross_margin_4q_avg": 0,
            "net_income": null,
            "revenue": null,
            "common_shares": null,
            "book_valuer_per_share": null,
            "book_valuer_per_share_4q_avg": 0,
            "equity": null,
            "current_ratio": null,
            "debt_ratio": null,
            "inventory_turnover_ratio": null,
            "account_receivable_turnover_ratio": null,
            "reinvestment_rate": null,
            "research_to_sale_ratio": null,
            "price_fair": 0,
            "eps_avg_yearly": 0,
            "eps_latest_yearly": 0,
            "eps_growth_yearly": 0
        },
        "20061": {
            "year_quarter": 20061,
            "year": 2006,
            "quarter": 1,
            "eps": null,
            "eps_growth_year": null,
            "eps_4q": null,
            "eps_4q_growth_year": null,
            "roe": null,
            "roe_4q": 0,
            "gross_profit": null,
            "gross_margin": null,
            "gross_margin_4q_avg": 0,
            "net_income": null,
            "revenue": null,
            "common_shares": null,
            "book_valuer_per_share": null,
            "book_valuer_per_share_4q_avg": 0,
            "equity": null,
            "current_ratio": null,
            "debt_ratio": null,
            "inventory_turnover_ratio": null,
            "account_receivable_turnover_ratio": null,
            "reinvestment_rate": null,
            "research_to_sale_ratio": null,
            "price_fair": 0,
            "eps_avg_yearly": 0,
            "eps_latest_yearly": 0,
            "eps_growth_yearly": 0
        },
        "20062": {
            "year_quarter": 20062,
            "year": 2006,
            "quarter": 2,
            "eps": null,
            "eps_growth_year": null,
            "eps_4q": null,
            "eps_4q_growth_year": null,
            "roe": null,
            "roe_4q": 0,
            "gross_profit": null,
            "gross_margin": null,
            "gross_margin_4q_avg": 0,
            "net_income": null,
            "revenue": null,
            "common_shares": null,
            "book_valuer_per_share": null,
            "book_valuer_per_share_4q_avg": 0,
            "equity": null,
            "current_ratio": null,
            "debt_ratio": null,
            "inventory_turnover_ratio": null,
            "account_receivable_turnover_ratio": null,
            "reinvestment_rate": null,
            "research_to_sale_ratio": null,
            "price_fair": 0,
            "eps_avg_yearly": 0,
            "eps_latest_yearly": 0,
            "eps_growth_yearly": 0
        },
        "20063": {
            "year_quarter": 20063,
            "year": 2006,
            "quarter": 3,
            "eps": null,
            "eps_growth_year": null,
            "eps_4q": null,
            "eps_4q_growth_year": null,
            "roe": null,
            "roe_4q": 0,
            "gross_profit": null,
            "gross_margin": null,
            "gross_margin_4q_avg": 0,
            "net_income": null,
            "revenue": null,
            "common_shares": null,
            "book_valuer_per_share": null,
            "book_valuer_per_share_4q_avg": 0,
            "equity": null,
            "current_ratio": null,
            "debt_ratio": null,
            "inventory_turnover_ratio": null,
            "account_receivable_turnover_ratio": null,
            "reinvestment_rate": null,
            "research_to_sale_ratio": null,
            "price_fair": 0,
            "eps_avg_yearly": 0,
            "eps_latest_yearly": 0,
            "eps_growth_yearly": 0
        },
        "20064": {
            "year_quarter": 20064,
            "year": 2006,
            "quarter": 4,
            "eps": null,
            "eps_growth_year": null,
            "eps_4q": null,
            "eps_4q_growth_year": null,
            "roe": null,
            "roe_4q": 0,
            "gross_profit": null,
            "gross_margin": null,
            "gross_margin_4q_avg": 0,
            "net_income": null,
            "revenue": null,
            "common_shares": 400000,
            "book_valuer_per_share": 8.96,
            "book_valuer_per_share_4q_avg": 2.24,
            "equity": 358396,
            "current_ratio": 298.78,
            "debt_ratio": 29.99,
            "inventory_turnover_ratio": null,
            "account_receivable_turnover_ratio": null,
            "reinvestment_rate": null,
            "research_to_sale_ratio": null,
            "price_fair": 0,
            "eps_avg_yearly": 0,
            "eps_latest_yearly": 0,
            "eps_growth_yearly": 0
        },
        "20071": {
            "year_quarter": 20071,
            "year": 2007,
            "quarter": 1,
            "eps": null,
            "eps_growth_year": null,
            "eps_4q": null,
            "eps_4q_growth_year": null,
            "roe": null,
            "roe_4q": 0,
            "gross_profit": null,
            "gross_margin": null,
            "gross_margin_4q_avg": 0,
            "net_income": null,
            "revenue": null,
            "common_shares": null,
            "book_valuer_per_share": null,
            "book_valuer_per_share_4q_avg": 2.24,
            "equity": null,
            "current_ratio": null,
            "debt_ratio": null,
            "inventory_turnover_ratio": null,
            "account_receivable_turnover_ratio": null,
            "reinvestment_rate": null,
            "research_to_sale_ratio": null,
            "price_fair": 0,
            "eps_avg_yearly": 0,
            "eps_latest_yearly": 0,
            "eps_growth_yearly": 0
        },
        "20072": {
            "year_quarter": 20072,
            "year": 2007,
            "quarter": 2,
            "eps": null,
            "eps_growth_year": null,
            "eps_4q": null,
            "eps_4q_growth_year": null,
            "roe": null,
            "roe_4q": 0,
            "gross_profit": null,
            "gross_margin": null,
            "gross_margin_4q_avg": 0,
            "net_income": null,
            "revenue": null,
            "common_shares": null,
            "book_valuer_per_share": null,
            "book_valuer_per_share_4q_avg": 2.24,
            "equity": null,
            "current_ratio": null,
            "debt_ratio": null,
            "inventory_turnover_ratio": null,
            "account_receivable_turnover_ratio": null,
            "reinvestment_rate": null,
            "research_to_sale_ratio": null,
            "price_fair": 0,
            "eps_avg_yearly": 0,
            "eps_latest_yearly": 0,
            "eps_growth_yearly": 0
        },
        "20073": {
            "year_quarter": 20073,
            "year": 2007,
            "quarter": 3,
            "eps": null,
            "eps_growth_year": null,
            "eps_4q": null,
            "eps_4q_growth_year": null,
            "roe": null,
            "roe_4q": 0,
            "gross_profit": null,
            "gross_margin": null,
            "gross_margin_4q_avg": 0,
            "net_income": null,
            "revenue": null,
            "common_shares": null,
            "book_valuer_per_share": null,
            "book_valuer_per_share_4q_avg": 2.24,
            "equity": null,
            "current_ratio": null,
            "debt_ratio": null,
            "inventory_turnover_ratio": null,
            "account_receivable_turnover_ratio": null,
            "reinvestment_rate": null,
            "research_to_sale_ratio": null,
            "price_fair": 0,
            "eps_avg_yearly": 0,
            "eps_latest_yearly": 0,
            "eps_growth_yearly": 0
        },
        "20074": {
            "year_quarter": 20074,
            "year": 2007,
            "quarter": 4,
            "eps": null,
            "eps_growth_year": null,
            "eps_4q": null,
            "eps_4q_growth_year": null,
            "roe": null,
            "roe_4q": 0,
            "gross_profit": null,
            "gross_margin": null,
            "gross_margin_4q_avg": 0,
            "net_income": null,
            "revenue": null,
            "common_shares": 607660,
            "book_valuer_per_share": 9.57,
            "book_valuer_per_share_4q_avg": 2.39,
            "equity": 581303,
            "current_ratio": 211.25,
            "debt_ratio": 43.5,
            "inventory_turnover_ratio": null,
            "account_receivable_turnover_ratio": null,
            "reinvestment_rate": null,
            "research_to_sale_ratio": null,
            "price_fair": 0,
            "eps_avg_yearly": 0,
            "eps_latest_yearly": 0,
            "eps_growth_yearly": 0
        },
        "20081": {
            "year_quarter": 20081,
            "year": 2008,
            "quarter": 1,
            "eps": null,
            "eps_growth_year": null,
            "eps_4q": null,
            "eps_4q_growth_year": null,
            "roe": null,
            "roe_4q": 0,
            "gross_profit": null,
            "gross_margin": null,
            "gross_margin_4q_avg": 0,
            "net_income": null,
            "revenue": null,
            "common_shares": null,
            "book_valuer_per_share": null,
            "book_valuer_per_share_4q_avg": 2.39,
            "equity": null,
            "current_ratio": null,
            "debt_ratio": null,
            "inventory_turnover_ratio": null,
            "account_receivable_turnover_ratio": null,
            "reinvestment_rate": null,
            "research_to_sale_ratio": null,
            "price_fair": 0,
            "eps_avg_yearly": 0,
            "eps_latest_yearly": 0,
            "eps_growth_yearly": 0
        },
        "20082": {
            "year_quarter": 20082,
            "year": 2008,
            "quarter": 2,
            "eps": null,
            "eps_growth_year": null,
            "eps_4q": null,
            "eps_4q_growth_year": null,
            "roe": null,
            "roe_4q": 0,
            "gross_profit": null,
            "gross_margin": null,
            "gross_margin_4q_avg": 0,
            "net_income": null,
            "revenue": null,
            "common_shares": null,
            "book_valuer_per_share": null,
            "book_valuer_per_share_4q_avg": 2.39,
            "equity": null,
            "current_ratio": null,
            "debt_ratio": null,
            "inventory_turnover_ratio": null,
            "account_receivable_turnover_ratio": null,
            "reinvestment_rate": null,
            "research_to_sale_ratio": null,
            "price_fair": 0,
            "eps_avg_yearly": 0,
            "eps_latest_yearly": 0,
            "eps_growth_yearly": 0
        },
        "20083": {
            "year_quarter": 20083,
            "year": 2008,
            "quarter": 3,
            "eps": null,
            "eps_growth_year": null,
            "eps_4q": null,
            "eps_4q_growth_year": null,
            "roe": null,
            "roe_4q": 0,
            "gross_profit": null,
            "gross_margin": null,
            "gross_margin_4q_avg": 0,
            "net_income": null,
            "revenue": null,
            "common_shares": null,
            "book_valuer_per_share": null,
            "book_valuer_per_share_4q_avg": 2.39,
            "equity": null,
            "current_ratio": null,
            "debt_ratio": null,
            "inventory_turnover_ratio": null,
            "account_receivable_turnover_ratio": null,
            "reinvestment_rate": null,
            "research_to_sale_ratio": null,
            "price_fair": 0,
            "eps_avg_yearly": 0,
            "eps_latest_yearly": 0,
            "eps_growth_yearly": 0
        },
        "20084": {
            "year_quarter": 20084,
            "year": 2008,
            "quarter": 4,
            "eps": null,
            "eps_growth_year": null,
            "eps_4q": null,
            "eps_4q_growth_year": null,
            "roe": null,
            "roe_4q": 0,
            "gross_profit": null,
            "gross_margin": null,
            "gross_margin_4q_avg": 0,
            "net_income": null,
            "revenue": null,
            "common_shares": 615700,
            "book_valuer_per_share": 8.9,
            "book_valuer_per_share_4q_avg": 2.23,
            "equity": 547796,
            "current_ratio": 225.1,
            "debt_ratio": 37.22,
            "inventory_turnover_ratio": null,
            "account_receivable_turnover_ratio": null,
            "reinvestment_rate": null,
            "research_to_sale_ratio": null,
            "price_fair": 0,
            "eps_avg_yearly": 0,
            "eps_latest_yearly": 0,
            "eps_growth_yearly": 0
        },
        "20091": {
            "year_quarter": 20091,
            "year": 2009,
            "quarter": 1,
            "eps": null,
            "eps_growth_year": null,
            "eps_4q": null,
            "eps_4q_growth_year": null,
            "roe": null,
            "roe_4q": 0,
            "gross_profit": null,
            "gross_margin": null,
            "gross_margin_4q_avg": 0,
            "net_income": null,
            "revenue": null,
            "common_shares": null,
            "book_valuer_per_share": null,
            "book_valuer_per_share_4q_avg": 2.23,
            "equity": null,
            "current_ratio": null,
            "debt_ratio": null,
            "inventory_turnover_ratio": null,
            "account_receivable_turnover_ratio": null,
            "reinvestment_rate": null,
            "research_to_sale_ratio": null,
            "price_fair": 0,
            "eps_avg_yearly": 0,
            "eps_latest_yearly": 0,
            "eps_growth_yearly": 0
        },
        "20092": {
            "year_quarter": 20092,
            "year": 2009,
            "quarter": 2,
            "eps": null,
            "eps_growth_year": null,
            "eps_4q": null,
            "eps_4q_growth_year": null,
            "roe": null,
            "roe_4q": 0,
            "gross_profit": null,
            "gross_margin": null,
            "gross_margin_4q_avg": 0,
            "net_income": null,
            "revenue": null,
            "common_shares": null,
            "book_valuer_per_share": null,
            "book_valuer_per_share_4q_avg": 2.23,
            "equity": null,
            "current_ratio": null,
            "debt_ratio": null,
            "inventory_turnover_ratio": null,
            "account_receivable_turnover_ratio": null,
            "reinvestment_rate": null,
            "research_to_sale_ratio": null,
            "price_fair": 0,
            "eps_avg_yearly": 0,
            "eps_latest_yearly": 0,
            "eps_growth_yearly": 0
        },
        "20093": {
            "year_quarter": 20093,
            "year": 2009,
            "quarter": 3,
            "eps": null,
            "eps_growth_year": null,
            "eps_4q": null,
            "eps_4q_growth_year": null,
            "roe": null,
            "roe_4q": 0,
            "gross_profit": null,
            "gross_margin": null,
            "gross_margin_4q_avg": 0,
            "net_income": null,
            "revenue": null,
            "common_shares": null,
            "book_valuer_per_share": null,
            "book_valuer_per_share_4q_avg": 2.23,
            "equity": null,
            "current_ratio": null,
            "debt_ratio": null,
            "inventory_turnover_ratio": null,
            "account_receivable_turnover_ratio": null,
            "reinvestment_rate": null,
            "research_to_sale_ratio": null,
            "price_fair": 0,
            "eps_avg_yearly": 0,
            "eps_latest_yearly": 0,
            "eps_growth_yearly": 0
        },
        "20094": {
            "year_quarter": 20094,
            "year": 2009,
            "quarter": 4,
            "eps": null,
            "eps_growth_year": null,
            "eps_4q": null,
            "eps_4q_growth_year": null,
            "roe": null,
            "roe_4q": 0,
            "gross_profit": null,
            "gross_margin": null,
            "gross_margin_4q_avg": 0,
            "net_income": null,
            "revenue": null,
            "common_shares": 616700,
            "book_valuer_per_share": 13.07,
            "book_valuer_per_share_4q_avg": 3.27,
            "equity": 806046,
            "current_ratio": 166.7,
            "debt_ratio": 51.95,
            "inventory_turnover_ratio": null,
            "account_receivable_turnover_ratio": null,
            "reinvestment_rate": null,
            "research_to_sale_ratio": null,
            "price_fair": 0,
            "eps_avg_yearly": 0,
            "eps_latest_yearly": 0,
            "eps_growth_yearly": 0
        },
        "20101": {
            "year_quarter": 20101,
            "year": 2010,
            "quarter": 1,
            "eps": null,
            "eps_growth_year": null,
            "eps_4q": null,
            "eps_4q_growth_year": null,
            "roe": null,
            "roe_4q": 0,
            "gross_profit": null,
            "gross_margin": null,
            "gross_margin_4q_avg": 0,
            "net_income": null,
            "revenue": null,
            "common_shares": null,
            "book_valuer_per_share": null,
            "book_valuer_per_share_4q_avg": 3.27,
            "equity": null,
            "current_ratio": null,
            "debt_ratio": null,
            "inventory_turnover_ratio": null,
            "account_receivable_turnover_ratio": null,
            "reinvestment_rate": null,
            "research_to_sale_ratio": null,
            "price_fair": 0,
            "eps_avg_yearly": 0,
            "eps_latest_yearly": 0,
            "eps_growth_yearly": 0
        },
        "20102": {
            "year_quarter": 20102,
            "year": 2010,
            "quarter": 2,
            "eps": null,
            "eps_growth_year": null,
            "eps_4q": null,
            "eps_4q_growth_year": null,
            "roe": null,
            "roe_4q": 0,
            "gross_profit": null,
            "gross_margin": null,
            "gross_margin_4q_avg": 0,
            "net_income": null,
            "revenue": null,
            "common_shares": 0,
            "book_valuer_per_share": null,
            "book_valuer_per_share_4q_avg": 3.27,
            "equity": 0,
            "current_ratio": null,
            "debt_ratio": null,
            "inventory_turnover_ratio": null,
            "account_receivable_turnover_ratio": null,
            "reinvestment_rate": null,
            "research_to_sale_ratio": null,
            "price_fair": 0,
            "eps_avg_yearly": 0,
            "eps_latest_yearly": 0,
            "eps_growth_yearly": 0
        },
        "20103": {
            "year_quarter": 20103,
            "year": 2010,
            "quarter": 3,
            "eps": null,
            "eps_growth_year": null,
            "eps_4q": null,
            "eps_4q_growth_year": null,
            "roe": null,
            "roe_4q": 0,
            "gross_profit": null,
            "gross_margin": null,
            "gross_margin_4q_avg": 0,
            "net_income": null,
            "revenue": null,
            "common_shares": null,
            "book_valuer_per_share": null,
            "book_valuer_per_share_4q_avg": 3.27,
            "equity": null,
            "current_ratio": null,
            "debt_ratio": null,
            "inventory_turnover_ratio": null,
            "account_receivable_turnover_ratio": null,
            "reinvestment_rate": null,
            "research_to_sale_ratio": null,
            "price_fair": 0,
            "eps_avg_yearly": 0,
            "eps_latest_yearly": 0,
            "eps_growth_yearly": 0
        },
        "20104": {
            "year_quarter": 20104,
            "year": 2010,
            "quarter": 4,
            "eps": null,
            "eps_growth_year": null,
            "eps_4q": null,
            "eps_4q_growth_year": null,
            "roe": null,
            "roe_4q": 0,
            "gross_profit": null,
            "gross_margin": null,
            "gross_margin_4q_avg": 0,
            "net_income": null,
            "revenue": null,
            "common_shares": 670126,
            "book_valuer_per_share": 16,
            "book_valuer_per_share_4q_avg": 4,
            "equity": 1095629,
            "current_ratio": 169.92,
            "debt_ratio": 49.91,
            "inventory_turnover_ratio": null,
            "account_receivable_turnover_ratio": null,
            "reinvestment_rate": null,
            "research_to_sale_ratio": null,
            "price_fair": 0,
            "eps_avg_yearly": 0,
            "eps_latest_yearly": 0,
            "eps_growth_yearly": 0
        },
        "20111": {
            "year_quarter": 20111,
            "year": 2011,
            "quarter": 1,
            "eps": null,
            "eps_growth_year": null,
            "eps_4q": null,
            "eps_4q_growth_year": null,
            "roe": null,
            "roe_4q": 0,
            "gross_profit": 177634,
            "gross_margin": null,
            "gross_margin_4q_avg": 0,
            "net_income": 65296,
            "revenue": 723448,
            "common_shares": 786065,
            "book_valuer_per_share": 14.13,
            "book_valuer_per_share_4q_avg": 7.53,
            "equity": 1110870,
            "current_ratio": 164.19,
            "debt_ratio": 53.18,
            "inventory_turnover_ratio": null,
            "account_receivable_turnover_ratio": null,
            "reinvestment_rate": null,
            "research_to_sale_ratio": null,
            "price_fair": 0,
            "eps_avg_yearly": 0,
            "eps_latest_yearly": 0,
            "eps_growth_yearly": 0
        },
        "20112": {
            "year_quarter": 20112,
            "year": 2011,
            "quarter": 2,
            "eps": 0.69,
            "eps_growth_year": null,
            "eps_4q": null,
            "eps_4q_growth_year": null,
            "roe": 4.82,
            "roe_4q": 4.82,
            "gross_profit": 206542,
            "gross_margin": 28.47,
            "gross_margin_4q_avg": 7.12,
            "net_income": 55390,
            "revenue": 725473,
            "common_shares": 786065,
            "book_valuer_per_share": 14.8,
            "book_valuer_per_share_4q_avg": 11.23,
            "equity": 1187257,
            "current_ratio": 156.38,
            "debt_ratio": 51.54,
            "inventory_turnover_ratio": 4.54,
            "account_receivable_turnover_ratio": 1.54,
            "reinvestment_rate": null,
            "research_to_sale_ratio": null,
            "price_fair": 0,
            "eps_avg_yearly": 0,
            "eps_latest_yearly": 0,
            "eps_growth_yearly": 0
        },
        "20113": {
            "year_quarter": 20113,
            "year": 2011,
            "quarter": 3,
            "eps": null,
            "eps_growth_year": null,
            "eps_4q": null,
            "eps_4q_growth_year": null,
            "roe": null,
            "roe_4q": 4.82,
            "gross_profit": 182428,
            "gross_margin": null,
            "gross_margin_4q_avg": 7.12,
            "net_income": 47112,
            "revenue": 793346,
            "common_shares": 802335,
            "book_valuer_per_share": 15.39,
            "book_valuer_per_share_4q_avg": 15.08,
            "equity": 1235047,
            "current_ratio": 160.94,
            "debt_ratio": 50.17,
            "inventory_turnover_ratio": null,
            "account_receivable_turnover_ratio": null,
            "reinvestment_rate": null,
            "research_to_sale_ratio": null,
            "price_fair": 0,
            "eps_avg_yearly": 0,
            "eps_latest_yearly": 0,
            "eps_growth_yearly": 0
        },
        "20114": {
            "year_quarter": 20114,
            "year": 2011,
            "quarter": 4,
            "eps": null,
            "eps_growth_year": null,
            "eps_4q": null,
            "eps_4q_growth_year": null,
            "roe": null,
            "roe_4q": 4.82,
            "gross_profit": 701494,
            "gross_margin": null,
            "gross_margin_4q_avg": 7.12,
            "net_income": 217095,
            "revenue": 2901512,
            "common_shares": 802335,
            "book_valuer_per_share": 16,
            "book_valuer_per_share_4q_avg": 15.08,
            "equity": 1284124,
            "current_ratio": 171.66,
            "debt_ratio": 45.36,
            "inventory_turnover_ratio": null,
            "account_receivable_turnover_ratio": null,
            "reinvestment_rate": null,
            "research_to_sale_ratio": null,
            "price_fair": 0,
            "eps_avg_yearly": 0,
            "eps_latest_yearly": 0,
            "eps_growth_yearly": 0
        },
        "20121": {
            "year_quarter": 20121,
            "year": 2012,
            "quarter": 1,
            "eps": 0.69,
            "eps_growth_year": null,
            "eps_4q": 1.38,
            "eps_4q_growth_year": null,
            "roe": 4.24,
            "roe_4q": 9.06,
            "gross_profit": 169734,
            "gross_margin": 24.02,
            "gross_margin_4q_avg": 13.12,
            "net_income": 55552,
            "revenue": 706610,
            "common_shares": 802335,
            "book_valuer_per_share": 16.69,
            "book_valuer_per_share_4q_avg": 15.72,
            "equity": 1339198,
            "current_ratio": 183.08,
            "debt_ratio": 43.33,
            "inventory_turnover_ratio": 4.07,
            "account_receivable_turnover_ratio": 0.77,
            "reinvestment_rate": null,
            "research_to_sale_ratio": 9.57,
            "price_fair": 0,
            "eps_avg_yearly": 0,
            "eps_latest_yearly": 0,
            "eps_growth_yearly": 0
        },
        "20122": {
            "year_quarter": 20122,
            "year": 2012,
            "quarter": 2,
            "eps": 1.11,
            "eps_growth_year": 60.9,
            "eps_4q": 1.8,
            "eps_4q_growth_year": null,
            "roe": 6.83,
            "roe_4q": 11.07,
            "gross_profit": 225882,
            "gross_margin": 27.85,
            "gross_margin_4q_avg": 12.97,
            "net_income": 89120,
            "revenue": 811154,
            "common_shares": 802335,
            "book_valuer_per_share": 15.82,
            "book_valuer_per_share_4q_avg": 15.98,
            "equity": 1269444,
            "current_ratio": 153.42,
            "debt_ratio": 49.18,
            "inventory_turnover_ratio": 4.25,
            "account_receivable_turnover_ratio": 0.81,
            "reinvestment_rate": null,
            "research_to_sale_ratio": 9.04,
            "price_fair": 155.4,
            "eps_avg_yearly": 4.44,
            "eps_latest_yearly": 4.44,
            "eps_growth_yearly": 243.48
        },
        "20123": {
            "year_quarter": 20123,
            "year": 2012,
            "quarter": 3,
            "eps": 1.1,
            "eps_growth_year": null,
            "eps_4q": 2.73,
            "eps_4q_growth_year": null,
            "roe": 6.76,
            "roe_4q": 17.83,
            "gross_profit": 254470,
            "gross_margin": 30.29,
            "gross_margin_4q_avg": 20.54,
            "net_income": 97875,
            "revenue": 840061,
            "common_shares": 889315,
            "book_valuer_per_share": 18.28,
            "book_valuer_per_share_4q_avg": 16.7,
            "equity": 1625282,
            "current_ratio": 195.81,
            "debt_ratio": 40.92,
            "inventory_turnover_ratio": 4.09,
            "account_receivable_turnover_ratio": 0.76,
            "reinvestment_rate": null,
            "research_to_sale_ratio": 8.84,
            "price_fair": 154.7,
            "eps_avg_yearly": 4.42,
            "eps_latest_yearly": 4.4,
            "eps_growth_yearly": 119.94
        },
        "20124": {
            "year_quarter": 20124,
            "year": 2012,
            "quarter": 4,
            "eps": 1.11,
            "eps_growth_year": null,
            "eps_4q": 3.84,
            "eps_4q_growth_year": null,
            "roe": 5.9,
            "roe_4q": 23.730000000000004,
            "gross_profit": 256487,
            "gross_margin": 28.57,
            "gross_margin_4q_avg": 27.68,
            "net_income": 98860,
            "revenue": 897689,
            "common_shares": 889315,
            "book_valuer_per_share": 19.38,
            "book_valuer_per_share_4q_avg": 17.54,
            "equity": 1723544,
            "current_ratio": 201.78,
            "debt_ratio": 40.51,
            "inventory_turnover_ratio": 3.7,
            "account_receivable_turnover_ratio": 0.77,
            "reinvestment_rate": null,
            "research_to_sale_ratio": 8.88,
            "price_fair": 154.93,
            "eps_avg_yearly": 4.43,
            "eps_latest_yearly": 4.44,
            "eps_growth_yearly": 81.17
        },
        "20131": {
            "year_quarter": 20131,
            "year": 2013,
            "quarter": 1,
            "eps": 1.17,
            "eps_growth_year": 69.57,
            "eps_4q": 4.39,
            "eps_4q_growth_year": 217.19,
            "roe": 5.88,
            "roe_4q": 25.369999999999997,
            "gross_profit": 256495,
            "gross_margin": 27.84,
            "gross_margin_4q_avg": 28.64,
            "net_income": 104189,
            "revenue": 921424,
            "common_shares": 889315,
            "book_valuer_per_share": 20.46,
            "book_valuer_per_share_4q_avg": 18.49,
            "equity": 1819874,
            "current_ratio": 209.93,
            "debt_ratio": 40.49,
            "inventory_turnover_ratio": 3.78,
            "account_receivable_turnover_ratio": 0.74,
            "reinvestment_rate": null,
            "research_to_sale_ratio": 8.89,
            "price_fair": 157.15,
            "eps_avg_yearly": 4.49,
            "eps_latest_yearly": 4.68,
            "eps_growth_yearly": 66.28
        },
        "20132": {
            "year_quarter": 20132,
            "year": 2013,
            "quarter": 2,
            "eps": 1.07,
            "eps_growth_year": -3.67,
            "eps_4q": 4.45,
            "eps_4q_growth_year": 146.78,
            "roe": 5.47,
            "roe_4q": 24.009999999999998,
            "gross_profit": 270414,
            "gross_margin": 29.2,
            "gross_margin_4q_avg": 28.98,
            "net_income": 94808,
            "revenue": 925968,
            "common_shares": 889315,
            "book_valuer_per_share": 18.53,
            "book_valuer_per_share_4q_avg": 19.16,
            "equity": 1647687,
            "current_ratio": 168.85,
            "debt_ratio": 47.55,
            "inventory_turnover_ratio": 3.95,
            "account_receivable_turnover_ratio": 0.74,
            "reinvestment_rate": null,
            "research_to_sale_ratio": 8.89,
            "price_fair": 155.68,
            "eps_avg_yearly": 4.45,
            "eps_latest_yearly": 4.28,
            "eps_growth_yearly": 46.19
        },
        "20133": {
            "year_quarter": 20133,
            "year": 2013,
            "quarter": 3,
            "eps": 1.11,
            "eps_growth_year": 0.86,
            "eps_4q": 4.46,
            "eps_4q_growth_year": 63.53,
            "roe": 5.82,
            "roe_4q": 23.07,
            "gross_profit": 259362,
            "gross_margin": 29.5,
            "gross_margin_4q_avg": 28.78,
            "net_income": 98774,
            "revenue": 879246,
            "common_shares": 889315,
            "book_valuer_per_share": 19.64,
            "book_valuer_per_share_4q_avg": 19.5,
            "equity": 1746440,
            "current_ratio": 195.84,
            "debt_ratio": 39.93,
            "inventory_turnover_ratio": 3.63,
            "account_receivable_turnover_ratio": 0.72,
            "reinvestment_rate": null,
            "research_to_sale_ratio": 9.88,
            "price_fair": 155.63,
            "eps_avg_yearly": 4.45,
            "eps_latest_yearly": 4.44,
            "eps_growth_yearly": 40.98
        },
        "20134": {
            "year_quarter": 20134,
            "year": 2013,
            "quarter": 4,
            "eps": 1.27,
            "eps_growth_year": 14.38,
            "eps_4q": 4.62,
            "eps_4q_growth_year": 20.34,
            "roe": 6.27,
            "roe_4q": 23.439999999999998,
            "gross_profit": 266022,
            "gross_margin": 30.06,
            "gross_margin_4q_avg": 29.15,
            "net_income": 113076,
            "revenue": 884949,
            "common_shares": 889315,
            "book_valuer_per_share": 20.91,
            "book_valuer_per_share_4q_avg": 19.89,
            "equity": 1859248,
            "current_ratio": 196.58,
            "debt_ratio": 38.08,
            "inventory_turnover_ratio": 3.46,
            "account_receivable_turnover_ratio": 0.75,
            "reinvestment_rate": null,
            "research_to_sale_ratio": 9.68,
            "price_fair": 158.8,
            "eps_avg_yearly": 4.54,
            "eps_latest_yearly": 5.08,
            "eps_growth_yearly": 43.37
        },
        "20141": {
            "year_quarter": 20141,
            "year": 2014,
            "quarter": 1,
            "eps": 0.73,
            "eps_growth_year": -37.61,
            "eps_4q": 4.18,
            "eps_4q_growth_year": -4.71,
            "roe": 3.44,
            "roe_4q": 21,
            "gross_profit": 192511,
            "gross_margin": 24.86,
            "gross_margin_4q_avg": 28.41,
            "net_income": 65001,
            "revenue": 774476,
            "common_shares": 889315,
            "book_valuer_per_share": 21.64,
            "book_valuer_per_share_4q_avg": 20.18,
            "equity": 1924428,
            "current_ratio": 195.9,
            "debt_ratio": 37.11,
            "inventory_turnover_ratio": 2.93,
            "account_receivable_turnover_ratio": 0.68,
            "reinvestment_rate": null,
            "research_to_sale_ratio": 8.9,
            "price_fair": 115.68,
            "eps_avg_yearly": 4.34,
            "eps_latest_yearly": 2.92,
            "eps_growth_yearly": 16.68
        },
        "20142": {
            "year_quarter": 20142,
            "year": 2014,
            "quarter": 2,
            "eps": 0.68,
            "eps_growth_year": -36.45,
            "eps_4q": 3.61,
            "eps_4q_growth_year": -18.84,
            "roe": 3.32,
            "roe_4q": 18.85,
            "gross_profit": 205443,
            "gross_margin": 25.48,
            "gross_margin_4q_avg": 27.48,
            "net_income": 60382,
            "revenue": 806255,
            "common_shares": 889315,
            "book_valuer_per_share": 19.32,
            "book_valuer_per_share_4q_avg": 20.38,
            "equity": 1717996,
            "current_ratio": 155.81,
            "debt_ratio": 44.42,
            "inventory_turnover_ratio": 2.99,
            "account_receivable_turnover_ratio": 0.74,
            "reinvestment_rate": null,
            "research_to_sale_ratio": 9.6,
            "price_fair": 90.54,
            "eps_avg_yearly": 4.16,
            "eps_latest_yearly": 2.72,
            "eps_growth_yearly": 11.79
        },
        "20143": {
            "year_quarter": 20143,
            "year": 2014,
            "quarter": 3,
            "eps": 0.84,
            "eps_growth_year": -24.32,
            "eps_4q": 3.39,
            "eps_4q_growth_year": -24.01,
            "roe": 4.44,
            "roe_4q": 17.47,
            "gross_profit": 230170,
            "gross_margin": 26.85,
            "gross_margin_4q_avg": 26.81,
            "net_income": 78020,
            "revenue": 857293,
            "common_shares": 933781,
            "book_valuer_per_share": 19.23,
            "book_valuer_per_share_4q_avg": 20.28,
            "equity": 1795772,
            "current_ratio": 181.24,
            "debt_ratio": 43.35,
            "inventory_turnover_ratio": 3.23,
            "account_receivable_turnover_ratio": 0.77,
            "reinvestment_rate": null,
            "research_to_sale_ratio": 9.56,
            "price_fair": 122.36,
            "eps_avg_yearly": 4.08,
            "eps_latest_yearly": 3.36,
            "eps_growth_yearly": 20.02
        },
        "20144": {
            "year_quarter": 20144,
            "year": 2014,
            "quarter": 4,
            "eps": 1.08,
            "eps_growth_year": -15.4,
            "eps_4q": 3.25,
            "eps_4q_growth_year": -29.57,
            "roe": 5.44,
            "roe_4q": 16.64,
            "gross_profit": 250827,
            "gross_margin": 28.09,
            "gross_margin_4q_avg": 26.32,
            "net_income": 100441,
            "revenue": 892901,
            "common_shares": 933781,
            "book_valuer_per_share": 20.3,
            "book_valuer_per_share_4q_avg": 20.12,
            "equity": 1896006,
            "current_ratio": 182.42,
            "debt_ratio": 41.61,
            "inventory_turnover_ratio": 3.05,
            "account_receivable_turnover_ratio": 0.76,
            "reinvestment_rate": 32.23,
            "research_to_sale_ratio": 8.91,
            "price_fair": 143.44,
            "eps_avg_yearly": 4.1,
            "eps_latest_yearly": 4.32,
            "eps_growth_yearly": 28.59
        },
        "20151": {
            "year_quarter": 20151,
            "year": 2015,
            "quarter": 1,
            "eps": 0.86,
            "eps_growth_year": 17.81,
            "eps_4q": 3.42,
            "eps_4q_growth_year": -18.13,
            "roe": 4.17,
            "roe_4q": 17.37,
            "gross_profit": 239363,
            "gross_margin": 28.25,
            "gross_margin_4q_avg": 27.17,
            "net_income": 80651,
            "revenue": 847394,
            "common_shares": 933781,
            "book_valuer_per_share": 21.17,
            "book_valuer_per_share_4q_avg": 20.01,
            "equity": 1976603,
            "current_ratio": 184.4,
            "debt_ratio": 39.79,
            "inventory_turnover_ratio": 2.79,
            "account_receivable_turnover_ratio": 0.72,
            "reinvestment_rate": 34.58,
            "research_to_sale_ratio": 9.19,
            "price_fair": 118.94,
            "eps_avg_yearly": 4.04,
            "eps_latest_yearly": 3.44,
            "eps_growth_yearly": 19.42
        },
        "20152": {
            "year_quarter": 20152,
            "year": 2015,
            "quarter": 2,
            "eps": 0.67,
            "eps_growth_year": -1.47,
            "eps_4q": 3.45,
            "eps_4q_growth_year": -4.49,
            "roe": 3.31,
            "roe_4q": 17.360000000000003,
            "gross_profit": 224995,
            "gross_margin": 26.86,
            "gross_margin_4q_avg": 27.51,
            "net_income": 62980,
            "revenue": 837675,
            "common_shares": 933781,
            "book_valuer_per_share": 19.64,
            "book_valuer_per_share_4q_avg": 20.09,
            "equity": 1834025,
            "current_ratio": 157.04,
            "debt_ratio": 44.76,
            "inventory_turnover_ratio": 3.09,
            "account_receivable_turnover_ratio": 0.73,
            "reinvestment_rate": 26.18,
            "research_to_sale_ratio": 10.01,
            "price_fair": 83.2,
            "eps_avg_yearly": 3.94,
            "eps_latest_yearly": 2.68,
            "eps_growth_yearly": 11.13
        },
        "20153": {
            "year_quarter": 20153,
            "year": 2015,
            "quarter": 3,
            "eps": 0.71,
            "eps_growth_year": -15.48,
            "eps_4q": 3.32,
            "eps_4q_growth_year": -1.92,
            "roe": 3.55,
            "roe_4q": 16.47,
            "gross_profit": 208019,
            "gross_margin": 24.6,
            "gross_margin_4q_avg": 26.95,
            "net_income": 66332,
            "revenue": 845762,
            "common_shares": 933781,
            "book_valuer_per_share": 20.35,
            "book_valuer_per_share_4q_avg": 20.37,
            "equity": 1900683,
            "current_ratio": 174.89,
            "debt_ratio": 41.83,
            "inventory_turnover_ratio": 3.41,
            "account_receivable_turnover_ratio": 0.73,
            "reinvestment_rate": 25.73,
            "research_to_sale_ratio": 8.89,
            "price_fair": 85.06,
            "eps_avg_yearly": 3.86,
            "eps_latest_yearly": 2.84,
            "eps_growth_yearly": 12.04
        },
        "20154": {
            "year_quarter": 20154,
            "year": 2015,
            "quarter": 4,
            "eps": 0.61,
            "eps_growth_year": -43.26,
            "eps_4q": 2.86,
            "eps_4q_growth_year": -12.14,
            "roe": 2.95,
            "roe_4q": 13.98,
            "gross_profit": 205897,
            "gross_margin": 24.3,
            "gross_margin_4q_avg": 26,
            "net_income": 56992,
            "revenue": 847276,
            "common_shares": 933781,
            "book_valuer_per_share": 20.96,
            "book_valuer_per_share_4q_avg": 20.53,
            "equity": 1957612,
            "current_ratio": 177.43,
            "debt_ratio": 39.21,
            "inventory_turnover_ratio": 3.31,
            "account_receivable_turnover_ratio": 0.73,
            "reinvestment_rate": 27.14,
            "research_to_sale_ratio": 9.22,
            "price_fair": 65.81,
            "eps_avg_yearly": 3.77,
            "eps_latest_yearly": 2.44,
            "eps_growth_yearly": 7.48
        },
        "20161": {
            "year_quarter": 20161,
            "year": 2016,
            "quarter": 1,
            "eps": 0.59,
            "eps_growth_year": -31.4,
            "eps_4q": 2.58,
            "eps_4q_growth_year": -24.5,
            "roe": 2.77,
            "roe_4q": 12.58,
            "gross_profit": 202958,
            "gross_margin": 24.82,
            "gross_margin_4q_avg": 25.15,
            "net_income": 54911,
            "revenue": 817649,
            "common_shares": 933781,
            "book_valuer_per_share": 21.55,
            "book_valuer_per_share_4q_avg": 20.63,
            "equity": 2012669,
            "current_ratio": 196.32,
            "debt_ratio": 35.37,
            "inventory_turnover_ratio": 3.08,
            "account_receivable_turnover_ratio": 0.7,
            "reinvestment_rate": 26.69,
            "research_to_sale_ratio": 9.56,
            "price_fair": 59.54,
            "eps_avg_yearly": 3.68,
            "eps_latest_yearly": 2.36,
            "eps_growth_yearly": 6.19
        },
        "20162": {
            "year_quarter": 20162,
            "year": 2016,
            "quarter": 2,
            "eps": 0.82,
            "eps_growth_year": 22.39,
            "eps_4q": 2.73,
            "eps_4q_growth_year": -20.95,
            "roe": 3.9,
            "roe_4q": 13.170000000000002,
            "gross_profit": 218704,
            "gross_margin": 24.45,
            "gross_margin_4q_avg": 24.54,
            "net_income": 76384,
            "revenue": 894662,
            "common_shares": 933781,
            "book_valuer_per_share": 20.37,
            "book_valuer_per_share_4q_avg": 20.81,
            "equity": 1902562,
            "current_ratio": 165.56,
            "debt_ratio": 40.08,
            "inventory_turnover_ratio": 3.37,
            "account_receivable_turnover_ratio": 0.77,
            "reinvestment_rate": 24.12,
            "research_to_sale_ratio": 8.34,
            "price_fair": 36.05,
            "eps_avg_yearly": 3.61,
            "eps_latest_yearly": 3.28,
            "eps_growth_yearly": 0.72
        },
        "20163": {
            "year_quarter": 20163,
            "year": 2016,
            "quarter": 3,
            "eps": 1.14,
            "eps_growth_year": 60.56,
            "eps_4q": 3.16,
            "eps_4q_growth_year": -5.03,
            "roe": 5.45,
            "roe_4q": 15.07,
            "gross_profit": 262251,
            "gross_margin": 27.17,
            "gross_margin_4q_avg": 25.19,
            "net_income": 106506,
            "revenue": 965387,
            "common_shares": 933781,
            "book_valuer_per_share": 21.51,
            "book_valuer_per_share_4q_avg": 21.1,
            "equity": 2008995,
            "current_ratio": 183.22,
            "debt_ratio": 36.64,
            "inventory_turnover_ratio": 3.84,
            "account_receivable_turnover_ratio": 0.79,
            "reinvestment_rate": 23.42,
            "research_to_sale_ratio": 8.02,
            "price_fair": 74.83,
            "eps_avg_yearly": 3.62,
            "eps_latest_yearly": 4.56,
            "eps_growth_yearly": 10.7
        },
        "20164": {
            "year_quarter": 20164,
            "year": 2016,
            "quarter": 4,
            "eps": 1.24,
            "eps_growth_year": 102.44,
            "eps_4q": 3.78,
            "eps_4q_growth_year": 32.3,
            "roe": 5.58,
            "roe_4q": 17.700000000000003,
            "gross_profit": 267869,
            "gross_margin": 28.42,
            "gross_margin_4q_avg": 26.22,
            "net_income": 115375,
            "revenue": 942577,
            "common_shares": 933781,
            "book_valuer_per_share": 22.75,
            "book_valuer_per_share_4q_avg": 21.55,
            "equity": 2124285,
            "current_ratio": 198.94,
            "debt_ratio": 33.39,
            "inventory_turnover_ratio": 3.78,
            "account_receivable_turnover_ratio": 0.75,
            "reinvestment_rate": 23.44,
            "research_to_sale_ratio": 8.38,
            "price_fair": 82.68,
            "eps_avg_yearly": 3.65,
            "eps_latest_yearly": 4.96,
            "eps_growth_yearly": 12.67
        },
        "20171": {
            "year_quarter": 20171,
            "year": 2017,
            "quarter": 1,
            "eps": 1.05,
            "eps_growth_year": 77.97,
            "eps_4q": 4.24,
            "eps_4q_growth_year": 64.11,
            "roe": 4.49,
            "roe_4q": 19.419999999999998,
            "gross_profit": 253904,
            "gross_margin": 27.75,
            "gross_margin_4q_avg": 26.95,
            "net_income": 97583,
            "revenue": 914921,
            "common_shares": 933781,
            "book_valuer_per_share": 23.79,
            "book_valuer_per_share_4q_avg": 22.11,
            "equity": 2221868,
            "current_ratio": 208.56,
            "debt_ratio": 31.76,
            "inventory_turnover_ratio": 3.09,
            "account_receivable_turnover_ratio": 0.74,
            "reinvestment_rate": 27.58,
            "research_to_sale_ratio": 8.06,
            "price_fair": 63.25,
            "eps_avg_yearly": 3.62,
            "eps_latest_yearly": 4.2,
            "eps_growth_yearly": 7.48
        },
        "20172": {
            "year_quarter": 20172,
            "year": 2017,
            "quarter": 2,
            "eps": 0.98,
            "eps_growth_year": 19.51,
            "eps_4q": 4.4,
            "eps_4q_growth_year": 61.41,
            "roe": 4.3,
            "roe_4q": 19.82,
            "gross_profit": 245590,
            "gross_margin": 26.55,
            "gross_margin_4q_avg": 27.47,
            "net_income": 91529,
            "revenue": 924984,
            "common_shares": 933781,
            "book_valuer_per_share": 21.77,
            "book_valuer_per_share_4q_avg": 22.46,
            "equity": 2033262,
            "current_ratio": 169.91,
            "debt_ratio": 37.01,
            "inventory_turnover_ratio": 3.13,
            "account_receivable_turnover_ratio": 0.79,
            "reinvestment_rate": 32.93,
            "research_to_sale_ratio": 8.47,
            "price_fair": 64.55,
            "eps_avg_yearly": 3.6,
            "eps_latest_yearly": 3.92,
            "eps_growth_yearly": 7.95
        },
        "20173": {
            "year_quarter": 20173,
            "year": 2017,
            "quarter": 3,
            "eps": 1.45,
            "eps_growth_year": 27.19,
            "eps_4q": 4.71,
            "eps_4q_growth_year": 49.29,
            "roe": 6.46,
            "roe_4q": 20.83,
            "gross_profit": 311813,
            "gross_margin": 30.28,
            "gross_margin_4q_avg": 28.25,
            "net_income": 135624,
            "revenue": 1029602,
            "common_shares": 933781,
            "book_valuer_per_share": 23.23,
            "book_valuer_per_share_4q_avg": 22.89,
            "equity": 2168886,
            "current_ratio": 189.84,
            "debt_ratio": 33.26,
            "inventory_turnover_ratio": 3.77,
            "account_receivable_turnover_ratio": 0.84,
            "reinvestment_rate": 32.37,
            "research_to_sale_ratio": 8.49,
            "price_fair": 106.76,
            "eps_avg_yearly": 3.68,
            "eps_latest_yearly": 5.8,
            "eps_growth_yearly": 19.01
        },
        "20174": {
            "year_quarter": 20174,
            "year": 2017,
            "quarter": 4,
            "eps": 1.59,
            "eps_growth_year": 28.49,
            "eps_4q": 5.07,
            "eps_4q_growth_year": 33.92,
            "roe": 6.61,
            "roe_4q": 21.86,
            "gross_profit": 343867,
            "gross_margin": 32.81,
            "gross_margin_4q_avg": 29.35,
            "net_income": 148247,
            "revenue": 1047921,
            "common_shares": 933781,
            "book_valuer_per_share": 24.81,
            "book_valuer_per_share_4q_avg": 23.4,
            "equity": 2317127,
            "current_ratio": 194.06,
            "debt_ratio": 33.35,
            "inventory_turnover_ratio": 3.54,
            "account_receivable_turnover_ratio": 0.79,
            "reinvestment_rate": 35.52,
            "research_to_sale_ratio": 9.19,
            "price_fair": 104.6,
            "eps_avg_yearly": 3.76,
            "eps_latest_yearly": 6.36,
            "eps_growth_yearly": 17.82
        },
        "20181": {
            "year_quarter": 20181,
            "year": 2018,
            "quarter": 1,
            "eps": 1.42,
            "eps_growth_year": 35.24,
            "eps_4q": 5.44,
            "eps_4q_growth_year": 28.39,
            "roe": 5.57,
            "roe_4q": 22.94,
            "gross_profit": 323870,
            "gross_margin": 31.2,
            "gross_margin_4q_avg": 30.21,
            "net_income": 132835,
            "revenue": 1037950,
            "common_shares": 933781,
            "book_valuer_per_share": 26.24,
            "book_valuer_per_share_4q_avg": 24.01,
            "equity": 2449962,
            "current_ratio": 191.52,
            "debt_ratio": 32.87,
            "inventory_turnover_ratio": 3.14,
            "account_receivable_turnover_ratio": 0.79,
            "reinvestment_rate": 33.55,
            "research_to_sale_ratio": 8.89,
            "price_fair": 137.64,
            "eps_avg_yearly": 3.93,
            "eps_latest_yearly": 5.68,
            "eps_growth_yearly": 25.78
        },
        "20182": {
            "year_quarter": 20182,
            "year": 2018,
            "quarter": 2,
            "eps": 1.54,
            "eps_growth_year": 57.14,
            "eps_4q": 5.6,
            "eps_4q_growth_year": 27.16,
            "roe": 6.69,
            "roe_4q": 25.330000000000002,
            "gross_profit": 353778,
            "gross_margin": 33.46,
            "gross_margin_4q_avg": 31.94,
            "net_income": 158176,
            "revenue": 1057284,
            "common_shares": 933781,
            "book_valuer_per_share": 24.43,
            "book_valuer_per_share_4q_avg": 24.68,
            "equity": 2281315,
            "current_ratio": 166.84,
            "debt_ratio": 37.97,
            "inventory_turnover_ratio": 2.99,
            "account_receivable_turnover_ratio": 0.81,
            "reinvestment_rate": 18.5,
            "research_to_sale_ratio": 9.27,
            "price_fair": 145.16,
            "eps_avg_yearly": 4.15,
            "eps_latest_yearly": 6.16,
            "eps_growth_yearly": 29.6
        },
        "20183": {
            "year_quarter": 20183,
            "year": 2018,
            "quarter": 3,
            "eps": 1.66,
            "eps_growth_year": 14.48,
            "eps_4q": 5.94,
            "eps_4q_growth_year": 26.05,
            "roe": 7.22,
            "roe_4q": 26.09,
            "gross_profit": 386354,
            "gross_margin": 34.27,
            "gross_margin_4q_avg": 32.94,
            "net_income": 170961,
            "revenue": 1127436,
            "common_shares": 1027159,
            "book_valuer_per_share": 23.87,
            "book_valuer_per_share_4q_avg": 24.84,
            "equity": 2452276,
            "current_ratio": 195.58,
            "debt_ratio": 32.37,
            "inventory_turnover_ratio": 3.02,
            "account_receivable_turnover_ratio": 0.84,
            "reinvestment_rate": 14.25,
            "research_to_sale_ratio": 9.36,
            "price_fair": 152.34,
            "eps_avg_yearly": 4.35,
            "eps_latest_yearly": 6.64,
            "eps_growth_yearly": 25.67
        },
        "20184": {
            "year_quarter": 20184,
            "year": 2018,
            "quarter": 4,
            "eps": 1.88,
            "eps_growth_year": 18.7,
            "eps_4q": 6.38,
            "eps_4q_growth_year": 26,
            "roe": 7.59,
            "roe_4q": 27.07,
            "gross_profit": 424197,
            "gross_margin": 35.65,
            "gross_margin_4q_avg": 33.65,
            "net_income": 193563,
            "revenue": 1190055,
            "common_shares": 1027159,
            "book_valuer_per_share": 25.76,
            "book_valuer_per_share_4q_avg": 25.08,
            "equity": 2645847,
            "current_ratio": 204.49,
            "debt_ratio": 32,
            "inventory_turnover_ratio": 2.89,
            "account_receivable_turnover_ratio": 0.85,
            "reinvestment_rate": 13.67,
            "research_to_sale_ratio": 9.24,
            "price_fair": 144.94,
            "eps_avg_yearly": 4.55,
            "eps_latest_yearly": 7.52,
            "eps_growth_yearly": 21.84
        },
        "20191": {
            "year_quarter": 20191,
            "year": 2019,
            "quarter": 1,
            "eps": 1.48,
            "eps_growth_year": 4.23,
            "eps_4q": 6.56,
            "eps_4q_growth_year": 20.61,
            "roe": 5.57,
            "roe_4q": 27.07,
            "gross_profit": 368138,
            "gross_margin": 32.81,
            "gross_margin_4q_avg": 34.05,
            "net_income": 151604,
            "revenue": 1121939,
            "common_shares": 1027159,
            "book_valuer_per_share": 27.23,
            "book_valuer_per_share_4q_avg": 25.32,
            "equity": 2797451,
            "current_ratio": 225.31,
            "debt_ratio": 32.75,
            "inventory_turnover_ratio": 2.73,
            "account_receivable_turnover_ratio": 0.79,
            "reinvestment_rate": 8.14,
            "research_to_sale_ratio": 9.23,
            "price_fair": 148.81,
            "eps_avg_yearly": 4.71,
            "eps_latest_yearly": 5.92,
            "eps_growth_yearly": 21.61
        },
        "20192": {
            "year_quarter": 20192,
            "year": 2019,
            "quarter": 2,
            "eps": 1.56,
            "eps_growth_year": 1.3,
            "eps_4q": 6.58,
            "eps_4q_growth_year": 17.6,
            "roe": 6.1,
            "roe_4q": 26.479999999999997,
            "gross_profit": 383542,
            "gross_margin": 33.82,
            "gross_margin_4q_avg": 34.14,
            "net_income": 159936,
            "revenue": 1134100,
            "common_shares": 1027159,
            "book_valuer_per_share": 23.79,
            "book_valuer_per_share_4q_avg": 25.16,
            "equity": 2443807,
            "current_ratio": 169.92,
            "debt_ratio": 41.77,
            "inventory_turnover_ratio": 2.58,
            "account_receivable_turnover_ratio": 0.82,
            "reinvestment_rate": 9.13,
            "research_to_sale_ratio": 9.48,
            "price_fair": 172.55,
            "eps_avg_yearly": 4.93,
            "eps_latest_yearly": 6.24,
            "eps_growth_yearly": 28.49
        },
        "20193": {
            "year_quarter": 20193,
            "year": 2019,
            "quarter": 3,
            "eps": 1.62,
            "eps_growth_year": -2.41,
            "eps_4q": 6.54,
            "eps_4q_growth_year": 10.06,
            "roe": 6.59,
            "roe_4q": 25.849999999999998,
            "gross_profit": 407995,
            "gross_margin": 35.03,
            "gross_margin_4q_avg": 34.33,
            "net_income": 166490,
            "revenue": 1164782,
            "common_shares": 1027159,
            "book_valuer_per_share": 25.41,
            "book_valuer_per_share_4q_avg": 25.55,
            "equity": 2610297,
            "current_ratio": 204.06,
            "debt_ratio": 34.62,
            "inventory_turnover_ratio": 2.28,
            "account_receivable_turnover_ratio": 0.84,
            "reinvestment_rate": 9.31,
            "research_to_sale_ratio": 9.75,
            "price_fair": 180.51,
            "eps_avg_yearly": 5.16,
            "eps_latest_yearly": 6.48,
            "eps_growth_yearly": 27.96
        },
        "20194": {
            "year_quarter": 20194,
            "year": 2019,
            "quarter": 4,
            "eps": 1.68,
            "eps_growth_year": -10.94,
            "eps_4q": 6.33,
            "eps_4q_growth_year": -0.78,
            "roe": 6.39,
            "roe_4q": 24.65,
            "gross_profit": 413251,
            "gross_margin": 37.23,
            "gross_margin_4q_avg": 34.72,
            "net_income": 172391,
            "revenue": 1110020,
            "common_shares": 1027159,
            "book_valuer_per_share": 27.09,
            "book_valuer_per_share_4q_avg": 25.88,
            "equity": 2782686,
            "current_ratio": 227.53,
            "debt_ratio": 31.77,
            "inventory_turnover_ratio": 2.14,
            "account_receivable_turnover_ratio": 0.81,
            "reinvestment_rate": 9.49,
            "research_to_sale_ratio": 9.39,
            "price_fair": 189.88,
            "eps_avg_yearly": 5.43,
            "eps_latest_yearly": 6.72,
            "eps_growth_yearly": 32.4
        },
        "20201": {
            "year_quarter": 20201,
            "year": 2020,
            "quarter": 1,
            "eps": 1.67,
            "eps_growth_year": 12.84,
            "eps_4q": 6.53,
            "eps_4q_growth_year": -0.58,
            "roe": 5.98,
            "roe_4q": 25.060000000000002,
            "gross_profit": 401280,
            "gross_margin": 36.44,
            "gross_margin_4q_avg": 35.63,
            "net_income": 171570,
            "revenue": 1101253,
            "common_shares": 1027159,
            "book_valuer_per_share": 28.76,
            "book_valuer_per_share_4q_avg": 26.26,
            "equity": 2954256,
            "current_ratio": 235.73,
            "debt_ratio": 31.44,
            "inventory_turnover_ratio": 2.18,
            "account_receivable_turnover_ratio": 0.84,
            "reinvestment_rate": 9.92,
            "research_to_sale_ratio": 9.94,
            "price_fair": 199.33,
            "eps_avg_yearly": 5.7,
            "eps_latest_yearly": 6.68,
            "eps_growth_yearly": 33.07
        },
        "20202": {
            "year_quarter": 20202,
            "year": 2020,
            "quarter": 2,
            "eps": 1.51,
            "eps_growth_year": -3.21,
            "eps_4q": 6.48,
            "eps_4q_growth_year": -1.58,
            "roe": 5.58,
            "roe_4q": 24.54,
            "gross_profit": 384840,
            "gross_margin": 35.64,
            "gross_margin_4q_avg": 36.09,
            "net_income": 154955,
            "revenue": 1079915,
            "common_shares": 1027159,
            "book_valuer_per_share": 25.27,
            "book_valuer_per_share_4q_avg": 26.63,
            "equity": 2595631,
            "current_ratio": 170.09,
            "debt_ratio": 42.67,
            "inventory_turnover_ratio": 2.12,
            "account_receivable_turnover_ratio": 0.82,
            "reinvestment_rate": 10.65,
            "research_to_sale_ratio": 9.74,
            "price_fair": 181.49,
            "eps_avg_yearly": 5.87,
            "eps_latest_yearly": 6.04,
            "eps_growth_yearly": 20.93
        },
        "20203": {
            "year_quarter": 20203,
            "year": 2020,
            "quarter": 3,
            "eps": 1.53,
            "eps_growth_year": -5.56,
            "eps_4q": 6.38,
            "eps_4q_growth_year": -2.35,
            "roe": 5.87,
            "roe_4q": 23.82,
            "gross_profit": 381819,
            "gross_margin": 35.29,
            "gross_margin_4q_avg": 36.15,
            "net_income": 156885,
            "revenue": 1082071,
            "common_shares": 1027159,
            "book_valuer_per_share": 26.8,
            "book_valuer_per_share_4q_avg": 26.98,
            "equity": 2752516,
            "current_ratio": 242.51,
            "debt_ratio": 34.07,
            "inventory_turnover_ratio": 2.49,
            "account_receivable_turnover_ratio": 0.84,
            "reinvestment_rate": 11.44,
            "research_to_sale_ratio": 9.7,
            "price_fair": 128.29,
            "eps_avg_yearly": 5.97,
            "eps_latest_yearly": 6.12,
            "eps_growth_yearly": 11.51
        },
        "20204": {
            "year_quarter": 20204,
            "year": 2020,
            "quarter": 4,
            "eps": 1.44,
            "eps_growth_year": -14.21,
            "eps_4q": 6.15,
            "eps_4q_growth_year": -2.94,
            "roe": 5.23,
            "roe_4q": 22.66,
            "gross_profit": 370832,
            "gross_margin": 35.9,
            "gross_margin_4q_avg": 35.82,
            "net_income": 147894,
            "revenue": 1032864,
            "common_shares": 1027159,
            "book_valuer_per_share": 28.24,
            "book_valuer_per_share_4q_avg": 27.27,
            "equity": 2900408,
            "current_ratio": 251.68,
            "debt_ratio": 33.31,
            "inventory_turnover_ratio": 2.41,
            "account_receivable_turnover_ratio": 0.83,
            "reinvestment_rate": 11.32,
            "research_to_sale_ratio": 9.9,
            "price_fair": 107.33,
            "eps_avg_yearly": 6.02,
            "eps_latest_yearly": 5.76,
            "eps_growth_yearly": 7.84
        },
        "20211": {
            "year_quarter": 20211,
            "year": 2021,
            "quarter": 1,
            "eps": 1.58,
            "eps_growth_year": -5.39,
            "eps_4q": 6.05,
            "eps_4q_growth_year": -7.27,
            "roe": 5.43,
            "roe_4q": 22.11,
            "gross_profit": 391014,
            "gross_margin": 36.39,
            "gross_margin_4q_avg": 35.81,
            "net_income": 161899,
            "revenue": 1074608,
            "common_shares": 1027159,
            "book_valuer_per_share": 29.81,
            "book_valuer_per_share_4q_avg": 27.53,
            "equity": 3062307,
            "current_ratio": 264.9,
            "debt_ratio": 32.06,
            "inventory_turnover_ratio": 2.27,
            "account_receivable_turnover_ratio": 0.88,
            "reinvestment_rate": 10.45,
            "research_to_sale_ratio": 9.97,
            "price_fair": 148.18,
            "eps_avg_yearly": 6.15,
            "eps_latest_yearly": 6.32,
            "eps_growth_yearly": 14.1
        },
        "20212": {
            "year_quarter": 20212,
            "year": 2021,
            "quarter": 2,
            "eps": 1.57,
            "eps_growth_year": 3.97,
            "eps_4q": 6.11,
            "eps_4q_growth_year": -5.67,
            "roe": 5.58,
            "roe_4q": 22.110000000000003,
            "gross_profit": 392349,
            "gross_margin": 35.96,
            "gross_margin_4q_avg": 35.89,
            "net_income": 160985,
            "revenue": 1091047,
            "common_shares": 1027159,
            "book_valuer_per_share": 26.38,
            "book_valuer_per_share_4q_avg": 27.81,
            "equity": 2709712,
            "current_ratio": 195.14,
            "debt_ratio": 40.87,
            "inventory_turnover_ratio": 2.09,
            "account_receivable_turnover_ratio": 0.91,
            "reinvestment_rate": 8.02,
            "research_to_sale_ratio": 9.92,
            "price_fair": 161.23,
            "eps_avg_yearly": 6.3,
            "eps_latest_yearly": 6.28,
            "eps_growth_yearly": 15.61
        },
        "20213": {
            "year_quarter": 20213,
            "year": 2021,
            "quarter": 3,
            "eps": 1.85,
            "eps_growth_year": 20.92,
            "eps_4q": 6.43,
            "eps_4q_growth_year": 0.74,
            "roe": 6.77,
            "roe_4q": 23.01,
            "gross_profit": 427678,
            "gross_margin": 36.24,
            "gross_margin_4q_avg": 36.12,
            "net_income": 189877,
            "revenue": 1180090,
            "common_shares": 1027159,
            "book_valuer_per_share": 28.23,
            "book_valuer_per_share_4q_avg": 28.17,
            "equity": 2899589,
            "current_ratio": 224.42,
            "debt_ratio": 35.96,
            "inventory_turnover_ratio": 2.04,
            "account_receivable_turnover_ratio": 0.95,
            "reinvestment_rate": 13.91,
            "research_to_sale_ratio": 9.62,
            "price_fair": 115.63,
            "eps_avg_yearly": 6.4,
            "eps_latest_yearly": 7.4,
            "eps_growth_yearly": 8.08
        },
        "20214": {
            "year_quarter": 20214,
            "year": 2021,
            "quarter": 4,
            "eps": 1.63,
            "eps_growth_year": 13.36,
            "eps_4q": 6.62,
            "eps_4q_growth_year": 7.78,
            "roe": 5.62,
            "roe_4q": 23.4,
            "gross_profit": 399685,
            "gross_margin": 34.23,
            "gross_margin_4q_avg": 35.71,
            "net_income": 167649,
            "revenue": 1167689,
            "common_shares": 1027159,
            "book_valuer_per_share": 29.86,
            "book_valuer_per_share_4q_avg": 28.57,
            "equity": 3067219,
            "current_ratio": 237.92,
            "debt_ratio": 34.03,
            "inventory_turnover_ratio": 2.07,
            "account_receivable_turnover_ratio": 0.89,
            "reinvestment_rate": 11.8,
            "research_to_sale_ratio": 9.52,
            "price_fair": 81.31,
            "eps_avg_yearly": 6.41,
            "eps_latest_yearly": 6.52,
            "eps_growth_yearly": 2.7
        },
        "20221": {
            "year_quarter": 20221,
            "year": 2022,
            "quarter": 1,
            "eps": 1.59,
            "eps_growth_year": 0.63,
            "eps_4q": 6.64,
            "eps_4q_growth_year": 9.7,
            "roe": 5.19,
            "roe_4q": 23.159999999999997,
            "gross_profit": 384463,
            "gross_margin": 32.14,
            "gross_margin_4q_avg": 34.64,
            "net_income": 163409,
            "revenue": 1196256,
            "common_shares": 1027159,
            "book_valuer_per_share": 31.45,
            "book_valuer_per_share_4q_avg": 28.98,
            "equity": 3230628,
            "current_ratio": 245.02,
            "debt_ratio": 33.45,
            "inventory_turnover_ratio": 2.1,
            "account_receivable_turnover_ratio": 0.88,
            "reinvestment_rate": 8.79,
            "research_to_sale_ratio": 9.3,
            "price_fair": 95.13,
            "eps_avg_yearly": 6.45,
            "eps_latest_yearly": 6.36,
            "eps_growth_yearly": 4.75
        },
        "20222": {
            "year_quarter": 20222,
            "year": 2022,
            "quarter": 2,
            "eps": 1.36,
            "eps_growth_year": -13.38,
            "eps_4q": 6.43,
            "eps_4q_growth_year": 5.3,
            "roe": 4.62,
            "roe_4q": 22.2,
            "gross_profit": 364383,
            "gross_margin": 34.77,
            "gross_margin_4q_avg": 34.35,
            "net_income": 139969,
            "revenue": 1048118,
            "common_shares": 1027159,
            "book_valuer_per_share": 27.51,
            "book_valuer_per_share_4q_avg": 29.26,
            "equity": 2826203,
            "current_ratio": 189.61,
            "debt_ratio": 40.54,
            "inventory_turnover_ratio": 1.6,
            "account_receivable_turnover_ratio": 0.8,
            "reinvestment_rate": 9.02,
            "research_to_sale_ratio": 10.87,
            "price_fair": 19.21,
            "eps_avg_yearly": 6.4,
            "eps_latest_yearly": 5.44,
            "eps_growth_yearly": -0.97
        },
        "20223": {
            "year_quarter": 20223,
            "year": 2022,
            "quarter": 3,
            "eps": 0.35,
            "eps_growth_year": -81.08,
            "eps_4q": 4.93,
            "eps_4q_growth_year": -23.35,
            "roe": 1.24,
            "roe_4q": 16.67,
            "gross_profit": 197716,
            "gross_margin": 27.17,
            "gross_margin_4q_avg": 32.08,
            "net_income": 35377,
            "revenue": 727574,
            "common_shares": 1027159,
            "book_valuer_per_share": 27.86,
            "book_valuer_per_share_4q_avg": 29.17,
            "equity": 2861580,
            "current_ratio": 275.64,
            "debt_ratio": 32.54,
            "inventory_turnover_ratio": 1.3,
            "account_receivable_turnover_ratio": 0.72,
            "reinvestment_rate": 10.66,
            "research_to_sale_ratio": 14.48,
            "price_fair": 18.23,
            "eps_avg_yearly": 6.08,
            "eps_latest_yearly": 1.4,
            "eps_growth_yearly": -21.49
        },
        "20224": {
            "year_quarter": 20224,
            "year": 2022,
            "quarter": 4,
            "eps": 0.85,
            "eps_growth_year": -47.89,
            "eps_4q": 4.15,
            "eps_4q_growth_year": -37.37,
            "roe": 3.01,
            "roe_4q": 14.060000000000002,
            "gross_profit": 299516,
            "gross_margin": 32.65,
            "gross_margin_4q_avg": 31.68,
            "net_income": 87365,
            "revenue": 917288,
            "common_shares": 1027159,
            "book_valuer_per_share": 28.71,
            "book_valuer_per_share_4q_avg": 28.88,
            "equity": 2948939,
            "current_ratio": 242.72,
            "debt_ratio": 34.47,
            "inventory_turnover_ratio": 1.66,
            "account_receivable_turnover_ratio": 1,
            "reinvestment_rate": 11.89,
            "research_to_sale_ratio": 12.23,
            "price_fair": 121.66,
            "eps_avg_yearly": 5.82,
            "eps_latest_yearly": 3.4,
            "eps_growth_yearly": 10.91
        },
        "20231": {
            "year_quarter": 20231,
            "year": 2023,
            "quarter": 1,
            "eps": 0.96,
            "eps_growth_year": -39.62,
            "eps_4q": 3.52,
            "eps_4q_growth_year": -47.03,
            "roe": 3.48,
            "roe_4q": 12.350000000000001,
            "gross_profit": 310571,
            "gross_margin": 32.29,
            "gross_margin_4q_avg": 31.72,
            "net_income": 98491,
            "revenue": 961937,
            "common_shares": 1027159,
            "book_valuer_per_share": 26.37,
            "book_valuer_per_share_4q_avg": 27.61,
            "equity": 2708467,
            "current_ratio": 192.96,
            "debt_ratio": 40.13,
            "inventory_turnover_ratio": 1.8,
            "account_receivable_turnover_ratio": 0.98,
            "reinvestment_rate": 11.88,
            "research_to_sale_ratio": 11.21,
            "price_fair": 167.59,
            "eps_avg_yearly": 5.69,
            "eps_latest_yearly": 3.84,
            "eps_growth_yearly": 19.47
        }
    },
    "months": {
        "2011-05": {
            "month": "2011-05",
            "price": "68.60",
            "revenue": 258114
        },
        "2011-06": {
            "month": "2011-06",
            "price": "62.96",
            "revenue": 220343
        },
        "2011-07": {
            "month": "2011-07",
            "price": "52.35",
            "revenue": 253806
        },
        "2011-08": {
            "month": "2011-08",
            "price": "41.68",
            "revenue": 265912
        },
        "2011-09": {
            "month": "2011-09",
            "price": "36.64",
            "revenue": 273628
        },
        "2011-10": {
            "month": "2011-10",
            "price": "36.30",
            "revenue": 238648
        },
        "2011-11": {
            "month": "2011-11",
            "price": "35.97",
            "revenue": 205480
        },
        "2011-12": {
            "month": "2011-12",
            "price": "30.04",
            "revenue": 215116
        },
        "2012-01": {
            "month": "2012-01",
            "price": "30.96",
            "revenue": 226988
        },
        "2012-02": {
            "month": "2012-02",
            "price": "39.26",
            "revenue": 215997
        },
        "2012-03": {
            "month": "2012-03",
            "price": "45.65",
            "revenue": 263625
        },
        "2012-04": {
            "month": "2012-04",
            "price": "43.41",
            "revenue": 270664
        },
        "2012-05": {
            "month": "2012-05",
            "price": "38.72",
            "revenue": 260570
        },
        "2012-06": {
            "month": "2012-06",
            "price": "38.35",
            "revenue": 279920
        },
        "2012-07": {
            "month": "2012-07",
            "price": "36.91",
            "revenue": 266106
        },
        "2012-08": {
            "month": "2012-08",
            "price": "46.55",
            "revenue": 273549
        },
        "2012-09": {
            "month": "2012-09",
            "price": "52.97",
            "revenue": 300407
        },
        "2012-10": {
            "month": "2012-10",
            "price": "48.42",
            "revenue": 306392
        },
        "2012-11": {
            "month": "2012-11",
            "price": "44.04",
            "revenue": 288866
        },
        "2012-12": {
            "month": "2012-12",
            "price": "49.86",
            "revenue": 302431
        },
        "2013-01": {
            "month": "2013-01",
            "price": "52.28",
            "revenue": 326012
        },
        "2013-02": {
            "month": "2013-02",
            "price": "59.10",
            "revenue": 278910
        },
        "2013-03": {
            "month": "2013-03",
            "price": "64.84",
            "revenue": 316502
        },
        "2013-04": {
            "month": "2013-04",
            "price": "71.78",
            "revenue": 311993
        },
        "2013-05": {
            "month": "2013-05",
            "price": "69.51",
            "revenue": 330123
        },
        "2013-06": {
            "month": "2013-06",
            "price": "59.18",
            "revenue": 283852
        },
        "2013-07": {
            "month": "2013-07",
            "price": "57.18",
            "revenue": 285776
        },
        "2013-08": {
            "month": "2013-08",
            "price": "53.53",
            "revenue": 304871
        },
        "2013-09": {
            "month": "2013-09",
            "price": "59.67",
            "revenue": 288598
        },
        "2013-10": {
            "month": "2013-10",
            "price": "58.03",
            "revenue": 314219
        },
        "2013-11": {
            "month": "2013-11",
            "price": "63.30",
            "revenue": 283897
        },
        "2013-12": {
            "month": "2013-12",
            "price": "65.01",
            "revenue": 286833
        },
        "2014-01": {
            "month": "2014-01",
            "price": "66.97",
            "revenue": 276712
        },
        "2014-02": {
            "month": "2014-02",
            "price": "61.47",
            "revenue": 267174
        },
        "2014-03": {
            "month": "2014-03",
            "price": "62.20",
            "revenue": 230590
        },
        "2014-04": {
            "month": "2014-04",
            "price": "61.00",
            "revenue": 281087
        },
        "2014-05": {
            "month": "2014-05",
            "price": "53.81",
            "revenue": 268549
        },
        "2014-06": {
            "month": "2014-06",
            "price": "55.07",
            "revenue": 256619
        },
        "2014-07": {
            "month": "2014-07",
            "price": "56.30",
            "revenue": 278071
        },
        "2014-08": {
            "month": "2014-08",
            "price": "47.03",
            "revenue": 283313
        },
        "2014-09": {
            "month": "2014-09",
            "price": "45.17",
            "revenue": 295909
        },
        "2014-10": {
            "month": "2014-10",
            "price": "40.68",
            "revenue": 311350
        },
        "2014-11": {
            "month": "2014-11",
            "price": "39.40",
            "revenue": 270361
        },
        "2014-12": {
            "month": "2014-12",
            "price": "41.19",
            "revenue": 311190
        },
        "2015-01": {
            "month": "2015-01",
            "price": "45.57",
            "revenue": 305775
        },
        "2015-02": {
            "month": "2015-02",
            "price": "45.73",
            "revenue": 247420
        },
        "2015-03": {
            "month": "2015-03",
            "price": "45.56",
            "revenue": 294200
        },
        "2015-04": {
            "month": "2015-04",
            "price": "44.42",
            "revenue": 280011
        },
        "2015-05": {
            "month": "2015-05",
            "price": "42.38",
            "revenue": 268135
        },
        "2015-06": {
            "month": "2015-06",
            "price": "39.56",
            "revenue": 289529
        },
        "2015-07": {
            "month": "2015-07",
            "price": "36.31",
            "revenue": 288018
        },
        "2015-08": {
            "month": "2015-08",
            "price": "32.20",
            "revenue": 282834
        },
        "2015-09": {
            "month": "2015-09",
            "price": "30.91",
            "revenue": 274911
        },
        "2015-10": {
            "month": "2015-10",
            "price": "31.79",
            "revenue": 291374
        },
        "2015-11": {
            "month": "2015-11",
            "price": "30.99",
            "revenue": 272231
        },
        "2015-12": {
            "month": "2015-12",
            "price": "30.28",
            "revenue": 283671
        },
        "2016-01": {
            "month": "2016-01",
            "price": "29.15",
            "revenue": 283617
        },
        "2016-02": {
            "month": "2016-02",
            "price": "30.38",
            "revenue": 250851
        },
        "2016-03": {
            "month": "2016-03",
            "price": "31.67",
            "revenue": 283180
        },
        "2016-04": {
            "month": "2016-04",
            "price": "30.21",
            "revenue": 296301
        },
        "2016-05": {
            "month": "2016-05",
            "price": "28.24",
            "revenue": 300415
        },
        "2016-06": {
            "month": "2016-06",
            "price": "29.61",
            "revenue": 297946
        },
        "2016-07": {
            "month": "2016-07",
            "price": "32.54",
            "revenue": 310684
        },
        "2016-08": {
            "month": "2016-08",
            "price": "31.85",
            "revenue": 331689
        },
        "2016-09": {
            "month": "2016-09",
            "price": "36.52",
            "revenue": 323015
        },
        "2016-10": {
            "month": "2016-10",
            "price": "35.20",
            "revenue": 310429
        },
        "2016-11": {
            "month": "2016-11",
            "price": "35.00",
            "revenue": 304278
        },
        "2016-12": {
            "month": "2016-12",
            "price": "36.70",
            "revenue": 327870
        },
        "2017-01": {
            "month": "2017-01",
            "price": "38.36",
            "revenue": 323848
        },
        "2017-02": {
            "month": "2017-02",
            "price": "40.30",
            "revenue": 262238
        },
        "2017-03": {
            "month": "2017-03",
            "price": "41.31",
            "revenue": 328834
        },
        "2017-04": {
            "month": "2017-04",
            "price": "46.21",
            "revenue": 316360
        },
        "2017-05": {
            "month": "2017-05",
            "price": "46.24",
            "revenue": 305017
        },
        "2017-06": {
            "month": "2017-06",
            "price": "45.99",
            "revenue": 303606
        },
        "2017-07": {
            "month": "2017-07",
            "price": "43.24",
            "revenue": 327662
        },
        "2017-08": {
            "month": "2017-08",
            "price": "44.68",
            "revenue": 342827
        },
        "2017-09": {
            "month": "2017-09",
            "price": "49.05",
            "revenue": 359113
        },
        "2017-10": {
            "month": "2017-10",
            "price": "49.32",
            "revenue": 359438
        },
        "2017-11": {
            "month": "2017-11",
            "price": "55.66",
            "revenue": 344773
        },
        "2017-12": {
            "month": "2017-12",
            "price": "64.54",
            "revenue": 343711
        },
        "2018-01": {
            "month": "2018-01",
            "price": "83.92",
            "revenue": 367883
        },
        "2018-02": {
            "month": "2018-02",
            "price": "86.00",
            "revenue": 312992
        },
        "2018-03": {
            "month": "2018-03",
            "price": "98.43",
            "revenue": 357075
        },
        "2018-04": {
            "month": "2018-04",
            "price": "87.61",
            "revenue": 349237
        },
        "2018-05": {
            "month": "2018-05",
            "price": "87.79",
            "revenue": 354923
        },
        "2018-06": {
            "month": "2018-06",
            "price": "89.52",
            "revenue": 353124
        },
        "2018-07": {
            "month": "2018-07",
            "price": "77.70",
            "revenue": 364491
        },
        "2018-08": {
            "month": "2018-08",
            "price": "80.41",
            "revenue": 374536
        },
        "2018-09": {
            "month": "2018-09",
            "price": "80.73",
            "revenue": 388409
        },
        "2018-10": {
            "month": "2018-10",
            "price": "71.51",
            "revenue": 398888
        },
        "2018-11": {
            "month": "2018-11",
            "price": "69.29",
            "revenue": 403005
        },
        "2018-12": {
            "month": "2018-12",
            "price": "84.82",
            "revenue": 388162
        },
        "2019-01": {
            "month": "2019-01",
            "price": "93.01",
            "revenue": 405274
        },
        "2019-02": {
            "month": "2019-02",
            "price": "104.47",
            "revenue": 336214
        },
        "2019-03": {
            "month": "2019-03",
            "price": "105.90",
            "revenue": 380451
        },
        "2019-04": {
            "month": "2019-04",
            "price": "99.13",
            "revenue": 379947
        },
        "2019-05": {
            "month": "2019-05",
            "price": "88.65",
            "revenue": 380752
        },
        "2019-06": {
            "month": "2019-06",
            "price": "85.75",
            "revenue": 373400
        },
        "2019-07": {
            "month": "2019-07",
            "price": "92.62",
            "revenue": 399102
        },
        "2019-08": {
            "month": "2019-08",
            "price": "96.23",
            "revenue": 390907
        },
        "2019-09": {
            "month": "2019-09",
            "price": "93.00",
            "revenue": 374774
        },
        "2019-10": {
            "month": "2019-10",
            "price": "85.41",
            "revenue": 374466
        },
        "2019-11": {
            "month": "2019-11",
            "price": "82.43",
            "revenue": 370780
        },
        "2019-12": {
            "month": "2019-12",
            "price": "89.25",
            "revenue": 364775
        },
        "2020-01": {
            "month": "2020-01",
            "price": "89.40",
            "revenue": 363210
        },
        "2020-02": {
            "month": "2020-02",
            "price": "86.31",
            "revenue": 360596
        },
        "2020-03": {
            "month": "2020-03",
            "price": "75.15",
            "revenue": 377447
        },
        "2020-04": {
            "month": "2020-04",
            "price": "78.44",
            "revenue": 377198
        },
        "2020-05": {
            "month": "2020-05",
            "price": "86.96",
            "revenue": 360026
        },
        "2020-06": {
            "month": "2020-06",
            "price": "89.58",
            "revenue": 342691
        },
        "2020-07": {
            "month": "2020-07",
            "price": "88.43",
            "revenue": 358933
        },
        "2020-08": {
            "month": "2020-08",
            "price": "85.31",
            "revenue": 355582
        },
        "2020-09": {
            "month": "2020-09",
            "price": "82.79",
            "revenue": 367556
        },
        "2020-10": {
            "month": "2020-10",
            "price": "81.06",
            "revenue": 336962
        },
        "2020-11": {
            "month": "2020-11",
            "price": "81.22",
            "revenue": 355826
        },
        "2020-12": {
            "month": "2020-12",
            "price": "85.03",
            "revenue": 340076
        },
        "2021-01": {
            "month": "2021-01",
            "price": "84.19",
            "revenue": 383951
        },
        "2021-02": {
            "month": "2021-02",
            "price": "87.18",
            "revenue": 326318
        },
        "2021-03": {
            "month": "2021-03",
            "price": "91.64",
            "revenue": 364340
        },
        "2021-04": {
            "month": "2021-04",
            "price": "93.86",
            "revenue": 365522
        },
        "2021-05": {
            "month": "2021-05",
            "price": "87.38",
            "revenue": 366796
        },
        "2021-06": {
            "month": "2021-06",
            "price": "87.50",
            "revenue": 358728
        },
        "2021-07": {
            "month": "2021-07",
            "price": "91.06",
            "revenue": 392543
        },
        "2021-08": {
            "month": "2021-08",
            "price": "90.98",
            "revenue": 398002
        },
        "2021-09": {
            "month": "2021-09",
            "price": "89.71",
            "revenue": 389544
        },
        "2021-10": {
            "month": "2021-10",
            "price": "88.77",
            "revenue": 370158
        },
        "2021-11": {
            "month": "2021-11",
            "price": "108.15",
            "revenue": 402059
        },
        "2021-12": {
            "month": "2021-12",
            "price": "131.18",
            "revenue": 395472
        },
        "2022-01": {
            "month": "2022-01",
            "price": "134.92",
            "revenue": 405491
        },
        "2022-02": {
            "month": "2022-02",
            "price": "125.53",
            "revenue": 377446
        },
        "2022-03": {
            "month": "2022-03",
            "price": "115.72",
            "revenue": 413319
        },
        "2022-04": {
            "month": "2022-04",
            "price": "107.03",
            "revenue": 379599
        },
        "2022-05": {
            "month": "2022-05",
            "price": "96.56",
            "revenue": 384027
        },
        "2022-06": {
            "month": "2022-06",
            "price": "91.75",
            "revenue": 284492
        },
        "2022-07": {
            "month": "2022-07",
            "price": "72.11",
            "revenue": 250165
        },
        "2022-08": {
            "month": "2022-08",
            "price": "69.69",
            "revenue": 252786
        },
        "2022-09": {
            "month": "2022-09",
            "price": "69.23",
            "revenue": 224624
        },
        "2022-10": {
            "month": "2022-10",
            "price": "59.98",
            "revenue": 291103
        },
        "2022-11": {
            "month": "2022-11",
            "price": "64.70",
            "revenue": 313232
        },
        "2022-12": {
            "month": "2022-12",
            "price": "69.01",
            "revenue": 312953
        },
        "2023-01": {
            "month": "2023-01",
            "price": "68.05",
            "revenue": 313389
        },
        "2023-02": {
            "month": "2023-02",
            "price": "77.74",
            "revenue": 282818
        },
        "2023-03": {
            "month": "2023-03",
            "price": "83.52",
            "revenue": 365730
        },
        "2023-04": {
            "month": "2023-04",
            "price": "89.34",
            "revenue": 348805
        },
        "2023-05": {
            "month": "2023-05",
            "price": "94.37",
            "revenue": 375844
        }
    }
}
