{
    "summary": {
        "stock_name": "乙盛-KY",
        "stock_id": "5243",
        "category": "光電",
        "main_business": "模具、塑膠及五金製品之設計、研發、生產及銷售",
        "website_url": "http://www.eson.com.cn",
        "ceo": "林育全",
        "pe_ratio": 13,
        "report_year_from": 2011,
        "report_year_to": 2023,
        "age": 13,
        "eps_negative_percentage": 0,
        "eps_growth_avg": {
            "last_all": 15.08,
            "last_2y": 12.55,
            "last_4y": 13.8,
            "last_8y": 5.64,
            "last_12y": null,
            "last_16y": null,
            "last_20y": null,
            "at_2006_last_3y": null,
            "at_2007_last_3y": null,
            "at_2008_last_3y": null,
            "at_2009_last_3y": null,
            "at_2010_last_3y": null,
            "at_2011_last_3y": null,
            "at_2012_last_3y": null,
            "at_2013_last_3y": null,
            "at_2014_last_3y": null,
            "at_2015_last_3y": null,
            "at_2016_last_3y": null,
            "at_2017_last_3y": 24.15,
            "at_2018_last_3y": -4.55,
            "at_2019_last_3y": 16.14,
            "at_2020_last_3y": 7.94,
            "at_2021_last_3y": 4.41,
            "at_2022_last_3y": 26.23,
            "at_2023_last_3y": 7.39,
            "at_2024_last_3y": 7.39,
            "at_2006_last_all": null,
            "at_2007_last_all": null,
            "at_2008_last_all": null,
            "at_2009_last_all": null,
            "at_2010_last_all": null,
            "at_2011_last_all": null,
            "at_2012_last_all": null,
            "at_2013_last_all": null,
            "at_2014_last_all": null,
            "at_2015_last_all": 28.34,
            "at_2016_last_all": 27.13,
            "at_2017_last_all": 24.15,
            "at_2018_last_all": 16.36,
            "at_2019_last_all": 20.21,
            "at_2020_last_all": 16.16,
            "at_2021_last_all": 14.28,
            "at_2022_last_all": 20.75,
            "at_2023_last_all": 15.08,
            "at_2024_last_all": 15.08
        },
        "latest_eps": 4.33,
        "latest_price": 55.5,
        "latest_roe": 10.24,
        "latest_gross_margin": 21.25,
        "latest_equity": 7546926,
        "latest_revenue": 2733035,
        "latest_gross_profit": 580754,
        "latest_net_income": 140750,
        "latest_debt_ratio": 37.69,
        "latest_current_ratio": 179.02,
        "latest_account_receivable_turnover_ratio": 1.19,
        "latest_inventory_turnover_ratio": 1.96,
        "latest_reinvestment_rate": 102.47,
        "latest_research_to_sale_ratio": 1.34
    },
    "eps_dividends": {
        "2001": {
            "cash": 0,
            "stock": 0,
            "eps": 0
        },
        "2002": {
            "cash": 0,
            "stock": 0,
            "eps": 0
        },
        "2003": {
            "cash": 0,
            "stock": 0,
            "eps": 0
        },
        "2004": {
            "cash": 0,
            "stock": 0,
            "eps": 0
        },
        "2005": {
            "cash": 0,
            "stock": 0,
            "eps": 0
        },
        "2006": {
            "cash": 0,
            "stock": 0,
            "eps": 0
        },
        "2007": {
            "cash": 0,
            "stock": 0,
            "eps": 0
        },
        "2008": {
            "cash": 0,
            "stock": 0,
            "eps": 0
        },
        "2009": {
            "cash": 0,
            "stock": 0,
            "eps": 0
        },
        "2010": {
            "cash": 0,
            "stock": 0,
            "eps": 0
        },
        "2011": {
            "cash": 0,
            "stock": 0,
            "eps": 0
        },
        "2012": {
            "cash": 0,
            "stock": 0,
            "eps": 0
        },
        "2013": {
            "cash": 0,
            "stock": 0,
            "eps": 1.34
        },
        "2014": {
            "cash": 1.5,
            "stock": 0.5,
            "eps": 3.07
        },
        "2015": {
            "cash": 2.5,
            "stock": 0,
            "eps": 1.74
        },
        "2016": {
            "cash": 1.2,
            "stock": 0,
            "eps": 2.17
        },
        "2017": {
            "cash": 1.5,
            "stock": 0,
            "eps": 2.5
        },
        "2018": {
            "cash": 2,
            "stock": 0,
            "eps": 2.13
        },
        "2019": {
            "cash": 1.5,
            "stock": 0,
            "eps": 2.97
        },
        "2020": {
            "cash": 1.8,
            "stock": 0,
            "eps": 2.73
        },
        "2021": {
            "cash": 1.7,
            "stock": 0,
            "eps": 2.76
        },
        "2022": {
            "cash": 1.4,
            "stock": 0,
            "eps": 4.76
        },
        "2023": {
            "cash": 1.6,
            "stock": 0,
            "eps": 3.05
        }
    },
    "dividends": {
        "2014-09-30": {
            "cash": 1.5,
            "stock": 0.5
        },
        "2015-09-24": {
            "cash": 2.5,
            "stock": 0
        },
        "2016-09-26": {
            "cash": 1.2,
            "stock": 0
        },
        "2017-09-15": {
            "cash": 1.5,
            "stock": 0
        },
        "2018-09-18": {
            "cash": 2,
            "stock": 0
        },
        "2019-09-02": {
            "cash": 1.5,
            "stock": 0
        },
        "2020-09-01": {
            "cash": 1.8,
            "stock": 0
        },
        "2021-09-27": {
            "cash": 1.7,
            "stock": 0
        },
        "2022-09-28": {
            "cash": 1.4,
            "stock": 0
        },
        "2023-09-28": {
            "cash": 1.6,
            "stock": 0
        }
    },
    "prices": {
        "200101": "無",
        "200102": "無",
        "200103": "無",
        "200104": "無",
        "200105": "無",
        "200106": "無",
        "200107": "無",
        "200108": "無",
        "200109": "無",
        "200110": "無",
        "200111": "無",
        "200112": "無",
        "200201": "無",
        "200202": "無",
        "200203": "無",
        "200204": "無",
        "200205": "無",
        "200206": "無",
        "200207": "無",
        "200208": "無",
        "200209": "無",
        "200210": "無",
        "200211": "無",
        "200212": "無",
        "200301": "無",
        "200302": "無",
        "200303": "無",
        "200304": "無",
        "200305": "無",
        "200306": "無",
        "200307": "無",
        "200308": "無",
        "200309": "無",
        "200310": "無",
        "200311": "無",
        "200312": "無",
        "200401": "無",
        "200402": "無",
        "200403": "無",
        "200404": "無",
        "200405": "無",
        "200406": "無",
        "200407": "無",
        "200408": "無",
        "200409": "無",
        "200410": "無",
        "200411": "無",
        "200412": "無",
        "200501": "無",
        "200502": "無",
        "200503": "無",
        "200504": "無",
        "200505": "無",
        "200506": "無",
        "200507": "無",
        "200508": "無",
        "200509": "無",
        "200510": "無",
        "200511": "無",
        "200512": "無",
        "200601": "無",
        "200602": "無",
        "200603": "無",
        "200604": "無",
        "200605": "無",
        "200606": "無",
        "200607": "無",
        "200608": "無",
        "200609": "無",
        "200610": "無",
        "200611": "無",
        "200612": "無",
        "200701": "無",
        "200702": "無",
        "200703": "無",
        "200704": "無",
        "200705": "無",
        "200706": "無",
        "200707": "無",
        "200708": "無",
        "200709": "無",
        "200710": "無",
        "200711": "無",
        "200712": "無",
        "200801": "無",
        "200802": "無",
        "200803": "無",
        "200804": "無",
        "200805": "無",
        "200806": "無",
        "200807": "無",
        "200808": "無",
        "200809": "無",
        "200810": "無",
        "200811": "無",
        "200812": "無",
        "200901": "無",
        "200902": "無",
        "200903": "無",
        "200904": "無",
        "200905": "無",
        "200906": "無",
        "200907": "無",
        "200908": "無",
        "200909": "無",
        "200910": "無",
        "200911": "無",
        "200912": "無",
        "201001": "無",
        "201002": "無",
        "201003": "無",
        "201004": "無",
        "201005": "無",
        "201006": "無",
        "201007": "無",
        "201008": "無",
        "201009": "無",
        "201010": "無",
        "201011": "無",
        "201012": "無",
        "201101": "無",
        "201102": "無",
        "201103": "無",
        "201104": "無",
        "201105": "無",
        "201106": "無",
        "201107": "無",
        "201108": "無",
        "201109": "無",
        "201110": "無",
        "201111": "無",
        "201112": "無",
        "201201": "無",
        "201202": "無",
        "201203": "無",
        "201204": "無",
        "201205": "無",
        "201206": "無",
        "201207": "無",
        "201208": "無",
        "201209": "無",
        "201210": "無",
        "201211": "無",
        "201212": "無",
        "201301": "無",
        "201302": "無",
        "201303": "無",
        "201304": "無",
        "201305": "無",
        "201306": "無",
        "201307": "無",
        "201308": "無",
        "201309": "無",
        "201310": "無",
        "201311": "48.81",
        "201312": "49.96",
        "201401": "46.34",
        "201402": "45.87",
        "201403": "53.01",
        "201404": "54.22",
        "201405": "50.57",
        "201406": "49.78",
        "201407": "50.74",
        "201408": "48.67",
        "201409": "46.22",
        "201410": "40.38",
        "201411": "40.46",
        "201412": "44.89",
        "201501": "42.50",
        "201502": "41.78",
        "201503": "42.55",
        "201504": "41.83",
        "201505": "35.90",
        "201506": "33.84",
        "201507": "33.53",
        "201508": "31.02",
        "201509": "26.58",
        "201510": "29.76",
        "201511": "29.70",
        "201512": "27.46",
        "201601": "26.54",
        "201602": "28.48",
        "201603": "34.77",
        "201604": "34.57",
        "201605": "32.73",
        "201606": "34.97",
        "201607": "37.26",
        "201608": "38.32",
        "201609": "40.12",
        "201610": "41.51",
        "201611": "37.15",
        "201612": "37.71",
        "201701": "38.98",
        "201702": "42.78",
        "201703": "47.46",
        "201704": "45.69",
        "201705": "45.32",
        "201706": "46.88",
        "201707": "46.33",
        "201708": "48.20",
        "201709": "45.43",
        "201710": "48.50",
        "201711": "51.02",
        "201712": "46.59",
        "201801": "45.14",
        "201802": "38.92",
        "201803": "38.63",
        "201804": "34.82",
        "201805": "33.11",
        "201806": "35.38",
        "201807": "35.92",
        "201808": "35.21",
        "201809": "31.35",
        "201810": "28.54",
        "201811": "29.52",
        "201812": "30.76",
        "201901": "29.74",
        "201902": "31.38",
        "201903": "33.01",
        "201904": "36.15",
        "201905": "35.71",
        "201906": "35.48",
        "201907": "38.45",
        "201908": "40.67",
        "201909": "40.77",
        "201910": "37.49",
        "201911": "36.64",
        "201912": "36.33",
        "202001": "36.49",
        "202002": "33.93",
        "202003": "28.12",
        "202004": "28.14",
        "202005": "30.49",
        "202006": "32.50",
        "202007": "35.17",
        "202008": "34.16",
        "202009": "34.58",
        "202010": "34.61",
        "202011": "37.63",
        "202012": "48.34",
        "202101": "67.56",
        "202102": "64.95",
        "202103": "71.61",
        "202104": "72.13",
        "202105": "58.87",
        "202106": "64.91",
        "202107": "68.25",
        "202108": "62.25",
        "202109": "58.04",
        "202110": "65.30",
        "202111": "68.46",
        "202112": "66.60",
        "202201": "63.23",
        "202202": "61.39",
        "202203": "58.22",
        "202204": "60.03",
        "202205": "60.32",
        "202206": "65.15",
        "202207": "65.77",
        "202208": "67.30",
        "202209": "61.47",
        "202210": "61.46",
        "202211": "59.68",
        "202212": "60.33",
        "202301": "58.25",
        "202302": "61.50",
        "202303": "63.01",
        "202304": "66.59",
        "202305": "73.63",
        "202306": "83.66",
        "202307": "75.34",
        "202308": "66.76",
        "202309": "65.86",
        "202310": "60.26",
        "202311": "59.18",
        "202312": "60.40"
    },
    "quarters": {
        "20011": {
            "year_quarter": 20011,
            "year": 2001,
            "quarter": 1,
            "eps": null,
            "eps_growth_year": null,
            "eps_4q": null,
            "eps_4q_growth_year": null,
            "roe": null,
            "roe_4q": 0,
            "gross_profit": null,
            "gross_margin": null,
            "gross_margin_4q_avg": 0,
            "net_income": null,
            "net_income_4q": null,
            "revenue": null,
            "revenue_4q": null,
            "common_shares": null,
            "book_valuer_per_share": null,
            "book_valuer_per_share_4q_avg": 0,
            "equity": null,
            "current_ratio": null,
            "debt_ratio": null,
            "inventory_turnover_ratio": null,
            "account_receivable_turnover_ratio": null,
            "reinvestment_rate": null,
            "research_to_sale_ratio": null,
            "price_fair": 0,
            "eps_avg_yearly": 0,
            "eps_latest_yearly": 0,
            "eps_growth_yearly": 0
        },
        "20012": {
            "year_quarter": 20012,
            "year": 2001,
            "quarter": 2,
            "eps": null,
            "eps_growth_year": null,
            "eps_4q": null,
            "eps_4q_growth_year": null,
            "roe": null,
            "roe_4q": 0,
            "gross_profit": null,
            "gross_margin": null,
            "gross_margin_4q_avg": 0,
            "net_income": null,
            "net_income_4q": null,
            "revenue": null,
            "revenue_4q": null,
            "common_shares": null,
            "book_valuer_per_share": null,
            "book_valuer_per_share_4q_avg": 0,
            "equity": null,
            "current_ratio": null,
            "debt_ratio": null,
            "inventory_turnover_ratio": null,
            "account_receivable_turnover_ratio": null,
            "reinvestment_rate": null,
            "research_to_sale_ratio": null,
            "price_fair": 0,
            "eps_avg_yearly": 0,
            "eps_latest_yearly": 0,
            "eps_growth_yearly": 0
        },
        "20013": {
            "year_quarter": 20013,
            "year": 2001,
            "quarter": 3,
            "eps": null,
            "eps_growth_year": null,
            "eps_4q": null,
            "eps_4q_growth_year": null,
            "roe": null,
            "roe_4q": 0,
            "gross_profit": null,
            "gross_margin": null,
            "gross_margin_4q_avg": 0,
            "net_income": null,
            "net_income_4q": null,
            "revenue": null,
            "revenue_4q": null,
            "common_shares": null,
            "book_valuer_per_share": null,
            "book_valuer_per_share_4q_avg": 0,
            "equity": null,
            "current_ratio": null,
            "debt_ratio": null,
            "inventory_turnover_ratio": null,
            "account_receivable_turnover_ratio": null,
            "reinvestment_rate": null,
            "research_to_sale_ratio": null,
            "price_fair": 0,
            "eps_avg_yearly": 0,
            "eps_latest_yearly": 0,
            "eps_growth_yearly": 0
        },
        "20014": {
            "year_quarter": 20014,
            "year": 2001,
            "quarter": 4,
            "eps": null,
            "eps_growth_year": null,
            "eps_4q": null,
            "eps_4q_growth_year": null,
            "roe": null,
            "roe_4q": 0,
            "gross_profit": null,
            "gross_margin": null,
            "gross_margin_4q_avg": 0,
            "net_income": null,
            "net_income_4q": null,
            "revenue": null,
            "revenue_4q": null,
            "common_shares": null,
            "book_valuer_per_share": null,
            "book_valuer_per_share_4q_avg": 0,
            "equity": null,
            "current_ratio": null,
            "debt_ratio": null,
            "inventory_turnover_ratio": null,
            "account_receivable_turnover_ratio": null,
            "reinvestment_rate": null,
            "research_to_sale_ratio": null,
            "price_fair": 0,
            "eps_avg_yearly": 0,
            "eps_latest_yearly": 0,
            "eps_growth_yearly": 0
        },
        "20021": {
            "year_quarter": 20021,
            "year": 2002,
            "quarter": 1,
            "eps": null,
            "eps_growth_year": null,
            "eps_4q": null,
            "eps_4q_growth_year": null,
            "roe": null,
            "roe_4q": 0,
            "gross_profit": null,
            "gross_margin": null,
            "gross_margin_4q_avg": 0,
            "net_income": null,
            "net_income_4q": null,
            "revenue": null,
            "revenue_4q": null,
            "common_shares": null,
            "book_valuer_per_share": null,
            "book_valuer_per_share_4q_avg": 0,
            "equity": null,
            "current_ratio": null,
            "debt_ratio": null,
            "inventory_turnover_ratio": null,
            "account_receivable_turnover_ratio": null,
            "reinvestment_rate": null,
            "research_to_sale_ratio": null,
            "price_fair": 0,
            "eps_avg_yearly": 0,
            "eps_latest_yearly": 0,
            "eps_growth_yearly": 0
        },
        "20022": {
            "year_quarter": 20022,
            "year": 2002,
            "quarter": 2,
            "eps": null,
            "eps_growth_year": null,
            "eps_4q": null,
            "eps_4q_growth_year": null,
            "roe": null,
            "roe_4q": 0,
            "gross_profit": null,
            "gross_margin": null,
            "gross_margin_4q_avg": 0,
            "net_income": null,
            "net_income_4q": null,
            "revenue": null,
            "revenue_4q": null,
            "common_shares": null,
            "book_valuer_per_share": null,
            "book_valuer_per_share_4q_avg": 0,
            "equity": null,
            "current_ratio": null,
            "debt_ratio": null,
            "inventory_turnover_ratio": null,
            "account_receivable_turnover_ratio": null,
            "reinvestment_rate": null,
            "research_to_sale_ratio": null,
            "price_fair": 0,
            "eps_avg_yearly": 0,
            "eps_latest_yearly": 0,
            "eps_growth_yearly": 0
        },
        "20023": {
            "year_quarter": 20023,
            "year": 2002,
            "quarter": 3,
            "eps": null,
            "eps_growth_year": null,
            "eps_4q": null,
            "eps_4q_growth_year": null,
            "roe": null,
            "roe_4q": 0,
            "gross_profit": null,
            "gross_margin": null,
            "gross_margin_4q_avg": 0,
            "net_income": null,
            "net_income_4q": null,
            "revenue": null,
            "revenue_4q": null,
            "common_shares": null,
            "book_valuer_per_share": null,
            "book_valuer_per_share_4q_avg": 0,
            "equity": null,
            "current_ratio": null,
            "debt_ratio": null,
            "inventory_turnover_ratio": null,
            "account_receivable_turnover_ratio": null,
            "reinvestment_rate": null,
            "research_to_sale_ratio": null,
            "price_fair": 0,
            "eps_avg_yearly": 0,
            "eps_latest_yearly": 0,
            "eps_growth_yearly": 0
        },
        "20024": {
            "year_quarter": 20024,
            "year": 2002,
            "quarter": 4,
            "eps": null,
            "eps_growth_year": null,
            "eps_4q": null,
            "eps_4q_growth_year": null,
            "roe": null,
            "roe_4q": 0,
            "gross_profit": null,
            "gross_margin": null,
            "gross_margin_4q_avg": 0,
            "net_income": null,
            "net_income_4q": null,
            "revenue": null,
            "revenue_4q": null,
            "common_shares": null,
            "book_valuer_per_share": null,
            "book_valuer_per_share_4q_avg": 0,
            "equity": null,
            "current_ratio": null,
            "debt_ratio": null,
            "inventory_turnover_ratio": null,
            "account_receivable_turnover_ratio": null,
            "reinvestment_rate": null,
            "research_to_sale_ratio": null,
            "price_fair": 0,
            "eps_avg_yearly": 0,
            "eps_latest_yearly": 0,
            "eps_growth_yearly": 0
        },
        "20031": {
            "year_quarter": 20031,
            "year": 2003,
            "quarter": 1,
            "eps": null,
            "eps_growth_year": null,
            "eps_4q": null,
            "eps_4q_growth_year": null,
            "roe": null,
            "roe_4q": 0,
            "gross_profit": null,
            "gross_margin": null,
            "gross_margin_4q_avg": 0,
            "net_income": null,
            "net_income_4q": null,
            "revenue": null,
            "revenue_4q": null,
            "common_shares": null,
            "book_valuer_per_share": null,
            "book_valuer_per_share_4q_avg": 0,
            "equity": null,
            "current_ratio": null,
            "debt_ratio": null,
            "inventory_turnover_ratio": null,
            "account_receivable_turnover_ratio": null,
            "reinvestment_rate": null,
            "research_to_sale_ratio": null,
            "price_fair": 0,
            "eps_avg_yearly": 0,
            "eps_latest_yearly": 0,
            "eps_growth_yearly": 0
        },
        "20032": {
            "year_quarter": 20032,
            "year": 2003,
            "quarter": 2,
            "eps": null,
            "eps_growth_year": null,
            "eps_4q": null,
            "eps_4q_growth_year": null,
            "roe": null,
            "roe_4q": 0,
            "gross_profit": null,
            "gross_margin": null,
            "gross_margin_4q_avg": 0,
            "net_income": null,
            "net_income_4q": null,
            "revenue": null,
            "revenue_4q": null,
            "common_shares": null,
            "book_valuer_per_share": null,
            "book_valuer_per_share_4q_avg": 0,
            "equity": null,
            "current_ratio": null,
            "debt_ratio": null,
            "inventory_turnover_ratio": null,
            "account_receivable_turnover_ratio": null,
            "reinvestment_rate": null,
            "research_to_sale_ratio": null,
            "price_fair": 0,
            "eps_avg_yearly": 0,
            "eps_latest_yearly": 0,
            "eps_growth_yearly": 0
        },
        "20033": {
            "year_quarter": 20033,
            "year": 2003,
            "quarter": 3,
            "eps": null,
            "eps_growth_year": null,
            "eps_4q": null,
            "eps_4q_growth_year": null,
            "roe": null,
            "roe_4q": 0,
            "gross_profit": null,
            "gross_margin": null,
            "gross_margin_4q_avg": 0,
            "net_income": null,
            "net_income_4q": null,
            "revenue": null,
            "revenue_4q": null,
            "common_shares": null,
            "book_valuer_per_share": null,
            "book_valuer_per_share_4q_avg": 0,
            "equity": null,
            "current_ratio": null,
            "debt_ratio": null,
            "inventory_turnover_ratio": null,
            "account_receivable_turnover_ratio": null,
            "reinvestment_rate": null,
            "research_to_sale_ratio": null,
            "price_fair": 0,
            "eps_avg_yearly": 0,
            "eps_latest_yearly": 0,
            "eps_growth_yearly": 0
        },
        "20034": {
            "year_quarter": 20034,
            "year": 2003,
            "quarter": 4,
            "eps": null,
            "eps_growth_year": null,
            "eps_4q": null,
            "eps_4q_growth_year": null,
            "roe": null,
            "roe_4q": 0,
            "gross_profit": null,
            "gross_margin": null,
            "gross_margin_4q_avg": 0,
            "net_income": null,
            "net_income_4q": null,
            "revenue": null,
            "revenue_4q": null,
            "common_shares": null,
            "book_valuer_per_share": null,
            "book_valuer_per_share_4q_avg": 0,
            "equity": null,
            "current_ratio": null,
            "debt_ratio": null,
            "inventory_turnover_ratio": null,
            "account_receivable_turnover_ratio": null,
            "reinvestment_rate": null,
            "research_to_sale_ratio": null,
            "price_fair": 0,
            "eps_avg_yearly": 0,
            "eps_latest_yearly": 0,
            "eps_growth_yearly": 0
        },
        "20041": {
            "year_quarter": 20041,
            "year": 2004,
            "quarter": 1,
            "eps": null,
            "eps_growth_year": null,
            "eps_4q": null,
            "eps_4q_growth_year": null,
            "roe": null,
            "roe_4q": 0,
            "gross_profit": null,
            "gross_margin": null,
            "gross_margin_4q_avg": 0,
            "net_income": null,
            "net_income_4q": null,
            "revenue": null,
            "revenue_4q": null,
            "common_shares": null,
            "book_valuer_per_share": null,
            "book_valuer_per_share_4q_avg": 0,
            "equity": null,
            "current_ratio": null,
            "debt_ratio": null,
            "inventory_turnover_ratio": null,
            "account_receivable_turnover_ratio": null,
            "reinvestment_rate": null,
            "research_to_sale_ratio": null,
            "price_fair": 0,
            "eps_avg_yearly": 0,
            "eps_latest_yearly": 0,
            "eps_growth_yearly": 0
        },
        "20042": {
            "year_quarter": 20042,
            "year": 2004,
            "quarter": 2,
            "eps": null,
            "eps_growth_year": null,
            "eps_4q": null,
            "eps_4q_growth_year": null,
            "roe": null,
            "roe_4q": 0,
            "gross_profit": null,
            "gross_margin": null,
            "gross_margin_4q_avg": 0,
            "net_income": null,
            "net_income_4q": null,
            "revenue": null,
            "revenue_4q": null,
            "common_shares": null,
            "book_valuer_per_share": null,
            "book_valuer_per_share_4q_avg": 0,
            "equity": null,
            "current_ratio": null,
            "debt_ratio": null,
            "inventory_turnover_ratio": null,
            "account_receivable_turnover_ratio": null,
            "reinvestment_rate": null,
            "research_to_sale_ratio": null,
            "price_fair": 0,
            "eps_avg_yearly": 0,
            "eps_latest_yearly": 0,
            "eps_growth_yearly": 0
        },
        "20043": {
            "year_quarter": 20043,
            "year": 2004,
            "quarter": 3,
            "eps": null,
            "eps_growth_year": null,
            "eps_4q": null,
            "eps_4q_growth_year": null,
            "roe": null,
            "roe_4q": 0,
            "gross_profit": null,
            "gross_margin": null,
            "gross_margin_4q_avg": 0,
            "net_income": null,
            "net_income_4q": null,
            "revenue": null,
            "revenue_4q": null,
            "common_shares": null,
            "book_valuer_per_share": null,
            "book_valuer_per_share_4q_avg": 0,
            "equity": null,
            "current_ratio": null,
            "debt_ratio": null,
            "inventory_turnover_ratio": null,
            "account_receivable_turnover_ratio": null,
            "reinvestment_rate": null,
            "research_to_sale_ratio": null,
            "price_fair": 0,
            "eps_avg_yearly": 0,
            "eps_latest_yearly": 0,
            "eps_growth_yearly": 0
        },
        "20044": {
            "year_quarter": 20044,
            "year": 2004,
            "quarter": 4,
            "eps": null,
            "eps_growth_year": null,
            "eps_4q": null,
            "eps_4q_growth_year": null,
            "roe": null,
            "roe_4q": 0,
            "gross_profit": null,
            "gross_margin": null,
            "gross_margin_4q_avg": 0,
            "net_income": null,
            "net_income_4q": null,
            "revenue": null,
            "revenue_4q": null,
            "common_shares": null,
            "book_valuer_per_share": null,
            "book_valuer_per_share_4q_avg": 0,
            "equity": null,
            "current_ratio": null,
            "debt_ratio": null,
            "inventory_turnover_ratio": null,
            "account_receivable_turnover_ratio": null,
            "reinvestment_rate": null,
            "research_to_sale_ratio": null,
            "price_fair": 0,
            "eps_avg_yearly": 0,
            "eps_latest_yearly": 0,
            "eps_growth_yearly": 0
        },
        "20051": {
            "year_quarter": 20051,
            "year": 2005,
            "quarter": 1,
            "eps": null,
            "eps_growth_year": null,
            "eps_4q": null,
            "eps_4q_growth_year": null,
            "roe": null,
            "roe_4q": 0,
            "gross_profit": null,
            "gross_margin": null,
            "gross_margin_4q_avg": 0,
            "net_income": null,
            "net_income_4q": null,
            "revenue": null,
            "revenue_4q": null,
            "common_shares": null,
            "book_valuer_per_share": null,
            "book_valuer_per_share_4q_avg": 0,
            "equity": null,
            "current_ratio": null,
            "debt_ratio": null,
            "inventory_turnover_ratio": null,
            "account_receivable_turnover_ratio": null,
            "reinvestment_rate": null,
            "research_to_sale_ratio": null,
            "price_fair": 0,
            "eps_avg_yearly": 0,
            "eps_latest_yearly": 0,
            "eps_growth_yearly": 0
        },
        "20052": {
            "year_quarter": 20052,
            "year": 2005,
            "quarter": 2,
            "eps": null,
            "eps_growth_year": null,
            "eps_4q": null,
            "eps_4q_growth_year": null,
            "roe": null,
            "roe_4q": 0,
            "gross_profit": null,
            "gross_margin": null,
            "gross_margin_4q_avg": 0,
            "net_income": null,
            "net_income_4q": null,
            "revenue": null,
            "revenue_4q": null,
            "common_shares": null,
            "book_valuer_per_share": null,
            "book_valuer_per_share_4q_avg": 0,
            "equity": null,
            "current_ratio": null,
            "debt_ratio": null,
            "inventory_turnover_ratio": null,
            "account_receivable_turnover_ratio": null,
            "reinvestment_rate": null,
            "research_to_sale_ratio": null,
            "price_fair": 0,
            "eps_avg_yearly": 0,
            "eps_latest_yearly": 0,
            "eps_growth_yearly": 0
        },
        "20053": {
            "year_quarter": 20053,
            "year": 2005,
            "quarter": 3,
            "eps": null,
            "eps_growth_year": null,
            "eps_4q": null,
            "eps_4q_growth_year": null,
            "roe": null,
            "roe_4q": 0,
            "gross_profit": null,
            "gross_margin": null,
            "gross_margin_4q_avg": 0,
            "net_income": null,
            "net_income_4q": null,
            "revenue": null,
            "revenue_4q": null,
            "common_shares": null,
            "book_valuer_per_share": null,
            "book_valuer_per_share_4q_avg": 0,
            "equity": null,
            "current_ratio": null,
            "debt_ratio": null,
            "inventory_turnover_ratio": null,
            "account_receivable_turnover_ratio": null,
            "reinvestment_rate": null,
            "research_to_sale_ratio": null,
            "price_fair": 0,
            "eps_avg_yearly": 0,
            "eps_latest_yearly": 0,
            "eps_growth_yearly": 0
        },
        "20054": {
            "year_quarter": 20054,
            "year": 2005,
            "quarter": 4,
            "eps": null,
            "eps_growth_year": null,
            "eps_4q": null,
            "eps_4q_growth_year": null,
            "roe": null,
            "roe_4q": 0,
            "gross_profit": null,
            "gross_margin": null,
            "gross_margin_4q_avg": 0,
            "net_income": null,
            "net_income_4q": null,
            "revenue": null,
            "revenue_4q": null,
            "common_shares": null,
            "book_valuer_per_share": null,
            "book_valuer_per_share_4q_avg": 0,
            "equity": null,
            "current_ratio": null,
            "debt_ratio": null,
            "inventory_turnover_ratio": null,
            "account_receivable_turnover_ratio": null,
            "reinvestment_rate": null,
            "research_to_sale_ratio": null,
            "price_fair": 0,
            "eps_avg_yearly": 0,
            "eps_latest_yearly": 0,
            "eps_growth_yearly": 0
        },
        "20061": {
            "year_quarter": 20061,
            "year": 2006,
            "quarter": 1,
            "eps": null,
            "eps_growth_year": null,
            "eps_4q": null,
            "eps_4q_growth_year": null,
            "roe": null,
            "roe_4q": 0,
            "gross_profit": null,
            "gross_margin": null,
            "gross_margin_4q_avg": 0,
            "net_income": null,
            "net_income_4q": null,
            "revenue": null,
            "revenue_4q": null,
            "common_shares": null,
            "book_valuer_per_share": null,
            "book_valuer_per_share_4q_avg": 0,
            "equity": null,
            "current_ratio": null,
            "debt_ratio": null,
            "inventory_turnover_ratio": null,
            "account_receivable_turnover_ratio": null,
            "reinvestment_rate": null,
            "research_to_sale_ratio": null,
            "price_fair": 0,
            "eps_avg_yearly": 0,
            "eps_latest_yearly": 0,
            "eps_growth_yearly": 0
        },
        "20062": {
            "year_quarter": 20062,
            "year": 2006,
            "quarter": 2,
            "eps": null,
            "eps_growth_year": null,
            "eps_4q": null,
            "eps_4q_growth_year": null,
            "roe": null,
            "roe_4q": 0,
            "gross_profit": null,
            "gross_margin": null,
            "gross_margin_4q_avg": 0,
            "net_income": null,
            "net_income_4q": null,
            "revenue": null,
            "revenue_4q": null,
            "common_shares": null,
            "book_valuer_per_share": null,
            "book_valuer_per_share_4q_avg": 0,
            "equity": null,
            "current_ratio": null,
            "debt_ratio": null,
            "inventory_turnover_ratio": null,
            "account_receivable_turnover_ratio": null,
            "reinvestment_rate": null,
            "research_to_sale_ratio": null,
            "price_fair": 0,
            "eps_avg_yearly": 0,
            "eps_latest_yearly": 0,
            "eps_growth_yearly": 0
        },
        "20063": {
            "year_quarter": 20063,
            "year": 2006,
            "quarter": 3,
            "eps": null,
            "eps_growth_year": null,
            "eps_4q": null,
            "eps_4q_growth_year": null,
            "roe": null,
            "roe_4q": 0,
            "gross_profit": null,
            "gross_margin": null,
            "gross_margin_4q_avg": 0,
            "net_income": null,
            "net_income_4q": null,
            "revenue": null,
            "revenue_4q": null,
            "common_shares": null,
            "book_valuer_per_share": null,
            "book_valuer_per_share_4q_avg": 0,
            "equity": null,
            "current_ratio": null,
            "debt_ratio": null,
            "inventory_turnover_ratio": null,
            "account_receivable_turnover_ratio": null,
            "reinvestment_rate": null,
            "research_to_sale_ratio": null,
            "price_fair": 0,
            "eps_avg_yearly": 0,
            "eps_latest_yearly": 0,
            "eps_growth_yearly": 0
        },
        "20064": {
            "year_quarter": 20064,
            "year": 2006,
            "quarter": 4,
            "eps": null,
            "eps_growth_year": null,
            "eps_4q": null,
            "eps_4q_growth_year": null,
            "roe": null,
            "roe_4q": 0,
            "gross_profit": null,
            "gross_margin": null,
            "gross_margin_4q_avg": 0,
            "net_income": null,
            "net_income_4q": null,
            "revenue": null,
            "revenue_4q": null,
            "common_shares": null,
            "book_valuer_per_share": null,
            "book_valuer_per_share_4q_avg": 0,
            "equity": null,
            "current_ratio": null,
            "debt_ratio": null,
            "inventory_turnover_ratio": null,
            "account_receivable_turnover_ratio": null,
            "reinvestment_rate": null,
            "research_to_sale_ratio": null,
            "price_fair": 0,
            "eps_avg_yearly": 0,
            "eps_latest_yearly": 0,
            "eps_growth_yearly": 0
        },
        "20071": {
            "year_quarter": 20071,
            "year": 2007,
            "quarter": 1,
            "eps": null,
            "eps_growth_year": null,
            "eps_4q": null,
            "eps_4q_growth_year": null,
            "roe": null,
            "roe_4q": 0,
            "gross_profit": null,
            "gross_margin": null,
            "gross_margin_4q_avg": 0,
            "net_income": null,
            "net_income_4q": null,
            "revenue": null,
            "revenue_4q": null,
            "common_shares": null,
            "book_valuer_per_share": null,
            "book_valuer_per_share_4q_avg": 0,
            "equity": null,
            "current_ratio": null,
            "debt_ratio": null,
            "inventory_turnover_ratio": null,
            "account_receivable_turnover_ratio": null,
            "reinvestment_rate": null,
            "research_to_sale_ratio": null,
            "price_fair": 0,
            "eps_avg_yearly": 0,
            "eps_latest_yearly": 0,
            "eps_growth_yearly": 0
        },
        "20072": {
            "year_quarter": 20072,
            "year": 2007,
            "quarter": 2,
            "eps": null,
            "eps_growth_year": null,
            "eps_4q": null,
            "eps_4q_growth_year": null,
            "roe": null,
            "roe_4q": 0,
            "gross_profit": null,
            "gross_margin": null,
            "gross_margin_4q_avg": 0,
            "net_income": null,
            "net_income_4q": null,
            "revenue": null,
            "revenue_4q": null,
            "common_shares": null,
            "book_valuer_per_share": null,
            "book_valuer_per_share_4q_avg": 0,
            "equity": null,
            "current_ratio": null,
            "debt_ratio": null,
            "inventory_turnover_ratio": null,
            "account_receivable_turnover_ratio": null,
            "reinvestment_rate": null,
            "research_to_sale_ratio": null,
            "price_fair": 0,
            "eps_avg_yearly": 0,
            "eps_latest_yearly": 0,
            "eps_growth_yearly": 0
        },
        "20073": {
            "year_quarter": 20073,
            "year": 2007,
            "quarter": 3,
            "eps": null,
            "eps_growth_year": null,
            "eps_4q": null,
            "eps_4q_growth_year": null,
            "roe": null,
            "roe_4q": 0,
            "gross_profit": null,
            "gross_margin": null,
            "gross_margin_4q_avg": 0,
            "net_income": null,
            "net_income_4q": null,
            "revenue": null,
            "revenue_4q": null,
            "common_shares": null,
            "book_valuer_per_share": null,
            "book_valuer_per_share_4q_avg": 0,
            "equity": null,
            "current_ratio": null,
            "debt_ratio": null,
            "inventory_turnover_ratio": null,
            "account_receivable_turnover_ratio": null,
            "reinvestment_rate": null,
            "research_to_sale_ratio": null,
            "price_fair": 0,
            "eps_avg_yearly": 0,
            "eps_latest_yearly": 0,
            "eps_growth_yearly": 0
        },
        "20074": {
            "year_quarter": 20074,
            "year": 2007,
            "quarter": 4,
            "eps": null,
            "eps_growth_year": null,
            "eps_4q": null,
            "eps_4q_growth_year": null,
            "roe": null,
            "roe_4q": 0,
            "gross_profit": null,
            "gross_margin": null,
            "gross_margin_4q_avg": 0,
            "net_income": null,
            "net_income_4q": null,
            "revenue": null,
            "revenue_4q": null,
            "common_shares": null,
            "book_valuer_per_share": null,
            "book_valuer_per_share_4q_avg": 0,
            "equity": null,
            "current_ratio": null,
            "debt_ratio": null,
            "inventory_turnover_ratio": null,
            "account_receivable_turnover_ratio": null,
            "reinvestment_rate": null,
            "research_to_sale_ratio": null,
            "price_fair": 0,
            "eps_avg_yearly": 0,
            "eps_latest_yearly": 0,
            "eps_growth_yearly": 0
        },
        "20081": {
            "year_quarter": 20081,
            "year": 2008,
            "quarter": 1,
            "eps": null,
            "eps_growth_year": null,
            "eps_4q": null,
            "eps_4q_growth_year": null,
            "roe": null,
            "roe_4q": 0,
            "gross_profit": null,
            "gross_margin": null,
            "gross_margin_4q_avg": 0,
            "net_income": null,
            "net_income_4q": null,
            "revenue": null,
            "revenue_4q": null,
            "common_shares": null,
            "book_valuer_per_share": null,
            "book_valuer_per_share_4q_avg": 0,
            "equity": null,
            "current_ratio": null,
            "debt_ratio": null,
            "inventory_turnover_ratio": null,
            "account_receivable_turnover_ratio": null,
            "reinvestment_rate": null,
            "research_to_sale_ratio": null,
            "price_fair": 0,
            "eps_avg_yearly": 0,
            "eps_latest_yearly": 0,
            "eps_growth_yearly": 0
        },
        "20082": {
            "year_quarter": 20082,
            "year": 2008,
            "quarter": 2,
            "eps": null,
            "eps_growth_year": null,
            "eps_4q": null,
            "eps_4q_growth_year": null,
            "roe": null,
            "roe_4q": 0,
            "gross_profit": null,
            "gross_margin": null,
            "gross_margin_4q_avg": 0,
            "net_income": null,
            "net_income_4q": null,
            "revenue": null,
            "revenue_4q": null,
            "common_shares": null,
            "book_valuer_per_share": null,
            "book_valuer_per_share_4q_avg": 0,
            "equity": null,
            "current_ratio": null,
            "debt_ratio": null,
            "inventory_turnover_ratio": null,
            "account_receivable_turnover_ratio": null,
            "reinvestment_rate": null,
            "research_to_sale_ratio": null,
            "price_fair": 0,
            "eps_avg_yearly": 0,
            "eps_latest_yearly": 0,
            "eps_growth_yearly": 0
        },
        "20083": {
            "year_quarter": 20083,
            "year": 2008,
            "quarter": 3,
            "eps": null,
            "eps_growth_year": null,
            "eps_4q": null,
            "eps_4q_growth_year": null,
            "roe": null,
            "roe_4q": 0,
            "gross_profit": null,
            "gross_margin": null,
            "gross_margin_4q_avg": 0,
            "net_income": null,
            "net_income_4q": null,
            "revenue": null,
            "revenue_4q": null,
            "common_shares": null,
            "book_valuer_per_share": null,
            "book_valuer_per_share_4q_avg": 0,
            "equity": null,
            "current_ratio": null,
            "debt_ratio": null,
            "inventory_turnover_ratio": null,
            "account_receivable_turnover_ratio": null,
            "reinvestment_rate": null,
            "research_to_sale_ratio": null,
            "price_fair": 0,
            "eps_avg_yearly": 0,
            "eps_latest_yearly": 0,
            "eps_growth_yearly": 0
        },
        "20084": {
            "year_quarter": 20084,
            "year": 2008,
            "quarter": 4,
            "eps": null,
            "eps_growth_year": null,
            "eps_4q": null,
            "eps_4q_growth_year": null,
            "roe": null,
            "roe_4q": 0,
            "gross_profit": null,
            "gross_margin": null,
            "gross_margin_4q_avg": 0,
            "net_income": null,
            "net_income_4q": null,
            "revenue": null,
            "revenue_4q": null,
            "common_shares": null,
            "book_valuer_per_share": null,
            "book_valuer_per_share_4q_avg": 0,
            "equity": null,
            "current_ratio": null,
            "debt_ratio": null,
            "inventory_turnover_ratio": null,
            "account_receivable_turnover_ratio": null,
            "reinvestment_rate": null,
            "research_to_sale_ratio": null,
            "price_fair": 0,
            "eps_avg_yearly": 0,
            "eps_latest_yearly": 0,
            "eps_growth_yearly": 0
        },
        "20091": {
            "year_quarter": 20091,
            "year": 2009,
            "quarter": 1,
            "eps": null,
            "eps_growth_year": null,
            "eps_4q": null,
            "eps_4q_growth_year": null,
            "roe": null,
            "roe_4q": 0,
            "gross_profit": null,
            "gross_margin": null,
            "gross_margin_4q_avg": 0,
            "net_income": null,
            "net_income_4q": null,
            "revenue": null,
            "revenue_4q": null,
            "common_shares": null,
            "book_valuer_per_share": null,
            "book_valuer_per_share_4q_avg": 0,
            "equity": null,
            "current_ratio": null,
            "debt_ratio": null,
            "inventory_turnover_ratio": null,
            "account_receivable_turnover_ratio": null,
            "reinvestment_rate": null,
            "research_to_sale_ratio": null,
            "price_fair": 0,
            "eps_avg_yearly": 0,
            "eps_latest_yearly": 0,
            "eps_growth_yearly": 0
        },
        "20092": {
            "year_quarter": 20092,
            "year": 2009,
            "quarter": 2,
            "eps": null,
            "eps_growth_year": null,
            "eps_4q": null,
            "eps_4q_growth_year": null,
            "roe": null,
            "roe_4q": 0,
            "gross_profit": null,
            "gross_margin": null,
            "gross_margin_4q_avg": 0,
            "net_income": null,
            "net_income_4q": null,
            "revenue": null,
            "revenue_4q": null,
            "common_shares": null,
            "book_valuer_per_share": null,
            "book_valuer_per_share_4q_avg": 0,
            "equity": null,
            "current_ratio": null,
            "debt_ratio": null,
            "inventory_turnover_ratio": null,
            "account_receivable_turnover_ratio": null,
            "reinvestment_rate": null,
            "research_to_sale_ratio": null,
            "price_fair": 0,
            "eps_avg_yearly": 0,
            "eps_latest_yearly": 0,
            "eps_growth_yearly": 0
        },
        "20093": {
            "year_quarter": 20093,
            "year": 2009,
            "quarter": 3,
            "eps": null,
            "eps_growth_year": null,
            "eps_4q": null,
            "eps_4q_growth_year": null,
            "roe": null,
            "roe_4q": 0,
            "gross_profit": null,
            "gross_margin": null,
            "gross_margin_4q_avg": 0,
            "net_income": null,
            "net_income_4q": null,
            "revenue": null,
            "revenue_4q": null,
            "common_shares": null,
            "book_valuer_per_share": null,
            "book_valuer_per_share_4q_avg": 0,
            "equity": null,
            "current_ratio": null,
            "debt_ratio": null,
            "inventory_turnover_ratio": null,
            "account_receivable_turnover_ratio": null,
            "reinvestment_rate": null,
            "research_to_sale_ratio": null,
            "price_fair": 0,
            "eps_avg_yearly": 0,
            "eps_latest_yearly": 0,
            "eps_growth_yearly": 0
        },
        "20094": {
            "year_quarter": 20094,
            "year": 2009,
            "quarter": 4,
            "eps": null,
            "eps_growth_year": null,
            "eps_4q": null,
            "eps_4q_growth_year": null,
            "roe": null,
            "roe_4q": 0,
            "gross_profit": null,
            "gross_margin": null,
            "gross_margin_4q_avg": 0,
            "net_income": null,
            "net_income_4q": null,
            "revenue": null,
            "revenue_4q": null,
            "common_shares": null,
            "book_valuer_per_share": null,
            "book_valuer_per_share_4q_avg": 0,
            "equity": null,
            "current_ratio": null,
            "debt_ratio": null,
            "inventory_turnover_ratio": null,
            "account_receivable_turnover_ratio": null,
            "reinvestment_rate": null,
            "research_to_sale_ratio": null,
            "price_fair": 0,
            "eps_avg_yearly": 0,
            "eps_latest_yearly": 0,
            "eps_growth_yearly": 0
        },
        "20101": {
            "year_quarter": 20101,
            "year": 2010,
            "quarter": 1,
            "eps": null,
            "eps_growth_year": null,
            "eps_4q": null,
            "eps_4q_growth_year": null,
            "roe": null,
            "roe_4q": 0,
            "gross_profit": null,
            "gross_margin": null,
            "gross_margin_4q_avg": 0,
            "net_income": null,
            "net_income_4q": null,
            "revenue": null,
            "revenue_4q": null,
            "common_shares": null,
            "book_valuer_per_share": null,
            "book_valuer_per_share_4q_avg": 0,
            "equity": null,
            "current_ratio": null,
            "debt_ratio": null,
            "inventory_turnover_ratio": null,
            "account_receivable_turnover_ratio": null,
            "reinvestment_rate": null,
            "research_to_sale_ratio": null,
            "price_fair": 0,
            "eps_avg_yearly": 0,
            "eps_latest_yearly": 0,
            "eps_growth_yearly": 0
        },
        "20102": {
            "year_quarter": 20102,
            "year": 2010,
            "quarter": 2,
            "eps": null,
            "eps_growth_year": null,
            "eps_4q": null,
            "eps_4q_growth_year": null,
            "roe": null,
            "roe_4q": 0,
            "gross_profit": null,
            "gross_margin": null,
            "gross_margin_4q_avg": 0,
            "net_income": null,
            "net_income_4q": null,
            "revenue": null,
            "revenue_4q": null,
            "common_shares": null,
            "book_valuer_per_share": null,
            "book_valuer_per_share_4q_avg": 0,
            "equity": null,
            "current_ratio": null,
            "debt_ratio": null,
            "inventory_turnover_ratio": null,
            "account_receivable_turnover_ratio": null,
            "reinvestment_rate": null,
            "research_to_sale_ratio": null,
            "price_fair": 0,
            "eps_avg_yearly": 0,
            "eps_latest_yearly": 0,
            "eps_growth_yearly": 0
        },
        "20103": {
            "year_quarter": 20103,
            "year": 2010,
            "quarter": 3,
            "eps": null,
            "eps_growth_year": null,
            "eps_4q": null,
            "eps_4q_growth_year": null,
            "roe": null,
            "roe_4q": 0,
            "gross_profit": null,
            "gross_margin": null,
            "gross_margin_4q_avg": 0,
            "net_income": null,
            "net_income_4q": null,
            "revenue": null,
            "revenue_4q": null,
            "common_shares": null,
            "book_valuer_per_share": null,
            "book_valuer_per_share_4q_avg": 0,
            "equity": null,
            "current_ratio": null,
            "debt_ratio": null,
            "inventory_turnover_ratio": null,
            "account_receivable_turnover_ratio": null,
            "reinvestment_rate": null,
            "research_to_sale_ratio": null,
            "price_fair": 0,
            "eps_avg_yearly": 0,
            "eps_latest_yearly": 0,
            "eps_growth_yearly": 0
        },
        "20104": {
            "year_quarter": 20104,
            "year": 2010,
            "quarter": 4,
            "eps": null,
            "eps_growth_year": null,
            "eps_4q": null,
            "eps_4q_growth_year": null,
            "roe": null,
            "roe_4q": 0,
            "gross_profit": null,
            "gross_margin": null,
            "gross_margin_4q_avg": 0,
            "net_income": null,
            "net_income_4q": null,
            "revenue": null,
            "revenue_4q": null,
            "common_shares": 398482,
            "book_valuer_per_share": 94.71,
            "book_valuer_per_share_4q_avg": 23.68,
            "equity": 3889676,
            "current_ratio": 124.78,
            "debt_ratio": 41.81,
            "inventory_turnover_ratio": null,
            "account_receivable_turnover_ratio": null,
            "reinvestment_rate": null,
            "research_to_sale_ratio": null,
            "price_fair": 0,
            "eps_avg_yearly": 0,
            "eps_latest_yearly": 0,
            "eps_growth_yearly": 0
        },
        "20111": {
            "year_quarter": 20111,
            "year": 2011,
            "quarter": 1,
            "eps": null,
            "eps_growth_year": null,
            "eps_4q": null,
            "eps_4q_growth_year": null,
            "roe": null,
            "roe_4q": 0,
            "gross_profit": null,
            "gross_margin": null,
            "gross_margin_4q_avg": 0,
            "net_income": null,
            "net_income_4q": null,
            "revenue": null,
            "revenue_4q": null,
            "common_shares": null,
            "book_valuer_per_share": null,
            "book_valuer_per_share_4q_avg": 23.68,
            "equity": null,
            "current_ratio": null,
            "debt_ratio": null,
            "inventory_turnover_ratio": null,
            "account_receivable_turnover_ratio": null,
            "reinvestment_rate": null,
            "research_to_sale_ratio": null,
            "price_fair": 0,
            "eps_avg_yearly": 0,
            "eps_latest_yearly": 0,
            "eps_growth_yearly": 0
        },
        "20112": {
            "year_quarter": 20112,
            "year": 2011,
            "quarter": 2,
            "eps": null,
            "eps_growth_year": null,
            "eps_4q": null,
            "eps_4q_growth_year": null,
            "roe": null,
            "roe_4q": 0,
            "gross_profit": null,
            "gross_margin": null,
            "gross_margin_4q_avg": 0,
            "net_income": null,
            "net_income_4q": null,
            "revenue": null,
            "revenue_4q": null,
            "common_shares": null,
            "book_valuer_per_share": null,
            "book_valuer_per_share_4q_avg": 23.68,
            "equity": null,
            "current_ratio": null,
            "debt_ratio": null,
            "inventory_turnover_ratio": null,
            "account_receivable_turnover_ratio": null,
            "reinvestment_rate": null,
            "research_to_sale_ratio": null,
            "price_fair": 0,
            "eps_avg_yearly": 0,
            "eps_latest_yearly": 0,
            "eps_growth_yearly": 0
        },
        "20113": {
            "year_quarter": 20113,
            "year": 2011,
            "quarter": 3,
            "eps": null,
            "eps_growth_year": null,
            "eps_4q": null,
            "eps_4q_growth_year": null,
            "roe": null,
            "roe_4q": 0,
            "gross_profit": null,
            "gross_margin": null,
            "gross_margin_4q_avg": 0,
            "net_income": null,
            "net_income_4q": null,
            "revenue": null,
            "revenue_4q": null,
            "common_shares": null,
            "book_valuer_per_share": null,
            "book_valuer_per_share_4q_avg": 23.68,
            "equity": null,
            "current_ratio": null,
            "debt_ratio": null,
            "inventory_turnover_ratio": null,
            "account_receivable_turnover_ratio": null,
            "reinvestment_rate": null,
            "research_to_sale_ratio": null,
            "price_fair": 0,
            "eps_avg_yearly": 0,
            "eps_latest_yearly": 0,
            "eps_growth_yearly": 0
        },
        "20114": {
            "year_quarter": 20114,
            "year": 2011,
            "quarter": 4,
            "eps": null,
            "eps_growth_year": null,
            "eps_4q": null,
            "eps_4q_growth_year": null,
            "roe": null,
            "roe_4q": 0,
            "gross_profit": null,
            "gross_margin": null,
            "gross_margin_4q_avg": 0,
            "net_income": null,
            "net_income_4q": null,
            "revenue": null,
            "revenue_4q": null,
            "common_shares": 398482,
            "book_valuer_per_share": 105.17,
            "book_valuer_per_share_4q_avg": 26.29,
            "equity": 4326454,
            "current_ratio": 149.64,
            "debt_ratio": 34.2,
            "inventory_turnover_ratio": null,
            "account_receivable_turnover_ratio": null,
            "reinvestment_rate": null,
            "research_to_sale_ratio": null,
            "price_fair": 0,
            "eps_avg_yearly": 0,
            "eps_latest_yearly": 0,
            "eps_growth_yearly": 0
        },
        "20121": {
            "year_quarter": 20121,
            "year": 2012,
            "quarter": 1,
            "eps": null,
            "eps_growth_year": null,
            "eps_4q": null,
            "eps_4q_growth_year": null,
            "roe": null,
            "roe_4q": 0,
            "gross_profit": null,
            "gross_margin": null,
            "gross_margin_4q_avg": 0,
            "net_income": null,
            "net_income_4q": null,
            "revenue": null,
            "revenue_4q": null,
            "common_shares": null,
            "book_valuer_per_share": null,
            "book_valuer_per_share_4q_avg": 26.29,
            "equity": null,
            "current_ratio": null,
            "debt_ratio": null,
            "inventory_turnover_ratio": null,
            "account_receivable_turnover_ratio": null,
            "reinvestment_rate": null,
            "research_to_sale_ratio": null,
            "price_fair": 0,
            "eps_avg_yearly": 0,
            "eps_latest_yearly": 0,
            "eps_growth_yearly": 0
        },
        "20122": {
            "year_quarter": 20122,
            "year": 2012,
            "quarter": 2,
            "eps": null,
            "eps_growth_year": null,
            "eps_4q": null,
            "eps_4q_growth_year": null,
            "roe": null,
            "roe_4q": 0,
            "gross_profit": null,
            "gross_margin": null,
            "gross_margin_4q_avg": 0,
            "net_income": null,
            "net_income_4q": null,
            "revenue": null,
            "revenue_4q": null,
            "common_shares": null,
            "book_valuer_per_share": null,
            "book_valuer_per_share_4q_avg": 26.29,
            "equity": null,
            "current_ratio": null,
            "debt_ratio": null,
            "inventory_turnover_ratio": null,
            "account_receivable_turnover_ratio": null,
            "reinvestment_rate": null,
            "research_to_sale_ratio": null,
            "price_fair": 0,
            "eps_avg_yearly": 0,
            "eps_latest_yearly": 0,
            "eps_growth_yearly": 0
        },
        "20123": {
            "year_quarter": 20123,
            "year": 2012,
            "quarter": 3,
            "eps": null,
            "eps_growth_year": null,
            "eps_4q": null,
            "eps_4q_growth_year": null,
            "roe": null,
            "roe_4q": 0,
            "gross_profit": 286959,
            "gross_margin": null,
            "gross_margin_4q_avg": 0,
            "net_income": 67483,
            "net_income_4q": null,
            "revenue": 1554801,
            "revenue_4q": null,
            "common_shares": 1528273,
            "book_valuer_per_share": null,
            "book_valuer_per_share_4q_avg": 26.29,
            "equity": 4910000,
            "current_ratio": null,
            "debt_ratio": null,
            "inventory_turnover_ratio": null,
            "account_receivable_turnover_ratio": null,
            "reinvestment_rate": null,
            "research_to_sale_ratio": null,
            "price_fair": 0,
            "eps_avg_yearly": 0,
            "eps_latest_yearly": 0,
            "eps_growth_yearly": 0
        },
        "20124": {
            "year_quarter": 20124,
            "year": 2012,
            "quarter": 4,
            "eps": null,
            "eps_growth_year": null,
            "eps_4q": null,
            "eps_4q_growth_year": null,
            "roe": null,
            "roe_4q": 0,
            "gross_profit": 325983,
            "gross_margin": null,
            "gross_margin_4q_avg": 0,
            "net_income": 80152,
            "net_income_4q": null,
            "revenue": 2250300,
            "revenue_4q": null,
            "common_shares": 1528273,
            "book_valuer_per_share": 31.59,
            "book_valuer_per_share_4q_avg": 7.9,
            "equity": 4956469,
            "current_ratio": 142.56,
            "debt_ratio": 38.15,
            "inventory_turnover_ratio": null,
            "account_receivable_turnover_ratio": null,
            "reinvestment_rate": null,
            "research_to_sale_ratio": null,
            "price_fair": 0,
            "eps_avg_yearly": 0,
            "eps_latest_yearly": 0,
            "eps_growth_yearly": 0
        },
        "20131": {
            "year_quarter": 20131,
            "year": 2013,
            "quarter": 1,
            "eps": null,
            "eps_growth_year": null,
            "eps_4q": null,
            "eps_4q_growth_year": null,
            "roe": null,
            "roe_4q": 0,
            "gross_profit": 311186,
            "gross_margin": null,
            "gross_margin_4q_avg": 0,
            "net_income": 67279,
            "net_income_4q": null,
            "revenue": 1837896,
            "revenue_4q": null,
            "common_shares": 1528273,
            "book_valuer_per_share": 33.18,
            "book_valuer_per_share_4q_avg": 16.19,
            "equity": 5193503,
            "current_ratio": 147.38,
            "debt_ratio": 38.11,
            "inventory_turnover_ratio": null,
            "account_receivable_turnover_ratio": null,
            "reinvestment_rate": null,
            "research_to_sale_ratio": null,
            "price_fair": 0,
            "eps_avg_yearly": 0,
            "eps_latest_yearly": 0,
            "eps_growth_yearly": 0
        },
        "20132": {
            "year_quarter": 20132,
            "year": 2013,
            "quarter": 2,
            "eps": null,
            "eps_growth_year": null,
            "eps_4q": null,
            "eps_4q_growth_year": null,
            "roe": null,
            "roe_4q": 0,
            "gross_profit": 382739,
            "gross_margin": null,
            "gross_margin_4q_avg": 0,
            "net_income": 99206,
            "net_income_4q": null,
            "revenue": 2384324,
            "revenue_4q": null,
            "common_shares": 1528273,
            "book_valuer_per_share": 34.12,
            "book_valuer_per_share_4q_avg": 24.72,
            "equity": 5332401,
            "current_ratio": 150.38,
            "debt_ratio": 38.72,
            "inventory_turnover_ratio": null,
            "account_receivable_turnover_ratio": null,
            "reinvestment_rate": null,
            "research_to_sale_ratio": null,
            "price_fair": 0,
            "eps_avg_yearly": 0,
            "eps_latest_yearly": 0,
            "eps_growth_yearly": 0
        },
        "20133": {
            "year_quarter": 20133,
            "year": 2013,
            "quarter": 3,
            "eps": 0.68,
            "eps_growth_year": null,
            "eps_4q": 0.68,
            "eps_4q_growth_year": null,
            "roe": 1.9,
            "roe_4q": 1.9,
            "gross_profit": 395786,
            "gross_margin": 16.52,
            "gross_margin_4q_avg": 4.13,
            "net_income": 101625,
            "net_income_4q": null,
            "revenue": 2396288,
            "revenue_4q": null,
            "common_shares": 1528273,
            "book_valuer_per_share": 34.28,
            "book_valuer_per_share_4q_avg": 33.29,
            "equity": 5355929,
            "current_ratio": 155.85,
            "debt_ratio": 38.02,
            "inventory_turnover_ratio": 2.73,
            "account_receivable_turnover_ratio": 1.62,
            "reinvestment_rate": null,
            "research_to_sale_ratio": 1.66,
            "price_fair": 0,
            "eps_avg_yearly": 0,
            "eps_latest_yearly": 0,
            "eps_growth_yearly": 0
        },
        "20134": {
            "year_quarter": 20134,
            "year": 2013,
            "quarter": 4,
            "eps": 0.66,
            "eps_growth_year": null,
            "eps_4q": 1.26,
            "eps_4q_growth_year": null,
            "roe": 2.04,
            "roe_4q": 3.94,
            "gross_profit": 365991,
            "gross_margin": 18.92,
            "gross_margin_4q_avg": 8.86,
            "net_income": 118303,
            "net_income_4q": null,
            "revenue": 1934108,
            "revenue_4q": null,
            "common_shares": 1719323,
            "book_valuer_per_share": 35.49,
            "book_valuer_per_share_4q_avg": 34.27,
            "equity": 6224394,
            "current_ratio": 194.36,
            "debt_ratio": 31.47,
            "inventory_turnover_ratio": 2.28,
            "account_receivable_turnover_ratio": 0.69,
            "reinvestment_rate": null,
            "research_to_sale_ratio": 1.96,
            "price_fair": 7.92,
            "eps_avg_yearly": 2.64,
            "eps_latest_yearly": 2.64,
            "eps_growth_yearly": -11.76
        },
        "20141": {
            "year_quarter": 20141,
            "year": 2014,
            "quarter": 1,
            "eps": 0.6,
            "eps_growth_year": null,
            "eps_4q": 1.86,
            "eps_4q_growth_year": null,
            "roe": 1.62,
            "roe_4q": 5.5600000000000005,
            "gross_profit": 324968,
            "gross_margin": 16.82,
            "gross_margin_4q_avg": 13.07,
            "net_income": 102886,
            "net_income_4q": null,
            "revenue": 1932101,
            "revenue_4q": null,
            "common_shares": 1719323,
            "book_valuer_per_share": 36.76,
            "book_valuer_per_share_4q_avg": 35.16,
            "equity": 6440845,
            "current_ratio": 197.36,
            "debt_ratio": 31.37,
            "inventory_turnover_ratio": 2.04,
            "account_receivable_turnover_ratio": 0.77,
            "reinvestment_rate": null,
            "research_to_sale_ratio": 2.38,
            "price_fair": 7.56,
            "eps_avg_yearly": 2.52,
            "eps_latest_yearly": 2.4,
            "eps_growth_yearly": -24.06
        },
        "20142": {
            "year_quarter": 20142,
            "year": 2014,
            "quarter": 2,
            "eps": 0.77,
            "eps_growth_year": null,
            "eps_4q": 2.51,
            "eps_4q_growth_year": null,
            "roe": 2.04,
            "roe_4q": 7.6,
            "gross_profit": 437657,
            "gross_margin": 16.72,
            "gross_margin_4q_avg": 17.25,
            "net_income": 129092,
            "net_income_4q": null,
            "revenue": 2617004,
            "revenue_4q": null,
            "common_shares": 1719323,
            "book_valuer_per_share": 35.36,
            "book_valuer_per_share_4q_avg": 35.47,
            "equity": 6187930,
            "current_ratio": 169.18,
            "debt_ratio": 37.76,
            "inventory_turnover_ratio": 2.35,
            "account_receivable_turnover_ratio": 1,
            "reinvestment_rate": null,
            "research_to_sale_ratio": 2.14,
            "price_fair": 85.9,
            "eps_avg_yearly": 2.71,
            "eps_latest_yearly": 3.08,
            "eps_growth_yearly": 21.73
        },
        "20143": {
            "year_quarter": 20143,
            "year": 2014,
            "quarter": 3,
            "eps": 0.89,
            "eps_growth_year": 30.88,
            "eps_4q": 2.82,
            "eps_4q_growth_year": 316.83,
            "roe": 2.45,
            "roe_4q": 8.15,
            "gross_profit": 410848,
            "gross_margin": 14.97,
            "gross_margin_4q_avg": 16.86,
            "net_income": 154695,
            "net_income_4q": null,
            "revenue": 2744528,
            "revenue_4q": null,
            "common_shares": 1805289,
            "book_valuer_per_share": 35.1,
            "book_valuer_per_share_4q_avg": 35.68,
            "equity": 6419514,
            "current_ratio": 171.14,
            "debt_ratio": 36.75,
            "inventory_turnover_ratio": 2.45,
            "account_receivable_turnover_ratio": 0.88,
            "reinvestment_rate": null,
            "research_to_sale_ratio": 1.56,
            "price_fair": 102.2,
            "eps_avg_yearly": 2.92,
            "eps_latest_yearly": 3.56,
            "eps_growth_yearly": 31.89
        },
        "20144": {
            "year_quarter": 20144,
            "year": 2014,
            "quarter": 4,
            "eps": 0.81,
            "eps_growth_year": 24.38,
            "eps_4q": 3.01,
            "eps_4q_growth_year": 139.75,
            "roe": 2.21,
            "roe_4q": 8.32,
            "gross_profit": 359015,
            "gross_margin": 14.07,
            "gross_margin_4q_avg": 15.65,
            "net_income": 146308,
            "net_income_4q": null,
            "revenue": 2552147,
            "revenue_4q": null,
            "common_shares": 1805289,
            "book_valuer_per_share": 37.17,
            "book_valuer_per_share_4q_avg": 36.1,
            "equity": 6795781,
            "current_ratio": 175.66,
            "debt_ratio": 35.93,
            "inventory_turnover_ratio": 2.31,
            "account_receivable_turnover_ratio": 0.77,
            "reinvestment_rate": null,
            "research_to_sale_ratio": 2.08,
            "price_fair": 84.5,
            "eps_avg_yearly": 2.98,
            "eps_latest_yearly": 3.24,
            "eps_growth_yearly": 18.32
        },
        "20151": {
            "year_quarter": 20151,
            "year": 2015,
            "quarter": 1,
            "eps": 0.4,
            "eps_growth_year": -33.33,
            "eps_4q": 2.83,
            "eps_4q_growth_year": 52.18,
            "roe": 0.99,
            "roe_4q": 7.69,
            "gross_profit": 254585,
            "gross_margin": 13.16,
            "gross_margin_4q_avg": 14.73,
            "net_income": 67230,
            "net_income_4q": null,
            "revenue": 1935163,
            "revenue_4q": null,
            "common_shares": 1805289,
            "book_valuer_per_share": 37.01,
            "book_valuer_per_share_4q_avg": 36.16,
            "equity": 6762602,
            "current_ratio": 201.63,
            "debt_ratio": 30.11,
            "inventory_turnover_ratio": 1.94,
            "account_receivable_turnover_ratio": 0.66,
            "reinvestment_rate": null,
            "research_to_sale_ratio": 1.93,
            "price_fair": 8.26,
            "eps_avg_yearly": 2.75,
            "eps_latest_yearly": 1.6,
            "eps_growth_yearly": -18.48
        },
        "20152": {
            "year_quarter": 20152,
            "year": 2015,
            "quarter": 2,
            "eps": 0.41,
            "eps_growth_year": -46.75,
            "eps_4q": 2.51,
            "eps_4q_growth_year": -0.06,
            "roe": 1.05,
            "roe_4q": 6.7,
            "gross_profit": 266538,
            "gross_margin": 14.19,
            "gross_margin_4q_avg": 14.1,
            "net_income": 68779,
            "net_income_4q": null,
            "revenue": 1877731,
            "revenue_4q": null,
            "common_shares": 1805289,
            "book_valuer_per_share": 34.38,
            "book_valuer_per_share_4q_avg": 35.92,
            "equity": 6282637,
            "current_ratio": 177.71,
            "debt_ratio": 34.3,
            "inventory_turnover_ratio": 1.88,
            "account_receivable_turnover_ratio": 0.74,
            "reinvestment_rate": null,
            "research_to_sale_ratio": 2.04,
            "price_fair": 7.78,
            "eps_avg_yearly": 2.59,
            "eps_latest_yearly": 1.64,
            "eps_growth_yearly": -14.41
        },
        "20153": {
            "year_quarter": 20153,
            "year": 2015,
            "quarter": 3,
            "eps": 0.46,
            "eps_growth_year": -48.31,
            "eps_4q": 2.14,
            "eps_4q_growth_year": -24.28,
            "roe": 1.21,
            "roe_4q": 5.46,
            "gross_profit": 259146,
            "gross_margin": 11.28,
            "gross_margin_4q_avg": 13.18,
            "net_income": 76387,
            "net_income_4q": null,
            "revenue": 2297435,
            "revenue_4q": null,
            "common_shares": 1805289,
            "book_valuer_per_share": 35.96,
            "book_valuer_per_share_4q_avg": 36.13,
            "equity": 6346093,
            "current_ratio": 168.83,
            "debt_ratio": 38.07,
            "inventory_turnover_ratio": 2.21,
            "account_receivable_turnover_ratio": 0.83,
            "reinvestment_rate": null,
            "research_to_sale_ratio": 2.2,
            "price_fair": 7.5,
            "eps_avg_yearly": 2.5,
            "eps_latest_yearly": 1.84,
            "eps_growth_yearly": -6.51
        },
        "20154": {
            "year_quarter": 20154,
            "year": 2015,
            "quarter": 4,
            "eps": 0.47,
            "eps_growth_year": -42.23,
            "eps_4q": 1.77,
            "eps_4q_growth_year": -41.21,
            "roe": 1.15,
            "roe_4q": 4.4,
            "gross_profit": 328192,
            "gross_margin": 13.91,
            "gross_margin_4q_avg": 13.14,
            "net_income": 72828,
            "net_income_4q": null,
            "revenue": 2359711,
            "revenue_4q": null,
            "common_shares": 1735289,
            "book_valuer_per_share": 35.84,
            "book_valuer_per_share_4q_avg": 35.8,
            "equity": 6283233,
            "current_ratio": 176.15,
            "debt_ratio": 36.94,
            "inventory_turnover_ratio": 1.92,
            "account_receivable_turnover_ratio": 0.8,
            "reinvestment_rate": null,
            "research_to_sale_ratio": 2.08,
            "price_fair": 7.29,
            "eps_avg_yearly": 2.43,
            "eps_latest_yearly": 1.88,
            "eps_growth_yearly": -4.82
        },
        "20161": {
            "year_quarter": 20161,
            "year": 2016,
            "quarter": 1,
            "eps": 0.48,
            "eps_growth_year": 20,
            "eps_4q": 1.84,
            "eps_4q_growth_year": -35.2,
            "roe": 1.24,
            "roe_4q": 4.6499999999999995,
            "gross_profit": 280031,
            "gross_margin": 13.52,
            "gross_margin_4q_avg": 13.23,
            "net_income": 78142,
            "net_income_4q": null,
            "revenue": 2071101,
            "revenue_4q": null,
            "common_shares": 1735289,
            "book_valuer_per_share": 35.88,
            "book_valuer_per_share_4q_avg": 35.52,
            "equity": 6284431,
            "current_ratio": 193.61,
            "debt_ratio": 33.27,
            "inventory_turnover_ratio": 1.45,
            "account_receivable_turnover_ratio": 0.75,
            "reinvestment_rate": null,
            "research_to_sale_ratio": 2.25,
            "price_fair": 7.14,
            "eps_avg_yearly": 2.38,
            "eps_latest_yearly": 1.92,
            "eps_growth_yearly": -3.49
        },
        "20162": {
            "year_quarter": 20162,
            "year": 2016,
            "quarter": 2,
            "eps": 0.5,
            "eps_growth_year": 21.95,
            "eps_4q": 1.92,
            "eps_4q_growth_year": -23.53,
            "roe": 1.35,
            "roe_4q": 4.949999999999999,
            "gross_profit": 321481,
            "gross_margin": 12.66,
            "gross_margin_4q_avg": 12.84,
            "net_income": 82933,
            "net_income_4q": null,
            "revenue": 2539346,
            "revenue_4q": null,
            "common_shares": 1735289,
            "book_valuer_per_share": 34.53,
            "book_valuer_per_share_4q_avg": 35.55,
            "equity": 6045186,
            "current_ratio": 173.58,
            "debt_ratio": 39.25,
            "inventory_turnover_ratio": 1.71,
            "account_receivable_turnover_ratio": 0.91,
            "reinvestment_rate": 194.36,
            "research_to_sale_ratio": 2.56,
            "price_fair": 7.04,
            "eps_avg_yearly": 2.35,
            "eps_latest_yearly": 2,
            "eps_growth_yearly": -1.66
        },
        "20163": {
            "year_quarter": 20163,
            "year": 2016,
            "quarter": 3,
            "eps": 0.62,
            "eps_growth_year": 34.78,
            "eps_4q": 2.07,
            "eps_4q_growth_year": -3.09,
            "roe": 1.72,
            "roe_4q": 5.460000000000001,
            "gross_profit": 445001,
            "gross_margin": 14.25,
            "gross_margin_4q_avg": 13.59,
            "net_income": 103167,
            "net_income_4q": null,
            "revenue": 3123289,
            "revenue_4q": null,
            "common_shares": 1735289,
            "book_valuer_per_share": 33.84,
            "book_valuer_per_share_4q_avg": 35.02,
            "equity": 5918136,
            "current_ratio": 163.39,
            "debt_ratio": 43.57,
            "inventory_turnover_ratio": 1.97,
            "account_receivable_turnover_ratio": 1.01,
            "reinvestment_rate": -21.49,
            "research_to_sale_ratio": 2.79,
            "price_fair": 38.84,
            "eps_avg_yearly": 2.36,
            "eps_latest_yearly": 2.48,
            "eps_growth_yearly": 6.48
        },
        "20164": {
            "year_quarter": 20164,
            "year": 2016,
            "quarter": 4,
            "eps": 0.57,
            "eps_growth_year": 21.91,
            "eps_4q": 2.18,
            "eps_4q_growth_year": 22.73,
            "roe": 1.58,
            "roe_4q": 5.890000000000001,
            "gross_profit": 382018,
            "gross_margin": 12.21,
            "gross_margin_4q_avg": 13.16,
            "net_income": 94258,
            "net_income_4q": null,
            "revenue": 3128697,
            "revenue_4q": null,
            "common_shares": 1735289,
            "book_valuer_per_share": 34.26,
            "book_valuer_per_share_4q_avg": 34.63,
            "equity": 5986788,
            "current_ratio": 162.26,
            "debt_ratio": 44.33,
            "inventory_turnover_ratio": 1.81,
            "account_receivable_turnover_ratio": 0.96,
            "reinvestment_rate": -36.35,
            "research_to_sale_ratio": 2.73,
            "price_fair": 31.74,
            "eps_avg_yearly": 2.35,
            "eps_latest_yearly": 2.28,
            "eps_growth_yearly": 3.5
        },
        "20171": {
            "year_quarter": 20171,
            "year": 2017,
            "quarter": 1,
            "eps": 0.55,
            "eps_growth_year": 14.58,
            "eps_4q": 2.25,
            "eps_4q_growth_year": 22.54,
            "roe": 1.61,
            "roe_4q": 6.26,
            "gross_profit": 388825,
            "gross_margin": 13.82,
            "gross_margin_4q_avg": 13.24,
            "net_income": 94606,
            "net_income_4q": null,
            "revenue": 2814390,
            "revenue_4q": null,
            "common_shares": 1735289,
            "book_valuer_per_share": 33.11,
            "book_valuer_per_share_4q_avg": 33.94,
            "equity": 5784404,
            "current_ratio": 174.35,
            "debt_ratio": 40.04,
            "inventory_turnover_ratio": 1.66,
            "account_receivable_turnover_ratio": 0.98,
            "reinvestment_rate": -39.46,
            "research_to_sale_ratio": 2.01,
            "price_fair": 28.66,
            "eps_avg_yearly": 2.34,
            "eps_latest_yearly": 2.2,
            "eps_growth_yearly": 2.25
        },
        "20172": {
            "year_quarter": 20172,
            "year": 2017,
            "quarter": 2,
            "eps": 0.6,
            "eps_growth_year": 20,
            "eps_4q": 2.35,
            "eps_4q_growth_year": 22.44,
            "roe": 1.8,
            "roe_4q": 6.71,
            "gross_profit": 406205,
            "gross_margin": 16.1,
            "gross_margin_4q_avg": 14.1,
            "net_income": 103673,
            "net_income_4q": null,
            "revenue": 2523179,
            "revenue_4q": null,
            "common_shares": 1735289,
            "book_valuer_per_share": 32.83,
            "book_valuer_per_share_4q_avg": 33.51,
            "equity": 5734773,
            "current_ratio": 167.46,
            "debt_ratio": 41.61,
            "inventory_turnover_ratio": 1.68,
            "account_receivable_turnover_ratio": 0.99,
            "reinvestment_rate": -33.09,
            "research_to_sale_ratio": 2.59,
            "price_fair": 34.04,
            "eps_avg_yearly": 2.34,
            "eps_latest_yearly": 2.4,
            "eps_growth_yearly": 4.52
        },
        "20173": {
            "year_quarter": 20173,
            "year": 2017,
            "quarter": 3,
            "eps": 0.7,
            "eps_growth_year": 12.9,
            "eps_4q": 2.42,
            "eps_4q_growth_year": 16.99,
            "roe": 2.08,
            "roe_4q": 7.07,
            "gross_profit": 437261,
            "gross_margin": 17.33,
            "gross_margin_4q_avg": 14.87,
            "net_income": 121089,
            "net_income_4q": null,
            "revenue": 2523543,
            "revenue_4q": null,
            "common_shares": 1735289,
            "book_valuer_per_share": 33.76,
            "book_valuer_per_share_4q_avg": 33.49,
            "equity": 5897388,
            "current_ratio": 178.68,
            "debt_ratio": 38.85,
            "inventory_turnover_ratio": 1.56,
            "account_receivable_turnover_ratio": 1.01,
            "reinvestment_rate": -34.1,
            "research_to_sale_ratio": 3.28,
            "price_fair": 43.67,
            "eps_avg_yearly": 2.37,
            "eps_latest_yearly": 2.8,
            "eps_growth_yearly": 8.41
        },
        "20174": {
            "year_quarter": 20174,
            "year": 2017,
            "quarter": 4,
            "eps": 0.65,
            "eps_growth_year": 13.32,
            "eps_4q": 2.5,
            "eps_4q_growth_year": 14.96,
            "roe": 1.9,
            "roe_4q": 7.390000000000001,
            "gross_profit": 440965,
            "gross_margin": 14.62,
            "gross_margin_4q_avg": 15.47,
            "net_income": 112732,
            "net_income_4q": null,
            "revenue": 3016540,
            "revenue_4q": null,
            "common_shares": 1735289,
            "book_valuer_per_share": 34.07,
            "book_valuer_per_share_4q_avg": 33.44,
            "equity": 5949908,
            "current_ratio": 179.09,
            "debt_ratio": 39.72,
            "inventory_turnover_ratio": 1.94,
            "account_receivable_turnover_ratio": 1.11,
            "reinvestment_rate": -40.63,
            "research_to_sale_ratio": 2.84,
            "price_fair": 41.13,
            "eps_avg_yearly": 2.37,
            "eps_latest_yearly": 2.6,
            "eps_growth_yearly": 7.36
        },
        "20181": {
            "year_quarter": 20181,
            "year": 2018,
            "quarter": 1,
            "eps": 0.38,
            "eps_growth_year": -30.91,
            "eps_4q": 2.33,
            "eps_4q_growth_year": 3.36,
            "roe": 1.08,
            "roe_4q": 6.86,
            "gross_profit": 350491,
            "gross_margin": 16.05,
            "gross_margin_4q_avg": 16.03,
            "net_income": 65079,
            "net_income_4q": null,
            "revenue": 2184241,
            "revenue_4q": null,
            "common_shares": 1735289,
            "book_valuer_per_share": 34.73,
            "book_valuer_per_share_4q_avg": 33.85,
            "equity": 6063801,
            "current_ratio": 198.17,
            "debt_ratio": 34.82,
            "inventory_turnover_ratio": 1.54,
            "account_receivable_turnover_ratio": 0.85,
            "reinvestment_rate": -41.49,
            "research_to_sale_ratio": 3.21,
            "price_fair": 6.95,
            "eps_avg_yearly": 2.32,
            "eps_latest_yearly": 1.52,
            "eps_growth_yearly": -0.76
        },
        "20182": {
            "year_quarter": 20182,
            "year": 2018,
            "quarter": 2,
            "eps": 0.4,
            "eps_growth_year": -33.33,
            "eps_4q": 2.13,
            "eps_4q_growth_year": -9.27,
            "roe": 1.26,
            "roe_4q": 6.32,
            "gross_profit": 315103,
            "gross_margin": 14.05,
            "gross_margin_4q_avg": 15.51,
            "net_income": 74750,
            "net_income_4q": null,
            "revenue": 2242399,
            "revenue_4q": null,
            "common_shares": 1735289,
            "book_valuer_per_share": 33.34,
            "book_valuer_per_share_4q_avg": 33.98,
            "equity": 5825775,
            "current_ratio": 181.23,
            "debt_ratio": 38.53,
            "inventory_turnover_ratio": 1.67,
            "account_receivable_turnover_ratio": 1.01,
            "reinvestment_rate": -45.88,
            "research_to_sale_ratio": 2.44,
            "price_fair": 6.67,
            "eps_avg_yearly": 2.22,
            "eps_latest_yearly": 1.6,
            "eps_growth_yearly": -6.52
        },
        "20183": {
            "year_quarter": 20183,
            "year": 2018,
            "quarter": 3,
            "eps": 0.62,
            "eps_growth_year": -11.43,
            "eps_4q": 2.05,
            "eps_4q_growth_year": -15.28,
            "roe": 1.85,
            "roe_4q": 6.09,
            "gross_profit": 371632,
            "gross_margin": 12.63,
            "gross_margin_4q_avg": 14.34,
            "net_income": 108047,
            "net_income_4q": null,
            "revenue": 2941995,
            "revenue_4q": null,
            "common_shares": 1735289,
            "book_valuer_per_share": 33.46,
            "book_valuer_per_share_4q_avg": 33.9,
            "equity": 5846726,
            "current_ratio": 177.27,
            "debt_ratio": 41.49,
            "inventory_turnover_ratio": 2.05,
            "account_receivable_turnover_ratio": 1.12,
            "reinvestment_rate": -66.04,
            "research_to_sale_ratio": 1.9,
            "price_fair": 28.73,
            "eps_avg_yearly": 2.16,
            "eps_latest_yearly": 2.48,
            "eps_growth_yearly": 3.33
        },
        "20184": {
            "year_quarter": 20184,
            "year": 2018,
            "quarter": 4,
            "eps": 0.73,
            "eps_growth_year": 12.35,
            "eps_4q": 2.13,
            "eps_4q_growth_year": -14.65,
            "roe": 2.17,
            "roe_4q": 6.359999999999999,
            "gross_profit": 409748,
            "gross_margin": 13.98,
            "gross_margin_4q_avg": 14.18,
            "net_income": 126851,
            "net_income_4q": null,
            "revenue": 2930800,
            "revenue_4q": null,
            "common_shares": 1735289,
            "book_valuer_per_share": 33.44,
            "book_valuer_per_share_4q_avg": 33.74,
            "equity": 5842680,
            "current_ratio": 179.64,
            "debt_ratio": 41.43,
            "inventory_turnover_ratio": 2.04,
            "account_receivable_turnover_ratio": 1.04,
            "reinvestment_rate": -80.73,
            "research_to_sale_ratio": 2.19,
            "price_fair": 42.73,
            "eps_avg_yearly": 2.14,
            "eps_latest_yearly": 2.92,
            "eps_growth_yearly": 10.01
        },
        "20191": {
            "year_quarter": 20191,
            "year": 2019,
            "quarter": 1,
            "eps": 0.63,
            "eps_growth_year": 65.79,
            "eps_4q": 2.44,
            "eps_4q_growth_year": 5.07,
            "roe": 1.8,
            "roe_4q": 7.08,
            "gross_profit": 392100,
            "gross_margin": 16.51,
            "gross_margin_4q_avg": 14.29,
            "net_income": 106741,
            "net_income_4q": null,
            "revenue": 2374882,
            "revenue_4q": null,
            "common_shares": 1685289,
            "book_valuer_per_share": 35.57,
            "book_valuer_per_share_4q_avg": 33.95,
            "equity": 6034379,
            "current_ratio": 197.63,
            "debt_ratio": 37.55,
            "inventory_turnover_ratio": 1.94,
            "account_receivable_turnover_ratio": 0.94,
            "reinvestment_rate": -75.94,
            "research_to_sale_ratio": 2.11,
            "price_fair": 64.12,
            "eps_avg_yearly": 2.19,
            "eps_latest_yearly": 2.52,
            "eps_growth_yearly": 19.24
        },
        "20192": {
            "year_quarter": 20192,
            "year": 2019,
            "quarter": 2,
            "eps": 0.89,
            "eps_growth_year": 122.5,
            "eps_4q": 2.91,
            "eps_4q_growth_year": 36.78,
            "roe": 2.5,
            "roe_4q": 8.32,
            "gross_profit": 478187,
            "gross_margin": 17.6,
            "gross_margin_4q_avg": 15.18,
            "net_income": 149332,
            "net_income_4q": null,
            "revenue": 2716372,
            "revenue_4q": null,
            "common_shares": 1685289,
            "book_valuer_per_share": 34.81,
            "book_valuer_per_share_4q_avg": 34.32,
            "equity": 5906312,
            "current_ratio": 197.02,
            "debt_ratio": 38.33,
            "inventory_turnover_ratio": 2.74,
            "account_receivable_turnover_ratio": 1.15,
            "reinvestment_rate": -75.4,
            "research_to_sale_ratio": 1.61,
            "price_fair": 80.94,
            "eps_avg_yearly": 2.31,
            "eps_latest_yearly": 3.56,
            "eps_growth_yearly": 28.94
        },
        "20193": {
            "year_quarter": 20193,
            "year": 2019,
            "quarter": 3,
            "eps": 0.86,
            "eps_growth_year": 38.71,
            "eps_4q": 3.13,
            "eps_4q_growth_year": 52.41,
            "roe": 2.45,
            "roe_4q": 8.92,
            "gross_profit": 379918,
            "gross_margin": 14.68,
            "gross_margin_4q_avg": 15.69,
            "net_income": 144666,
            "net_income_4q": null,
            "revenue": 2587892,
            "revenue_4q": null,
            "common_shares": 1685289,
            "book_valuer_per_share": 34.9,
            "book_valuer_per_share_4q_avg": 34.68,
            "equity": 5887394,
            "current_ratio": 207.66,
            "debt_ratio": 36.89,
            "inventory_turnover_ratio": 3.09,
            "account_receivable_turnover_ratio": 1.09,
            "reinvestment_rate": -76.48,
            "research_to_sale_ratio": 1.75,
            "price_fair": 84.44,
            "eps_avg_yearly": 2.41,
            "eps_latest_yearly": 3.44,
            "eps_growth_yearly": 25.04
        },
        "20194": {
            "year_quarter": 20194,
            "year": 2019,
            "quarter": 4,
            "eps": 0.59,
            "eps_growth_year": -19.75,
            "eps_4q": 2.96,
            "eps_4q_growth_year": 38.89,
            "roe": 1.68,
            "roe_4q": 8.43,
            "gross_profit": 411326,
            "gross_margin": 16.98,
            "gross_margin_4q_avg": 16.44,
            "net_income": 98854,
            "net_income_4q": null,
            "revenue": 2423106,
            "revenue_4q": null,
            "common_shares": 1685289,
            "book_valuer_per_share": 34.8,
            "book_valuer_per_share_4q_avg": 35.02,
            "equity": 5869783,
            "current_ratio": 219.72,
            "debt_ratio": 34.48,
            "inventory_turnover_ratio": 2.86,
            "account_receivable_turnover_ratio": 1.16,
            "reinvestment_rate": -71.65,
            "research_to_sale_ratio": 2.07,
            "price_fair": 65.1,
            "eps_avg_yearly": 2.44,
            "eps_latest_yearly": 2.36,
            "eps_growth_yearly": 16.65
        },
        "20201": {
            "year_quarter": 20201,
            "year": 2020,
            "quarter": 1,
            "eps": 0.66,
            "eps_growth_year": 4.76,
            "eps_4q": 2.99,
            "eps_4q_growth_year": 22.4,
            "roe": 1.91,
            "roe_4q": 8.54,
            "gross_profit": 336242,
            "gross_margin": 18.22,
            "gross_margin_4q_avg": 16.87,
            "net_income": 111279,
            "net_income_4q": null,
            "revenue": 1845625,
            "revenue_4q": null,
            "common_shares": 1685289,
            "book_valuer_per_share": 34.41,
            "book_valuer_per_share_4q_avg": 34.73,
            "equity": 5803739,
            "current_ratio": 222.62,
            "debt_ratio": 34.43,
            "inventory_turnover_ratio": 1.79,
            "account_receivable_turnover_ratio": 1.03,
            "reinvestment_rate": -69.93,
            "research_to_sale_ratio": 1.5,
            "price_fair": 72.35,
            "eps_avg_yearly": 2.49,
            "eps_latest_yearly": 2.64,
            "eps_growth_yearly": 19.09
        },
        "20202": {
            "year_quarter": 20202,
            "year": 2020,
            "quarter": 2,
            "eps": 0.46,
            "eps_growth_year": -48.31,
            "eps_4q": 2.57,
            "eps_4q_growth_year": -11.89,
            "roe": 1.38,
            "roe_4q": 7.42,
            "gross_profit": 309089,
            "gross_margin": 15.31,
            "gross_margin_4q_avg": 16.3,
            "net_income": 77723,
            "net_income_4q": null,
            "revenue": 2019520,
            "revenue_4q": null,
            "common_shares": 1685289,
            "book_valuer_per_share": 32.3,
            "book_valuer_per_share_4q_avg": 34.1,
            "equity": 5448759,
            "current_ratio": 196.37,
            "debt_ratio": 38.57,
            "inventory_turnover_ratio": 1.81,
            "account_receivable_turnover_ratio": 1.21,
            "reinvestment_rate": -61.73,
            "research_to_sale_ratio": 2.02,
            "price_fair": 50.71,
            "eps_avg_yearly": 2.48,
            "eps_latest_yearly": 1.84,
            "eps_growth_yearly": 10.47
        },
        "20203": {
            "year_quarter": 20203,
            "year": 2020,
            "quarter": 3,
            "eps": 0.9,
            "eps_growth_year": 4.65,
            "eps_4q": 2.61,
            "eps_4q_growth_year": -16.61,
            "roe": 2.74,
            "roe_4q": 7.71,
            "gross_profit": 548489,
            "gross_margin": 18.77,
            "gross_margin_4q_avg": 17.32,
            "net_income": 152042,
            "net_income_4q": null,
            "revenue": 2921523,
            "revenue_4q": null,
            "common_shares": 1685289,
            "book_valuer_per_share": 33.56,
            "book_valuer_per_share_4q_avg": 33.77,
            "equity": 5660864,
            "current_ratio": 182.26,
            "debt_ratio": 40.62,
            "inventory_turnover_ratio": 2.55,
            "account_receivable_turnover_ratio": 1.5,
            "reinvestment_rate": -41.1,
            "research_to_sale_ratio": 1.89,
            "price_fair": 89.16,
            "eps_avg_yearly": 2.55,
            "eps_latest_yearly": 3.6,
            "eps_growth_yearly": 28.38
        },
        "20204": {
            "year_quarter": 20204,
            "year": 2020,
            "quarter": 4,
            "eps": 0.71,
            "eps_growth_year": 21.33,
            "eps_4q": 2.74,
            "eps_4q_growth_year": -7.72,
            "roe": 2.07,
            "roe_4q": 8.1,
            "gross_profit": 529145,
            "gross_margin": 17.05,
            "gross_margin_4q_avg": 17.34,
            "net_income": 119893,
            "net_income_4q": null,
            "revenue": 3103267,
            "revenue_4q": null,
            "common_shares": 1685289,
            "book_valuer_per_share": 35.15,
            "book_valuer_per_share_4q_avg": 33.86,
            "equity": 5929518,
            "current_ratio": 185.53,
            "debt_ratio": 39.4,
            "inventory_turnover_ratio": 2.57,
            "account_receivable_turnover_ratio": 1.37,
            "reinvestment_rate": -34.48,
            "research_to_sale_ratio": 2.32,
            "price_fair": 90.39,
            "eps_avg_yearly": 2.58,
            "eps_latest_yearly": 2.84,
            "eps_growth_yearly": 25.12
        },
        "20211": {
            "year_quarter": 20211,
            "year": 2021,
            "quarter": 1,
            "eps": 0.81,
            "eps_growth_year": 22.73,
            "eps_4q": 2.88,
            "eps_4q_growth_year": -3.56,
            "roe": 2.28,
            "roe_4q": 8.469999999999999,
            "gross_profit": 455048,
            "gross_margin": 17.01,
            "gross_margin_4q_avg": 17.04,
            "net_income": 136455,
            "net_income_4q": null,
            "revenue": 2675828,
            "revenue_4q": null,
            "common_shares": 1685289,
            "book_valuer_per_share": 35.67,
            "book_valuer_per_share_4q_avg": 34.17,
            "equity": 6016381,
            "current_ratio": 177.33,
            "debt_ratio": 39.82,
            "inventory_turnover_ratio": 1.87,
            "account_receivable_turnover_ratio": 1.16,
            "reinvestment_rate": -16.55,
            "research_to_sale_ratio": 2.15,
            "price_fair": 92.66,
            "eps_avg_yearly": 2.65,
            "eps_latest_yearly": 3.24,
            "eps_growth_yearly": 29.52
        },
        "20212": {
            "year_quarter": 20212,
            "year": 2021,
            "quarter": 2,
            "eps": 0.65,
            "eps_growth_year": 41.3,
            "eps_4q": 3.07,
            "eps_4q_growth_year": 19.76,
            "roe": 1.81,
            "roe_4q": 8.9,
            "gross_profit": 449316,
            "gross_margin": 16.24,
            "gross_margin_4q_avg": 17.27,
            "net_income": 109557,
            "net_income_4q": null,
            "revenue": 2766394,
            "revenue_4q": null,
            "common_shares": 1685289,
            "book_valuer_per_share": 35.94,
            "book_valuer_per_share_4q_avg": 35.08,
            "equity": 6056715,
            "current_ratio": 175.64,
            "debt_ratio": 38.55,
            "inventory_turnover_ratio": 1.74,
            "account_receivable_turnover_ratio": 1.19,
            "reinvestment_rate": 3.96,
            "research_to_sale_ratio": 1.67,
            "price_fair": 85.94,
            "eps_avg_yearly": 2.66,
            "eps_latest_yearly": 2.6,
            "eps_growth_yearly": 22.31
        },
        "20213": {
            "year_quarter": 20213,
            "year": 2021,
            "quarter": 3,
            "eps": 0.7,
            "eps_growth_year": -22.22,
            "eps_4q": 2.87,
            "eps_4q_growth_year": 9.83,
            "roe": 1.97,
            "roe_4q": 8.13,
            "gross_profit": 380689,
            "gross_margin": 11.54,
            "gross_margin_4q_avg": 15.46,
            "net_income": 117224,
            "net_income_4q": null,
            "revenue": 3298626,
            "revenue_4q": null,
            "common_shares": 1685289,
            "book_valuer_per_share": 34.77,
            "book_valuer_per_share_4q_avg": 35.38,
            "equity": 5860398,
            "current_ratio": 157.32,
            "debt_ratio": 43.32,
            "inventory_turnover_ratio": 2.13,
            "account_receivable_turnover_ratio": 1.37,
            "reinvestment_rate": 13.85,
            "research_to_sale_ratio": 1.5,
            "price_fair": 79.97,
            "eps_avg_yearly": 2.66,
            "eps_latest_yearly": 2.8,
            "eps_growth_yearly": 20.06
        },
        "20214": {
            "year_quarter": 20214,
            "year": 2021,
            "quarter": 4,
            "eps": 0.6,
            "eps_growth_year": -16.14,
            "eps_4q": 2.75,
            "eps_4q_growth_year": 0.61,
            "roe": 1.7,
            "roe_4q": 7.76,
            "gross_profit": 523863,
            "gross_margin": 15.87,
            "gross_margin_4q_avg": 15.17,
            "net_income": 100545,
            "net_income_4q": null,
            "revenue": 3301597,
            "revenue_4q": null,
            "common_shares": 1685289,
            "book_valuer_per_share": 35.46,
            "book_valuer_per_share_4q_avg": 35.46,
            "equity": 5975705,
            "current_ratio": 159.31,
            "debt_ratio": 40.99,
            "inventory_turnover_ratio": 1.91,
            "account_receivable_turnover_ratio": 1.33,
            "reinvestment_rate": 28.48,
            "research_to_sale_ratio": 1.41,
            "price_fair": 74.87,
            "eps_avg_yearly": 2.65,
            "eps_latest_yearly": 2.4,
            "eps_growth_yearly": 18.28
        },
        "20221": {
            "year_quarter": 20221,
            "year": 2022,
            "quarter": 1,
            "eps": 0.9,
            "eps_growth_year": 11.11,
            "eps_4q": 2.84,
            "eps_4q_growth_year": -1.39,
            "roe": 2.47,
            "roe_4q": 7.949999999999999,
            "gross_profit": 494258,
            "gross_margin": 16.9,
            "gross_margin_4q_avg": 15.14,
            "net_income": 152081,
            "net_income_4q": null,
            "revenue": 2924079,
            "revenue_4q": null,
            "common_shares": 1685289,
            "book_valuer_per_share": 37.56,
            "book_valuer_per_share_4q_avg": 35.93,
            "equity": 6329867,
            "current_ratio": 161.9,
            "debt_ratio": 39.83,
            "inventory_turnover_ratio": 1.48,
            "account_receivable_turnover_ratio": 1.2,
            "reinvestment_rate": 36.4,
            "research_to_sale_ratio": 1.37,
            "price_fair": 97.21,
            "eps_avg_yearly": 2.78,
            "eps_latest_yearly": 3.6,
            "eps_growth_yearly": 41.16
        },
        "20222": {
            "year_quarter": 20222,
            "year": 2022,
            "quarter": 2,
            "eps": 0.92,
            "eps_growth_year": 41.54,
            "eps_4q": 3.11,
            "eps_4q_growth_year": 1.2,
            "roe": 2.45,
            "roe_4q": 8.59,
            "gross_profit": 422665,
            "gross_margin": 13.34,
            "gross_margin_4q_avg": 14.41,
            "net_income": 154360,
            "net_income_4q": null,
            "revenue": 3169555,
            "revenue_4q": null,
            "common_shares": 1685289,
            "book_valuer_per_share": 37.11,
            "book_valuer_per_share_4q_avg": 36.23,
            "equity": 6254646,
            "current_ratio": 149.44,
            "debt_ratio": 43.78,
            "inventory_turnover_ratio": 1.47,
            "account_receivable_turnover_ratio": 1.2,
            "reinvestment_rate": 48.74,
            "research_to_sale_ratio": 1.09,
            "price_fair": 101.76,
            "eps_avg_yearly": 2.91,
            "eps_latest_yearly": 3.68,
            "eps_growth_yearly": 40.4
        },
        "20223": {
            "year_quarter": 20223,
            "year": 2022,
            "quarter": 3,
            "eps": 1.65,
            "eps_growth_year": 135.71,
            "eps_4q": 4.06,
            "eps_4q_growth_year": 41.69,
            "roe": 4.28,
            "roe_4q": 10.9,
            "gross_profit": 611155,
            "gross_margin": 14.79,
            "gross_margin_4q_avg": 15.23,
            "net_income": 277578,
            "net_income_4q": null,
            "revenue": 4130847,
            "revenue_4q": null,
            "common_shares": 1685289,
            "book_valuer_per_share": 39.9,
            "book_valuer_per_share_4q_avg": 37.51,
            "equity": 6723487,
            "current_ratio": 147.25,
            "debt_ratio": 46.36,
            "inventory_turnover_ratio": 1.78,
            "account_receivable_turnover_ratio": 1.25,
            "reinvestment_rate": 71.28,
            "research_to_sale_ratio": 1.03,
            "price_fair": 110.78,
            "eps_avg_yearly": 3.17,
            "eps_latest_yearly": 6.6,
            "eps_growth_yearly": 46.49
        },
        "20224": {
            "year_quarter": 20224,
            "year": 2022,
            "quarter": 4,
            "eps": 1.29,
            "eps_growth_year": 115.72,
            "eps_4q": 4.75,
            "eps_4q_growth_year": 72.69,
            "roe": 3.19,
            "roe_4q": 12.390000000000002,
            "gross_profit": 706082,
            "gross_margin": 18.55,
            "gross_margin_4q_avg": 15.9,
            "net_income": 216896,
            "net_income_4q": null,
            "revenue": 3807055,
            "revenue_4q": null,
            "common_shares": 1685289,
            "book_valuer_per_share": 40.82,
            "book_valuer_per_share_4q_avg": 38.85,
            "equity": 6879039,
            "current_ratio": 168.42,
            "debt_ratio": 42.61,
            "inventory_turnover_ratio": 1.7,
            "account_receivable_turnover_ratio": 1.13,
            "reinvestment_rate": 66.71,
            "research_to_sale_ratio": 0.93,
            "price_fair": 115.68,
            "eps_avg_yearly": 3.31,
            "eps_latest_yearly": 5.16,
            "eps_growth_yearly": 36.6
        },
        "20231": {
            "year_quarter": 20231,
            "year": 2023,
            "quarter": 1,
            "eps": 0.96,
            "eps_growth_year": 6.67,
            "eps_4q": 4.81,
            "eps_4q_growth_year": 69.25,
            "roe": 2.31,
            "roe_4q": 12.23,
            "gross_profit": 623868,
            "gross_margin": 20.85,
            "gross_margin_4q_avg": 16.88,
            "net_income": 162550,
            "net_income_4q": null,
            "revenue": 2991880,
            "revenue_4q": null,
            "common_shares": 1685289,
            "book_valuer_per_share": 42.54,
            "book_valuer_per_share_4q_avg": 40.09,
            "equity": 7168738,
            "current_ratio": 178.69,
            "debt_ratio": 40.81,
            "inventory_turnover_ratio": 1.45,
            "account_receivable_turnover_ratio": 1.09,
            "reinvestment_rate": 72.44,
            "research_to_sale_ratio": 1.42,
            "price_fair": 118.56,
            "eps_avg_yearly": 3.39,
            "eps_latest_yearly": 3.84,
            "eps_growth_yearly": 33.63
        },
        "20232": {
            "year_quarter": 20232,
            "year": 2023,
            "quarter": 2,
            "eps": 1.25,
            "eps_growth_year": 35.87,
            "eps_4q": 5.15,
            "eps_4q_growth_year": 65.45,
            "roe": 2.93,
            "roe_4q": 12.71,
            "gross_profit": 588239,
            "gross_margin": 18.73,
            "gross_margin_4q_avg": 18.23,
            "net_income": 210296,
            "net_income_4q": null,
            "revenue": 3140364,
            "revenue_4q": null,
            "common_shares": 1685289,
            "book_valuer_per_share": 42.69,
            "book_valuer_per_share_4q_avg": 41.49,
            "equity": 7193783,
            "current_ratio": 175.17,
            "debt_ratio": 39.12,
            "inventory_turnover_ratio": 1.82,
            "account_receivable_turnover_ratio": 1.25,
            "reinvestment_rate": 87.47,
            "research_to_sale_ratio": 0.92,
            "price_fair": 121.71,
            "eps_avg_yearly": 3.48,
            "eps_latest_yearly": 5,
            "eps_growth_yearly": 30.86
        },
        "20233": {
            "year_quarter": 20233,
            "year": 2023,
            "quarter": 3,
            "eps": 0.84,
            "eps_growth_year": -49.09,
            "eps_4q": 4.33,
            "eps_4q_growth_year": 6.71,
            "roe": 1.91,
            "roe_4q": 10.34,
            "gross_profit": 580754,
            "gross_margin": 21.25,
            "gross_margin_4q_avg": 19.85,
            "net_income": 140750,
            "net_income_4q": null,
            "revenue": 2733035,
            "revenue_4q": null,
            "common_shares": 1685289,
            "book_valuer_per_share": 44.78,
            "book_valuer_per_share_4q_avg": 42.71,
            "equity": 7546926,
            "current_ratio": 179.02,
            "debt_ratio": 37.69,
            "inventory_turnover_ratio": 1.96,
            "account_receivable_turnover_ratio": 1.19,
            "reinvestment_rate": 102.47,
            "research_to_sale_ratio": 1.34,
            "price_fair": 116.35,
            "eps_avg_yearly": 3.47,
            "eps_latest_yearly": 3.36,
            "eps_growth_yearly": 23.51
        }
    },
    "months": {
        "2013-11": {
            "month": "2013-11",
            "price": "48.81",
            "revenue": 685992
        },
        "2013-12": {
            "month": "2013-12",
            "price": "49.96",
            "revenue": 511806
        },
        "2014-01": {
            "month": "2014-01",
            "price": "46.34",
            "revenue": 593394
        },
        "2014-02": {
            "month": "2014-02",
            "price": "45.87",
            "revenue": 602460
        },
        "2014-03": {
            "month": "2014-03",
            "price": "53.01",
            "revenue": 738441
        },
        "2014-04": {
            "month": "2014-04",
            "price": "54.22",
            "revenue": 881937
        },
        "2014-05": {
            "month": "2014-05",
            "price": "50.57",
            "revenue": 863763
        },
        "2014-06": {
            "month": "2014-06",
            "price": "49.78",
            "revenue": 867793
        },
        "2014-07": {
            "month": "2014-07",
            "price": "50.74",
            "revenue": 821457
        },
        "2014-08": {
            "month": "2014-08",
            "price": "48.67",
            "revenue": 941137
        },
        "2014-09": {
            "month": "2014-09",
            "price": "46.22",
            "revenue": 982477
        },
        "2014-10": {
            "month": "2014-10",
            "price": "40.38",
            "revenue": 922233
        },
        "2014-11": {
            "month": "2014-11",
            "price": "40.46",
            "revenue": 900586
        },
        "2014-12": {
            "month": "2014-12",
            "price": "44.89",
            "revenue": 729126
        },
        "2015-01": {
            "month": "2015-01",
            "price": "42.50",
            "revenue": 676475
        },
        "2015-02": {
            "month": "2015-02",
            "price": "41.78",
            "revenue": 567047
        },
        "2015-03": {
            "month": "2015-03",
            "price": "42.55",
            "revenue": 690762
        },
        "2015-04": {
            "month": "2015-04",
            "price": "41.83",
            "revenue": 668550
        },
        "2015-05": {
            "month": "2015-05",
            "price": "35.90",
            "revenue": 585987
        },
        "2015-06": {
            "month": "2015-06",
            "price": "33.84",
            "revenue": 624044
        },
        "2015-07": {
            "month": "2015-07",
            "price": "33.53",
            "revenue": 726731
        },
        "2015-08": {
            "month": "2015-08",
            "price": "31.02",
            "revenue": 749352
        },
        "2015-09": {
            "month": "2015-09",
            "price": "26.58",
            "revenue": 821380
        },
        "2015-10": {
            "month": "2015-10",
            "price": "29.76",
            "revenue": 885859
        },
        "2015-11": {
            "month": "2015-11",
            "price": "29.70",
            "revenue": 777493
        },
        "2015-12": {
            "month": "2015-12",
            "price": "27.46",
            "revenue": 669591
        },
        "2016-01": {
            "month": "2016-01",
            "price": "26.54",
            "revenue": 705764
        },
        "2016-02": {
            "month": "2016-02",
            "price": "28.48",
            "revenue": 624064
        },
        "2016-03": {
            "month": "2016-03",
            "price": "34.77",
            "revenue": 738420
        },
        "2016-04": {
            "month": "2016-04",
            "price": "34.57",
            "revenue": 773285
        },
        "2016-05": {
            "month": "2016-05",
            "price": "32.73",
            "revenue": 865166
        },
        "2016-06": {
            "month": "2016-06",
            "price": "34.97",
            "revenue": 895836
        },
        "2016-07": {
            "month": "2016-07",
            "price": "37.26",
            "revenue": 917415
        },
        "2016-08": {
            "month": "2016-08",
            "price": "38.32",
            "revenue": 1096261
        },
        "2016-09": {
            "month": "2016-09",
            "price": "40.12",
            "revenue": 1128792
        },
        "2016-10": {
            "month": "2016-10",
            "price": "41.51",
            "revenue": 1062016
        },
        "2016-11": {
            "month": "2016-11",
            "price": "37.15",
            "revenue": 1065201
        },
        "2016-12": {
            "month": "2016-12",
            "price": "37.71",
            "revenue": 950694
        },
        "2017-01": {
            "month": "2017-01",
            "price": "38.98",
            "revenue": 942400
        },
        "2017-02": {
            "month": "2017-02",
            "price": "42.78",
            "revenue": 894709
        },
        "2017-03": {
            "month": "2017-03",
            "price": "47.46",
            "revenue": 979411
        },
        "2017-04": {
            "month": "2017-04",
            "price": "45.69",
            "revenue": 912941
        },
        "2017-05": {
            "month": "2017-05",
            "price": "45.32",
            "revenue": 874650
        },
        "2017-06": {
            "month": "2017-06",
            "price": "46.88",
            "revenue": 733832
        },
        "2017-07": {
            "month": "2017-07",
            "price": "46.33",
            "revenue": 763518
        },
        "2017-08": {
            "month": "2017-08",
            "price": "48.20",
            "revenue": 806093
        },
        "2017-09": {
            "month": "2017-09",
            "price": "45.43",
            "revenue": 951652
        },
        "2017-10": {
            "month": "2017-10",
            "price": "48.50",
            "revenue": 1065679
        },
        "2017-11": {
            "month": "2017-11",
            "price": "51.02",
            "revenue": 1101890
        },
        "2017-12": {
            "month": "2017-12",
            "price": "46.59",
            "revenue": 850286
        },
        "2018-01": {
            "month": "2018-01",
            "price": "45.14",
            "revenue": 804850
        },
        "2018-02": {
            "month": "2018-02",
            "price": "38.92",
            "revenue": 679000
        },
        "2018-03": {
            "month": "2018-03",
            "price": "38.63",
            "revenue": 708761
        },
        "2018-04": {
            "month": "2018-04",
            "price": "34.82",
            "revenue": 727313
        },
        "2018-05": {
            "month": "2018-05",
            "price": "33.11",
            "revenue": 740968
        },
        "2018-06": {
            "month": "2018-06",
            "price": "35.38",
            "revenue": 769160
        },
        "2018-07": {
            "month": "2018-07",
            "price": "35.92",
            "revenue": 874795
        },
        "2018-08": {
            "month": "2018-08",
            "price": "35.21",
            "revenue": 996387
        },
        "2018-09": {
            "month": "2018-09",
            "price": "31.35",
            "revenue": 1084576
        },
        "2018-10": {
            "month": "2018-10",
            "price": "28.54",
            "revenue": 1104849
        },
        "2018-11": {
            "month": "2018-11",
            "price": "29.52",
            "revenue": 1009498
        },
        "2018-12": {
            "month": "2018-12",
            "price": "30.76",
            "revenue": 829294
        },
        "2019-01": {
            "month": "2019-01",
            "price": "29.74",
            "revenue": 820156
        },
        "2019-02": {
            "month": "2019-02",
            "price": "31.38",
            "revenue": 707783
        },
        "2019-03": {
            "month": "2019-03",
            "price": "33.01",
            "revenue": 847251
        },
        "2019-04": {
            "month": "2019-04",
            "price": "36.15",
            "revenue": 859080
        },
        "2019-05": {
            "month": "2019-05",
            "price": "35.71",
            "revenue": 919533
        },
        "2019-06": {
            "month": "2019-06",
            "price": "35.48",
            "revenue": 934440
        },
        "2019-07": {
            "month": "2019-07",
            "price": "38.45",
            "revenue": 909843
        },
        "2019-08": {
            "month": "2019-08",
            "price": "40.67",
            "revenue": 853922
        },
        "2019-09": {
            "month": "2019-09",
            "price": "40.77",
            "revenue": 831191
        },
        "2019-10": {
            "month": "2019-10",
            "price": "37.49",
            "revenue": 750661
        },
        "2019-11": {
            "month": "2019-11",
            "price": "36.64",
            "revenue": 790634
        },
        "2019-12": {
            "month": "2019-12",
            "price": "36.33",
            "revenue": 891359
        },
        "2020-01": {
            "month": "2020-01",
            "price": "36.49",
            "revenue": 682272
        },
        "2020-02": {
            "month": "2020-02",
            "price": "33.93",
            "revenue": 505593
        },
        "2020-03": {
            "month": "2020-03",
            "price": "28.12",
            "revenue": 658202
        },
        "2020-04": {
            "month": "2020-04",
            "price": "28.14",
            "revenue": 665612
        },
        "2020-05": {
            "month": "2020-05",
            "price": "30.49",
            "revenue": 554901
        },
        "2020-06": {
            "month": "2020-06",
            "price": "32.50",
            "revenue": 797747
        },
        "2020-07": {
            "month": "2020-07",
            "price": "35.17",
            "revenue": 939015
        },
        "2020-08": {
            "month": "2020-08",
            "price": "34.16",
            "revenue": 990328
        },
        "2020-09": {
            "month": "2020-09",
            "price": "34.58",
            "revenue": 987036
        },
        "2020-10": {
            "month": "2020-10",
            "price": "34.61",
            "revenue": 923274
        },
        "2020-11": {
            "month": "2020-11",
            "price": "37.63",
            "revenue": 1050262
        },
        "2020-12": {
            "month": "2020-12",
            "price": "48.34",
            "revenue": 1114206
        },
        "2021-01": {
            "month": "2021-01",
            "price": "67.56",
            "revenue": 860452
        },
        "2021-02": {
            "month": "2021-02",
            "price": "64.95",
            "revenue": 773941
        },
        "2021-03": {
            "month": "2021-03",
            "price": "71.61",
            "revenue": 1042646
        },
        "2021-04": {
            "month": "2021-04",
            "price": "72.13",
            "revenue": 1079163
        },
        "2021-05": {
            "month": "2021-05",
            "price": "58.87",
            "revenue": 805256
        },
        "2021-06": {
            "month": "2021-06",
            "price": "64.91",
            "revenue": 894333
        },
        "2021-07": {
            "month": "2021-07",
            "price": "68.25",
            "revenue": 1065287
        },
        "2021-08": {
            "month": "2021-08",
            "price": "62.25",
            "revenue": 1092081
        },
        "2021-09": {
            "month": "2021-09",
            "price": "58.04",
            "revenue": 1125621
        },
        "2021-10": {
            "month": "2021-10",
            "price": "65.30",
            "revenue": 1095600
        },
        "2021-11": {
            "month": "2021-11",
            "price": "68.46",
            "revenue": 1111922
        },
        "2021-12": {
            "month": "2021-12",
            "price": "66.60",
            "revenue": 1082006
        },
        "2022-01": {
            "month": "2022-01",
            "price": "63.23",
            "revenue": 863457
        },
        "2022-02": {
            "month": "2022-02",
            "price": "61.39",
            "revenue": 888911
        },
        "2022-03": {
            "month": "2022-03",
            "price": "58.22",
            "revenue": 1188181
        },
        "2022-04": {
            "month": "2022-04",
            "price": "60.03",
            "revenue": 839928
        },
        "2022-05": {
            "month": "2022-05",
            "price": "60.32",
            "revenue": 1057487
        },
        "2022-06": {
            "month": "2022-06",
            "price": "65.15",
            "revenue": 1268807
        },
        "2022-07": {
            "month": "2022-07",
            "price": "65.77",
            "revenue": 1270012
        },
        "2022-08": {
            "month": "2022-08",
            "price": "67.30",
            "revenue": 1406940
        },
        "2022-09": {
            "month": "2022-09",
            "price": "61.47",
            "revenue": 1482193
        },
        "2022-10": {
            "month": "2022-10",
            "price": "61.46",
            "revenue": 1415321
        },
        "2022-11": {
            "month": "2022-11",
            "price": "59.68",
            "revenue": 1269778
        },
        "2022-12": {
            "month": "2022-12",
            "price": "60.33",
            "revenue": 1139244
        },
        "2023-01": {
            "month": "2023-01",
            "price": "58.25",
            "revenue": 842959
        },
        "2023-02": {
            "month": "2023-02",
            "price": "61.50",
            "revenue": 1001622
        },
        "2023-03": {
            "month": "2023-03",
            "price": "63.01",
            "revenue": 1143378
        },
        "2023-04": {
            "month": "2023-04",
            "price": "66.59",
            "revenue": 1132562
        },
        "2023-05": {
            "month": "2023-05",
            "price": "73.63",
            "revenue": 1092693
        },
        "2023-06": {
            "month": "2023-06",
            "price": "83.66",
            "revenue": 946590
        },
        "2023-07": {
            "month": "2023-07",
            "price": "75.34",
            "revenue": 848761
        },
        "2023-08": {
            "month": "2023-08",
            "price": "66.76",
            "revenue": 948160
        },
        "2023-09": {
            "month": "2023-09",
            "price": "65.86",
            "revenue": 927761
        },
        "2023-10": {
            "month": "2023-10",
            "price": "60.26",
            "revenue": 941531
        },
        "2023-11": {
            "month": "2023-11",
            "price": "59.18",
            "revenue": 965734
        },
        "2023-12": {
            "month": "2023-12",
            "price": "60.40",
            "revenue": 765586
        }
    }
}
