{
    "summary": {
        "stock_name": "智晶",
        "stock_id": "5245",
        "category": "光電",
        "main_business": "被動式有機發光顯示器(PMOLED)",
        "website_url": "http://www.wisechip.com.tw/",
        "ceo": "李湘耘",
        "pe_ratio": 15,
        "report_year_from": 2011,
        "report_year_to": 2023,
        "age": 12,
        "eps_negative_percentage": 0,
        "eps_growth_avg": {
            "last_all": 24.64,
            "last_2y": 63.76,
            "last_4y": 10.49,
            "last_8y": null,
            "last_12y": null,
            "last_16y": null,
            "last_20y": null,
            "at_2006_last_3y": null,
            "at_2007_last_3y": null,
            "at_2008_last_3y": null,
            "at_2009_last_3y": null,
            "at_2010_last_3y": null,
            "at_2011_last_3y": null,
            "at_2012_last_3y": null,
            "at_2013_last_3y": null,
            "at_2014_last_3y": null,
            "at_2015_last_3y": null,
            "at_2016_last_3y": null,
            "at_2017_last_3y": null,
            "at_2018_last_3y": 23.62,
            "at_2019_last_3y": -19.47,
            "at_2020_last_3y": -9.83,
            "at_2021_last_3y": 15.29,
            "at_2022_last_3y": 25.67,
            "at_2023_last_3y": 25.67,
            "at_2006_last_all": null,
            "at_2007_last_all": null,
            "at_2008_last_all": null,
            "at_2009_last_all": null,
            "at_2010_last_all": null,
            "at_2011_last_all": null,
            "at_2012_last_all": null,
            "at_2013_last_all": null,
            "at_2014_last_all": null,
            "at_2015_last_all": null,
            "at_2016_last_all": 72.6,
            "at_2017_last_all": 48.24,
            "at_2018_last_all": 23.62,
            "at_2019_last_all": 1.17,
            "at_2020_last_all": 17.64,
            "at_2021_last_all": 29.41,
            "at_2022_last_all": 24.64,
            "at_2023_last_all": 24.64
        },
        "latest_eps": 3.13,
        "latest_price": 46.9,
        "latest_roe": 11.01,
        "latest_gross_margin": 22.69,
        "latest_equity": 1218906,
        "latest_revenue": 257010,
        "latest_gross_profit": 58317,
        "latest_net_income": 3708,
        "latest_debt_ratio": 35.38,
        "latest_current_ratio": 295.96,
        "latest_account_receivable_turnover_ratio": 1.88,
        "latest_inventory_turnover_ratio": 0.69,
        "latest_reinvestment_rate": -59.43,
        "latest_research_to_sale_ratio": 10.05
    },
    "eps_dividends": {
        "2001": {
            "cash": 0,
            "stock": 0,
            "eps": 0
        },
        "2002": {
            "cash": 0,
            "stock": 0,
            "eps": 0
        },
        "2003": {
            "cash": 0,
            "stock": 0,
            "eps": 0
        },
        "2004": {
            "cash": 0,
            "stock": 0,
            "eps": 0
        },
        "2005": {
            "cash": 0,
            "stock": 0,
            "eps": 0
        },
        "2006": {
            "cash": 0,
            "stock": 0,
            "eps": 0
        },
        "2007": {
            "cash": 0,
            "stock": 0,
            "eps": 0
        },
        "2008": {
            "cash": 0,
            "stock": 0,
            "eps": 0
        },
        "2009": {
            "cash": 0,
            "stock": 0,
            "eps": 0
        },
        "2010": {
            "cash": 0,
            "stock": 0,
            "eps": 0
        },
        "2011": {
            "cash": 1.5,
            "stock": 0.2,
            "eps": 0
        },
        "2012": {
            "cash": 0,
            "stock": 0,
            "eps": 0
        },
        "2013": {
            "cash": 0,
            "stock": 0,
            "eps": 0
        },
        "2014": {
            "cash": 0.55,
            "stock": 0,
            "eps": 2.09
        },
        "2015": {
            "cash": 2.56,
            "stock": 0,
            "eps": 3.84
        },
        "2016": {
            "cash": 2.37,
            "stock": 1,
            "eps": 6.2
        },
        "2017": {
            "cash": 5,
            "stock": 0,
            "eps": 6.17
        },
        "2018": {
            "cash": 5,
            "stock": 0,
            "eps": 3.07
        },
        "2019": {
            "cash": 1.5,
            "stock": 0,
            "eps": 0.35
        },
        "2020": {
            "cash": 0.43,
            "stock": 0,
            "eps": 1.99
        },
        "2021": {
            "cash": 1,
            "stock": 0,
            "eps": 4.48
        },
        "2022": {
            "cash": 4.5,
            "stock": 0,
            "eps": 4.09
        },
        "2023": {
            "cash": 2.5,
            "stock": 0,
            "eps": 0.09
        }
    },
    "dividends": {
        "2011-06-17": {
            "cash": 1.5,
            "stock": 0.2
        },
        "2014-08-11": {
            "cash": 0.55,
            "stock": 0
        },
        "2015-08-10": {
            "cash": 2.56,
            "stock": 0
        },
        "2016-08-04": {
            "cash": 2.37,
            "stock": 1
        },
        "2017-08-09": {
            "cash": 5,
            "stock": 0
        },
        "2018-08-10": {
            "cash": 5,
            "stock": 0
        },
        "2019-08-07": {
            "cash": 1.5,
            "stock": 0
        },
        "2020-08-07": {
            "cash": 0.43,
            "stock": 0
        },
        "2021-08-25": {
            "cash": 1,
            "stock": 0
        },
        "2022-08-09": {
            "cash": 4.5,
            "stock": 0
        },
        "2023-03-17": {
            "cash": 2.5,
            "stock": 0
        }
    },
    "prices": {
        "200101": "無",
        "200102": "無",
        "200103": "無",
        "200104": "無",
        "200105": "無",
        "200106": "無",
        "200107": "無",
        "200108": "無",
        "200109": "無",
        "200110": "無",
        "200111": "無",
        "200112": "無",
        "200201": "無",
        "200202": "無",
        "200203": "無",
        "200204": "無",
        "200205": "無",
        "200206": "無",
        "200207": "無",
        "200208": "無",
        "200209": "無",
        "200210": "無",
        "200211": "無",
        "200212": "無",
        "200301": "無",
        "200302": "無",
        "200303": "無",
        "200304": "無",
        "200305": "無",
        "200306": "無",
        "200307": "無",
        "200308": "無",
        "200309": "無",
        "200310": "無",
        "200311": "無",
        "200312": "無",
        "200401": "無",
        "200402": "無",
        "200403": "無",
        "200404": "無",
        "200405": "無",
        "200406": "無",
        "200407": "無",
        "200408": "無",
        "200409": "無",
        "200410": "無",
        "200411": "無",
        "200412": "無",
        "200501": "無",
        "200502": "無",
        "200503": "無",
        "200504": "無",
        "200505": "無",
        "200506": "無",
        "200507": "無",
        "200508": "無",
        "200509": "無",
        "200510": "無",
        "200511": "無",
        "200512": "無",
        "200601": "無",
        "200602": "無",
        "200603": "無",
        "200604": "無",
        "200605": "無",
        "200606": "無",
        "200607": "無",
        "200608": "無",
        "200609": "無",
        "200610": "無",
        "200611": "無",
        "200612": "無",
        "200701": "無",
        "200702": "無",
        "200703": "無",
        "200704": "無",
        "200705": "無",
        "200706": "無",
        "200707": "無",
        "200708": "無",
        "200709": "無",
        "200710": "無",
        "200711": "無",
        "200712": "無",
        "200801": "無",
        "200802": "無",
        "200803": "無",
        "200804": "無",
        "200805": "無",
        "200806": "無",
        "200807": "無",
        "200808": "無",
        "200809": "無",
        "200810": "無",
        "200811": "無",
        "200812": "無",
        "200901": "無",
        "200902": "無",
        "200903": "無",
        "200904": "無",
        "200905": "無",
        "200906": "無",
        "200907": "無",
        "200908": "無",
        "200909": "無",
        "200910": "無",
        "200911": "無",
        "200912": "無",
        "201001": "無",
        "201002": "無",
        "201003": "無",
        "201004": "無",
        "201005": "無",
        "201006": "無",
        "201007": "無",
        "201008": "無",
        "201009": "無",
        "201010": "無",
        "201011": "無",
        "201012": "無",
        "201101": "無",
        "201102": "無",
        "201103": "無",
        "201104": "無",
        "201105": "無",
        "201106": "無",
        "201107": "無",
        "201108": "42.65",
        "201109": "38.08",
        "201110": "32.23",
        "201111": "27.04",
        "201112": "25.58",
        "201201": "24.23",
        "201202": "21.96",
        "201203": "16.98",
        "201204": "14.90",
        "201205": "16.36",
        "201206": "16.10",
        "201207": "15.64",
        "201208": "14.93",
        "201209": "14.37",
        "201210": "13.77",
        "201211": "14.80",
        "201212": "14.85",
        "201301": "14.40",
        "201302": "14.38",
        "201303": "17.01",
        "201304": "19.38",
        "201305": "20.17",
        "201306": "28.21",
        "201307": "29.12",
        "201308": "30.82",
        "201309": "32.26",
        "201310": "32.30",
        "201311": "30.21",
        "201312": "30.16",
        "201401": "30.31",
        "201402": "30.03",
        "201403": "34.01",
        "201404": "38.58",
        "201405": "37.37",
        "201406": "36.75",
        "201407": "37.21",
        "201408": "42.84",
        "201409": "48.91",
        "201410": "48.64",
        "201411": "48.10",
        "201412": "49.56",
        "201501": "50.78",
        "201502": "56.78",
        "201503": "56.24",
        "201504": "56.42",
        "201505": "53.02",
        "201506": "43.39",
        "201507": "47.80",
        "201508": "48.63",
        "201509": "64.38",
        "201510": "80.87",
        "201511": "80.36",
        "201512": "93.20",
        "201601": "114.19",
        "201602": "152.08",
        "201603": "175.91",
        "201604": "159.82",
        "201605": "152.86",
        "201606": "154.57",
        "201607": "151.30",
        "201608": "155.28",
        "201609": "155.79",
        "201610": "141.70",
        "201611": "120.45",
        "201612": "118.57",
        "201701": "121.62",
        "201702": "114.64",
        "201703": "123.91",
        "201704": "128.06",
        "201705": "117.08",
        "201706": "115.39",
        "201707": "123.86",
        "201708": "125.11",
        "201709": "120.86",
        "201710": "121.61",
        "201711": "115.95",
        "201712": "105.30",
        "201801": "102.10",
        "201802": "92.16",
        "201803": "89.74",
        "201804": "77.53",
        "201805": "73.01",
        "201806": "80.10",
        "201807": "70.80",
        "201808": "60.34",
        "201809": "56.76",
        "201810": "50.61",
        "201811": "48.50",
        "201812": "48.09",
        "201901": "45.86",
        "201902": "47.68",
        "201903": "50.75",
        "201904": "50.51",
        "201905": "41.59",
        "201906": "38.74",
        "201907": "39.67",
        "201908": "37.61",
        "201909": "37.56",
        "201910": "35.10",
        "201911": "31.20",
        "201912": "30.10",
        "202001": "29.39",
        "202002": "26.56",
        "202003": "29.57",
        "202004": "27.09",
        "202005": "34.31",
        "202006": "42.92",
        "202007": "40.75",
        "202008": "37.76",
        "202009": "34.00",
        "202010": "32.16",
        "202011": "32.57",
        "202012": "38.78",
        "202101": "37.18",
        "202102": "36.03",
        "202103": "38.83",
        "202104": "53.82",
        "202105": "41.47",
        "202106": "40.43",
        "202107": "43.70",
        "202108": "42.29",
        "202109": "47.69",
        "202110": "45.61",
        "202111": "49.66",
        "202112": "90.15",
        "202201": "81.00",
        "202202": "80.43",
        "202203": "73.41",
        "202204": "68.18",
        "202205": "64.94",
        "202206": "65.94",
        "202207": "58.70",
        "202208": "65.23",
        "202209": "60.39",
        "202210": "53.94",
        "202211": "57.10",
        "202212": "55.63",
        "202301": "51.51",
        "202302": "53.69",
        "202303": "52.17",
        "202304": "50.05",
        "202305": "48.13",
        "202306": "47.92"
    },
    "quarters": {
        "20011": {
            "year_quarter": 20011,
            "year": 2001,
            "quarter": 1,
            "eps": null,
            "eps_growth_year": null,
            "eps_4q": null,
            "eps_4q_growth_year": null,
            "roe": null,
            "roe_4q": 0,
            "gross_profit": null,
            "gross_margin": null,
            "gross_margin_4q_avg": 0,
            "net_income": null,
            "revenue": null,
            "common_shares": null,
            "book_valuer_per_share": null,
            "book_valuer_per_share_4q_avg": 0,
            "equity": null,
            "current_ratio": null,
            "debt_ratio": null,
            "inventory_turnover_ratio": null,
            "account_receivable_turnover_ratio": null,
            "reinvestment_rate": null,
            "research_to_sale_ratio": null,
            "price_fair": 0,
            "eps_avg_yearly": 0,
            "eps_latest_yearly": 0,
            "eps_growth_yearly": 0
        },
        "20012": {
            "year_quarter": 20012,
            "year": 2001,
            "quarter": 2,
            "eps": null,
            "eps_growth_year": null,
            "eps_4q": null,
            "eps_4q_growth_year": null,
            "roe": null,
            "roe_4q": 0,
            "gross_profit": null,
            "gross_margin": null,
            "gross_margin_4q_avg": 0,
            "net_income": null,
            "revenue": null,
            "common_shares": null,
            "book_valuer_per_share": null,
            "book_valuer_per_share_4q_avg": 0,
            "equity": null,
            "current_ratio": null,
            "debt_ratio": null,
            "inventory_turnover_ratio": null,
            "account_receivable_turnover_ratio": null,
            "reinvestment_rate": null,
            "research_to_sale_ratio": null,
            "price_fair": 0,
            "eps_avg_yearly": 0,
            "eps_latest_yearly": 0,
            "eps_growth_yearly": 0
        },
        "20013": {
            "year_quarter": 20013,
            "year": 2001,
            "quarter": 3,
            "eps": null,
            "eps_growth_year": null,
            "eps_4q": null,
            "eps_4q_growth_year": null,
            "roe": null,
            "roe_4q": 0,
            "gross_profit": null,
            "gross_margin": null,
            "gross_margin_4q_avg": 0,
            "net_income": null,
            "revenue": null,
            "common_shares": null,
            "book_valuer_per_share": null,
            "book_valuer_per_share_4q_avg": 0,
            "equity": null,
            "current_ratio": null,
            "debt_ratio": null,
            "inventory_turnover_ratio": null,
            "account_receivable_turnover_ratio": null,
            "reinvestment_rate": null,
            "research_to_sale_ratio": null,
            "price_fair": 0,
            "eps_avg_yearly": 0,
            "eps_latest_yearly": 0,
            "eps_growth_yearly": 0
        },
        "20014": {
            "year_quarter": 20014,
            "year": 2001,
            "quarter": 4,
            "eps": null,
            "eps_growth_year": null,
            "eps_4q": null,
            "eps_4q_growth_year": null,
            "roe": null,
            "roe_4q": 0,
            "gross_profit": null,
            "gross_margin": null,
            "gross_margin_4q_avg": 0,
            "net_income": null,
            "revenue": null,
            "common_shares": null,
            "book_valuer_per_share": null,
            "book_valuer_per_share_4q_avg": 0,
            "equity": null,
            "current_ratio": null,
            "debt_ratio": null,
            "inventory_turnover_ratio": null,
            "account_receivable_turnover_ratio": null,
            "reinvestment_rate": null,
            "research_to_sale_ratio": null,
            "price_fair": 0,
            "eps_avg_yearly": 0,
            "eps_latest_yearly": 0,
            "eps_growth_yearly": 0
        },
        "20021": {
            "year_quarter": 20021,
            "year": 2002,
            "quarter": 1,
            "eps": null,
            "eps_growth_year": null,
            "eps_4q": null,
            "eps_4q_growth_year": null,
            "roe": null,
            "roe_4q": 0,
            "gross_profit": null,
            "gross_margin": null,
            "gross_margin_4q_avg": 0,
            "net_income": null,
            "revenue": null,
            "common_shares": null,
            "book_valuer_per_share": null,
            "book_valuer_per_share_4q_avg": 0,
            "equity": null,
            "current_ratio": null,
            "debt_ratio": null,
            "inventory_turnover_ratio": null,
            "account_receivable_turnover_ratio": null,
            "reinvestment_rate": null,
            "research_to_sale_ratio": null,
            "price_fair": 0,
            "eps_avg_yearly": 0,
            "eps_latest_yearly": 0,
            "eps_growth_yearly": 0
        },
        "20022": {
            "year_quarter": 20022,
            "year": 2002,
            "quarter": 2,
            "eps": null,
            "eps_growth_year": null,
            "eps_4q": null,
            "eps_4q_growth_year": null,
            "roe": null,
            "roe_4q": 0,
            "gross_profit": null,
            "gross_margin": null,
            "gross_margin_4q_avg": 0,
            "net_income": null,
            "revenue": null,
            "common_shares": null,
            "book_valuer_per_share": null,
            "book_valuer_per_share_4q_avg": 0,
            "equity": null,
            "current_ratio": null,
            "debt_ratio": null,
            "inventory_turnover_ratio": null,
            "account_receivable_turnover_ratio": null,
            "reinvestment_rate": null,
            "research_to_sale_ratio": null,
            "price_fair": 0,
            "eps_avg_yearly": 0,
            "eps_latest_yearly": 0,
            "eps_growth_yearly": 0
        },
        "20023": {
            "year_quarter": 20023,
            "year": 2002,
            "quarter": 3,
            "eps": null,
            "eps_growth_year": null,
            "eps_4q": null,
            "eps_4q_growth_year": null,
            "roe": null,
            "roe_4q": 0,
            "gross_profit": null,
            "gross_margin": null,
            "gross_margin_4q_avg": 0,
            "net_income": null,
            "revenue": null,
            "common_shares": null,
            "book_valuer_per_share": null,
            "book_valuer_per_share_4q_avg": 0,
            "equity": null,
            "current_ratio": null,
            "debt_ratio": null,
            "inventory_turnover_ratio": null,
            "account_receivable_turnover_ratio": null,
            "reinvestment_rate": null,
            "research_to_sale_ratio": null,
            "price_fair": 0,
            "eps_avg_yearly": 0,
            "eps_latest_yearly": 0,
            "eps_growth_yearly": 0
        },
        "20024": {
            "year_quarter": 20024,
            "year": 2002,
            "quarter": 4,
            "eps": null,
            "eps_growth_year": null,
            "eps_4q": null,
            "eps_4q_growth_year": null,
            "roe": null,
            "roe_4q": 0,
            "gross_profit": null,
            "gross_margin": null,
            "gross_margin_4q_avg": 0,
            "net_income": null,
            "revenue": null,
            "common_shares": null,
            "book_valuer_per_share": null,
            "book_valuer_per_share_4q_avg": 0,
            "equity": null,
            "current_ratio": null,
            "debt_ratio": null,
            "inventory_turnover_ratio": null,
            "account_receivable_turnover_ratio": null,
            "reinvestment_rate": null,
            "research_to_sale_ratio": null,
            "price_fair": 0,
            "eps_avg_yearly": 0,
            "eps_latest_yearly": 0,
            "eps_growth_yearly": 0
        },
        "20031": {
            "year_quarter": 20031,
            "year": 2003,
            "quarter": 1,
            "eps": null,
            "eps_growth_year": null,
            "eps_4q": null,
            "eps_4q_growth_year": null,
            "roe": null,
            "roe_4q": 0,
            "gross_profit": null,
            "gross_margin": null,
            "gross_margin_4q_avg": 0,
            "net_income": null,
            "revenue": null,
            "common_shares": null,
            "book_valuer_per_share": null,
            "book_valuer_per_share_4q_avg": 0,
            "equity": null,
            "current_ratio": null,
            "debt_ratio": null,
            "inventory_turnover_ratio": null,
            "account_receivable_turnover_ratio": null,
            "reinvestment_rate": null,
            "research_to_sale_ratio": null,
            "price_fair": 0,
            "eps_avg_yearly": 0,
            "eps_latest_yearly": 0,
            "eps_growth_yearly": 0
        },
        "20032": {
            "year_quarter": 20032,
            "year": 2003,
            "quarter": 2,
            "eps": null,
            "eps_growth_year": null,
            "eps_4q": null,
            "eps_4q_growth_year": null,
            "roe": null,
            "roe_4q": 0,
            "gross_profit": null,
            "gross_margin": null,
            "gross_margin_4q_avg": 0,
            "net_income": null,
            "revenue": null,
            "common_shares": null,
            "book_valuer_per_share": null,
            "book_valuer_per_share_4q_avg": 0,
            "equity": null,
            "current_ratio": null,
            "debt_ratio": null,
            "inventory_turnover_ratio": null,
            "account_receivable_turnover_ratio": null,
            "reinvestment_rate": null,
            "research_to_sale_ratio": null,
            "price_fair": 0,
            "eps_avg_yearly": 0,
            "eps_latest_yearly": 0,
            "eps_growth_yearly": 0
        },
        "20033": {
            "year_quarter": 20033,
            "year": 2003,
            "quarter": 3,
            "eps": null,
            "eps_growth_year": null,
            "eps_4q": null,
            "eps_4q_growth_year": null,
            "roe": null,
            "roe_4q": 0,
            "gross_profit": null,
            "gross_margin": null,
            "gross_margin_4q_avg": 0,
            "net_income": null,
            "revenue": null,
            "common_shares": null,
            "book_valuer_per_share": null,
            "book_valuer_per_share_4q_avg": 0,
            "equity": null,
            "current_ratio": null,
            "debt_ratio": null,
            "inventory_turnover_ratio": null,
            "account_receivable_turnover_ratio": null,
            "reinvestment_rate": null,
            "research_to_sale_ratio": null,
            "price_fair": 0,
            "eps_avg_yearly": 0,
            "eps_latest_yearly": 0,
            "eps_growth_yearly": 0
        },
        "20034": {
            "year_quarter": 20034,
            "year": 2003,
            "quarter": 4,
            "eps": null,
            "eps_growth_year": null,
            "eps_4q": null,
            "eps_4q_growth_year": null,
            "roe": null,
            "roe_4q": 0,
            "gross_profit": null,
            "gross_margin": null,
            "gross_margin_4q_avg": 0,
            "net_income": null,
            "revenue": null,
            "common_shares": null,
            "book_valuer_per_share": null,
            "book_valuer_per_share_4q_avg": 0,
            "equity": null,
            "current_ratio": null,
            "debt_ratio": null,
            "inventory_turnover_ratio": null,
            "account_receivable_turnover_ratio": null,
            "reinvestment_rate": null,
            "research_to_sale_ratio": null,
            "price_fair": 0,
            "eps_avg_yearly": 0,
            "eps_latest_yearly": 0,
            "eps_growth_yearly": 0
        },
        "20041": {
            "year_quarter": 20041,
            "year": 2004,
            "quarter": 1,
            "eps": null,
            "eps_growth_year": null,
            "eps_4q": null,
            "eps_4q_growth_year": null,
            "roe": null,
            "roe_4q": 0,
            "gross_profit": null,
            "gross_margin": null,
            "gross_margin_4q_avg": 0,
            "net_income": null,
            "revenue": null,
            "common_shares": null,
            "book_valuer_per_share": null,
            "book_valuer_per_share_4q_avg": 0,
            "equity": null,
            "current_ratio": null,
            "debt_ratio": null,
            "inventory_turnover_ratio": null,
            "account_receivable_turnover_ratio": null,
            "reinvestment_rate": null,
            "research_to_sale_ratio": null,
            "price_fair": 0,
            "eps_avg_yearly": 0,
            "eps_latest_yearly": 0,
            "eps_growth_yearly": 0
        },
        "20042": {
            "year_quarter": 20042,
            "year": 2004,
            "quarter": 2,
            "eps": null,
            "eps_growth_year": null,
            "eps_4q": null,
            "eps_4q_growth_year": null,
            "roe": null,
            "roe_4q": 0,
            "gross_profit": null,
            "gross_margin": null,
            "gross_margin_4q_avg": 0,
            "net_income": null,
            "revenue": null,
            "common_shares": null,
            "book_valuer_per_share": null,
            "book_valuer_per_share_4q_avg": 0,
            "equity": null,
            "current_ratio": null,
            "debt_ratio": null,
            "inventory_turnover_ratio": null,
            "account_receivable_turnover_ratio": null,
            "reinvestment_rate": null,
            "research_to_sale_ratio": null,
            "price_fair": 0,
            "eps_avg_yearly": 0,
            "eps_latest_yearly": 0,
            "eps_growth_yearly": 0
        },
        "20043": {
            "year_quarter": 20043,
            "year": 2004,
            "quarter": 3,
            "eps": null,
            "eps_growth_year": null,
            "eps_4q": null,
            "eps_4q_growth_year": null,
            "roe": null,
            "roe_4q": 0,
            "gross_profit": null,
            "gross_margin": null,
            "gross_margin_4q_avg": 0,
            "net_income": null,
            "revenue": null,
            "common_shares": null,
            "book_valuer_per_share": null,
            "book_valuer_per_share_4q_avg": 0,
            "equity": null,
            "current_ratio": null,
            "debt_ratio": null,
            "inventory_turnover_ratio": null,
            "account_receivable_turnover_ratio": null,
            "reinvestment_rate": null,
            "research_to_sale_ratio": null,
            "price_fair": 0,
            "eps_avg_yearly": 0,
            "eps_latest_yearly": 0,
            "eps_growth_yearly": 0
        },
        "20044": {
            "year_quarter": 20044,
            "year": 2004,
            "quarter": 4,
            "eps": null,
            "eps_growth_year": null,
            "eps_4q": null,
            "eps_4q_growth_year": null,
            "roe": null,
            "roe_4q": 0,
            "gross_profit": null,
            "gross_margin": null,
            "gross_margin_4q_avg": 0,
            "net_income": null,
            "revenue": null,
            "common_shares": null,
            "book_valuer_per_share": null,
            "book_valuer_per_share_4q_avg": 0,
            "equity": null,
            "current_ratio": null,
            "debt_ratio": null,
            "inventory_turnover_ratio": null,
            "account_receivable_turnover_ratio": null,
            "reinvestment_rate": null,
            "research_to_sale_ratio": null,
            "price_fair": 0,
            "eps_avg_yearly": 0,
            "eps_latest_yearly": 0,
            "eps_growth_yearly": 0
        },
        "20051": {
            "year_quarter": 20051,
            "year": 2005,
            "quarter": 1,
            "eps": null,
            "eps_growth_year": null,
            "eps_4q": null,
            "eps_4q_growth_year": null,
            "roe": null,
            "roe_4q": 0,
            "gross_profit": null,
            "gross_margin": null,
            "gross_margin_4q_avg": 0,
            "net_income": null,
            "revenue": null,
            "common_shares": null,
            "book_valuer_per_share": null,
            "book_valuer_per_share_4q_avg": 0,
            "equity": null,
            "current_ratio": null,
            "debt_ratio": null,
            "inventory_turnover_ratio": null,
            "account_receivable_turnover_ratio": null,
            "reinvestment_rate": null,
            "research_to_sale_ratio": null,
            "price_fair": 0,
            "eps_avg_yearly": 0,
            "eps_latest_yearly": 0,
            "eps_growth_yearly": 0
        },
        "20052": {
            "year_quarter": 20052,
            "year": 2005,
            "quarter": 2,
            "eps": null,
            "eps_growth_year": null,
            "eps_4q": null,
            "eps_4q_growth_year": null,
            "roe": null,
            "roe_4q": 0,
            "gross_profit": null,
            "gross_margin": null,
            "gross_margin_4q_avg": 0,
            "net_income": null,
            "revenue": null,
            "common_shares": null,
            "book_valuer_per_share": null,
            "book_valuer_per_share_4q_avg": 0,
            "equity": null,
            "current_ratio": null,
            "debt_ratio": null,
            "inventory_turnover_ratio": null,
            "account_receivable_turnover_ratio": null,
            "reinvestment_rate": null,
            "research_to_sale_ratio": null,
            "price_fair": 0,
            "eps_avg_yearly": 0,
            "eps_latest_yearly": 0,
            "eps_growth_yearly": 0
        },
        "20053": {
            "year_quarter": 20053,
            "year": 2005,
            "quarter": 3,
            "eps": null,
            "eps_growth_year": null,
            "eps_4q": null,
            "eps_4q_growth_year": null,
            "roe": null,
            "roe_4q": 0,
            "gross_profit": null,
            "gross_margin": null,
            "gross_margin_4q_avg": 0,
            "net_income": null,
            "revenue": null,
            "common_shares": null,
            "book_valuer_per_share": null,
            "book_valuer_per_share_4q_avg": 0,
            "equity": null,
            "current_ratio": null,
            "debt_ratio": null,
            "inventory_turnover_ratio": null,
            "account_receivable_turnover_ratio": null,
            "reinvestment_rate": null,
            "research_to_sale_ratio": null,
            "price_fair": 0,
            "eps_avg_yearly": 0,
            "eps_latest_yearly": 0,
            "eps_growth_yearly": 0
        },
        "20054": {
            "year_quarter": 20054,
            "year": 2005,
            "quarter": 4,
            "eps": null,
            "eps_growth_year": null,
            "eps_4q": null,
            "eps_4q_growth_year": null,
            "roe": null,
            "roe_4q": 0,
            "gross_profit": null,
            "gross_margin": null,
            "gross_margin_4q_avg": 0,
            "net_income": null,
            "revenue": null,
            "common_shares": null,
            "book_valuer_per_share": null,
            "book_valuer_per_share_4q_avg": 0,
            "equity": null,
            "current_ratio": null,
            "debt_ratio": null,
            "inventory_turnover_ratio": null,
            "account_receivable_turnover_ratio": null,
            "reinvestment_rate": null,
            "research_to_sale_ratio": null,
            "price_fair": 0,
            "eps_avg_yearly": 0,
            "eps_latest_yearly": 0,
            "eps_growth_yearly": 0
        },
        "20061": {
            "year_quarter": 20061,
            "year": 2006,
            "quarter": 1,
            "eps": null,
            "eps_growth_year": null,
            "eps_4q": null,
            "eps_4q_growth_year": null,
            "roe": null,
            "roe_4q": 0,
            "gross_profit": null,
            "gross_margin": null,
            "gross_margin_4q_avg": 0,
            "net_income": null,
            "revenue": null,
            "common_shares": null,
            "book_valuer_per_share": null,
            "book_valuer_per_share_4q_avg": 0,
            "equity": null,
            "current_ratio": null,
            "debt_ratio": null,
            "inventory_turnover_ratio": null,
            "account_receivable_turnover_ratio": null,
            "reinvestment_rate": null,
            "research_to_sale_ratio": null,
            "price_fair": 0,
            "eps_avg_yearly": 0,
            "eps_latest_yearly": 0,
            "eps_growth_yearly": 0
        },
        "20062": {
            "year_quarter": 20062,
            "year": 2006,
            "quarter": 2,
            "eps": null,
            "eps_growth_year": null,
            "eps_4q": null,
            "eps_4q_growth_year": null,
            "roe": null,
            "roe_4q": 0,
            "gross_profit": null,
            "gross_margin": null,
            "gross_margin_4q_avg": 0,
            "net_income": null,
            "revenue": null,
            "common_shares": null,
            "book_valuer_per_share": null,
            "book_valuer_per_share_4q_avg": 0,
            "equity": null,
            "current_ratio": null,
            "debt_ratio": null,
            "inventory_turnover_ratio": null,
            "account_receivable_turnover_ratio": null,
            "reinvestment_rate": null,
            "research_to_sale_ratio": null,
            "price_fair": 0,
            "eps_avg_yearly": 0,
            "eps_latest_yearly": 0,
            "eps_growth_yearly": 0
        },
        "20063": {
            "year_quarter": 20063,
            "year": 2006,
            "quarter": 3,
            "eps": null,
            "eps_growth_year": null,
            "eps_4q": null,
            "eps_4q_growth_year": null,
            "roe": null,
            "roe_4q": 0,
            "gross_profit": null,
            "gross_margin": null,
            "gross_margin_4q_avg": 0,
            "net_income": null,
            "revenue": null,
            "common_shares": null,
            "book_valuer_per_share": null,
            "book_valuer_per_share_4q_avg": 0,
            "equity": null,
            "current_ratio": null,
            "debt_ratio": null,
            "inventory_turnover_ratio": null,
            "account_receivable_turnover_ratio": null,
            "reinvestment_rate": null,
            "research_to_sale_ratio": null,
            "price_fair": 0,
            "eps_avg_yearly": 0,
            "eps_latest_yearly": 0,
            "eps_growth_yearly": 0
        },
        "20064": {
            "year_quarter": 20064,
            "year": 2006,
            "quarter": 4,
            "eps": null,
            "eps_growth_year": null,
            "eps_4q": null,
            "eps_4q_growth_year": null,
            "roe": null,
            "roe_4q": 0,
            "gross_profit": null,
            "gross_margin": null,
            "gross_margin_4q_avg": 0,
            "net_income": null,
            "revenue": null,
            "common_shares": 10000,
            "book_valuer_per_share": 12.65,
            "book_valuer_per_share_4q_avg": 3.16,
            "equity": 12649,
            "current_ratio": 403.31,
            "debt_ratio": 23.91,
            "inventory_turnover_ratio": null,
            "account_receivable_turnover_ratio": null,
            "reinvestment_rate": null,
            "research_to_sale_ratio": null,
            "price_fair": 0,
            "eps_avg_yearly": 0,
            "eps_latest_yearly": 0,
            "eps_growth_yearly": 0
        },
        "20071": {
            "year_quarter": 20071,
            "year": 2007,
            "quarter": 1,
            "eps": null,
            "eps_growth_year": null,
            "eps_4q": null,
            "eps_4q_growth_year": null,
            "roe": null,
            "roe_4q": 0,
            "gross_profit": null,
            "gross_margin": null,
            "gross_margin_4q_avg": 0,
            "net_income": null,
            "revenue": null,
            "common_shares": null,
            "book_valuer_per_share": null,
            "book_valuer_per_share_4q_avg": 3.16,
            "equity": null,
            "current_ratio": null,
            "debt_ratio": null,
            "inventory_turnover_ratio": null,
            "account_receivable_turnover_ratio": null,
            "reinvestment_rate": null,
            "research_to_sale_ratio": null,
            "price_fair": 0,
            "eps_avg_yearly": 0,
            "eps_latest_yearly": 0,
            "eps_growth_yearly": 0
        },
        "20072": {
            "year_quarter": 20072,
            "year": 2007,
            "quarter": 2,
            "eps": null,
            "eps_growth_year": null,
            "eps_4q": null,
            "eps_4q_growth_year": null,
            "roe": null,
            "roe_4q": 0,
            "gross_profit": null,
            "gross_margin": null,
            "gross_margin_4q_avg": 0,
            "net_income": null,
            "revenue": null,
            "common_shares": null,
            "book_valuer_per_share": null,
            "book_valuer_per_share_4q_avg": 3.16,
            "equity": null,
            "current_ratio": null,
            "debt_ratio": null,
            "inventory_turnover_ratio": null,
            "account_receivable_turnover_ratio": null,
            "reinvestment_rate": null,
            "research_to_sale_ratio": null,
            "price_fair": 0,
            "eps_avg_yearly": 0,
            "eps_latest_yearly": 0,
            "eps_growth_yearly": 0
        },
        "20073": {
            "year_quarter": 20073,
            "year": 2007,
            "quarter": 3,
            "eps": null,
            "eps_growth_year": null,
            "eps_4q": null,
            "eps_4q_growth_year": null,
            "roe": null,
            "roe_4q": 0,
            "gross_profit": null,
            "gross_margin": null,
            "gross_margin_4q_avg": 0,
            "net_income": null,
            "revenue": null,
            "common_shares": null,
            "book_valuer_per_share": null,
            "book_valuer_per_share_4q_avg": 3.16,
            "equity": null,
            "current_ratio": null,
            "debt_ratio": null,
            "inventory_turnover_ratio": null,
            "account_receivable_turnover_ratio": null,
            "reinvestment_rate": null,
            "research_to_sale_ratio": null,
            "price_fair": 0,
            "eps_avg_yearly": 0,
            "eps_latest_yearly": 0,
            "eps_growth_yearly": 0
        },
        "20074": {
            "year_quarter": 20074,
            "year": 2007,
            "quarter": 4,
            "eps": null,
            "eps_growth_year": null,
            "eps_4q": null,
            "eps_4q_growth_year": null,
            "roe": null,
            "roe_4q": 0,
            "gross_profit": null,
            "gross_margin": null,
            "gross_margin_4q_avg": 0,
            "net_income": null,
            "revenue": null,
            "common_shares": 21000,
            "book_valuer_per_share": 19.8,
            "book_valuer_per_share_4q_avg": 4.95,
            "equity": 41578,
            "current_ratio": 65.36,
            "debt_ratio": 65.55,
            "inventory_turnover_ratio": null,
            "account_receivable_turnover_ratio": null,
            "reinvestment_rate": null,
            "research_to_sale_ratio": null,
            "price_fair": 0,
            "eps_avg_yearly": 0,
            "eps_latest_yearly": 0,
            "eps_growth_yearly": 0
        },
        "20081": {
            "year_quarter": 20081,
            "year": 2008,
            "quarter": 1,
            "eps": null,
            "eps_growth_year": null,
            "eps_4q": null,
            "eps_4q_growth_year": null,
            "roe": null,
            "roe_4q": 0,
            "gross_profit": null,
            "gross_margin": null,
            "gross_margin_4q_avg": 0,
            "net_income": null,
            "revenue": null,
            "common_shares": null,
            "book_valuer_per_share": null,
            "book_valuer_per_share_4q_avg": 4.95,
            "equity": null,
            "current_ratio": null,
            "debt_ratio": null,
            "inventory_turnover_ratio": null,
            "account_receivable_turnover_ratio": null,
            "reinvestment_rate": null,
            "research_to_sale_ratio": null,
            "price_fair": 0,
            "eps_avg_yearly": 0,
            "eps_latest_yearly": 0,
            "eps_growth_yearly": 0
        },
        "20082": {
            "year_quarter": 20082,
            "year": 2008,
            "quarter": 2,
            "eps": null,
            "eps_growth_year": null,
            "eps_4q": null,
            "eps_4q_growth_year": null,
            "roe": null,
            "roe_4q": 0,
            "gross_profit": null,
            "gross_margin": null,
            "gross_margin_4q_avg": 0,
            "net_income": null,
            "revenue": null,
            "common_shares": null,
            "book_valuer_per_share": null,
            "book_valuer_per_share_4q_avg": 4.95,
            "equity": null,
            "current_ratio": null,
            "debt_ratio": null,
            "inventory_turnover_ratio": null,
            "account_receivable_turnover_ratio": null,
            "reinvestment_rate": null,
            "research_to_sale_ratio": null,
            "price_fair": 0,
            "eps_avg_yearly": 0,
            "eps_latest_yearly": 0,
            "eps_growth_yearly": 0
        },
        "20083": {
            "year_quarter": 20083,
            "year": 2008,
            "quarter": 3,
            "eps": null,
            "eps_growth_year": null,
            "eps_4q": null,
            "eps_4q_growth_year": null,
            "roe": null,
            "roe_4q": 0,
            "gross_profit": null,
            "gross_margin": null,
            "gross_margin_4q_avg": 0,
            "net_income": null,
            "revenue": null,
            "common_shares": null,
            "book_valuer_per_share": null,
            "book_valuer_per_share_4q_avg": 4.95,
            "equity": null,
            "current_ratio": null,
            "debt_ratio": null,
            "inventory_turnover_ratio": null,
            "account_receivable_turnover_ratio": null,
            "reinvestment_rate": null,
            "research_to_sale_ratio": null,
            "price_fair": 0,
            "eps_avg_yearly": 0,
            "eps_latest_yearly": 0,
            "eps_growth_yearly": 0
        },
        "20084": {
            "year_quarter": 20084,
            "year": 2008,
            "quarter": 4,
            "eps": null,
            "eps_growth_year": null,
            "eps_4q": null,
            "eps_4q_growth_year": null,
            "roe": null,
            "roe_4q": 0,
            "gross_profit": null,
            "gross_margin": null,
            "gross_margin_4q_avg": 0,
            "net_income": null,
            "revenue": null,
            "common_shares": 80000,
            "book_valuer_per_share": 10.14,
            "book_valuer_per_share_4q_avg": 2.54,
            "equity": 81084,
            "current_ratio": 368.18,
            "debt_ratio": 17.71,
            "inventory_turnover_ratio": null,
            "account_receivable_turnover_ratio": null,
            "reinvestment_rate": null,
            "research_to_sale_ratio": null,
            "price_fair": 0,
            "eps_avg_yearly": 0,
            "eps_latest_yearly": 0,
            "eps_growth_yearly": 0
        },
        "20091": {
            "year_quarter": 20091,
            "year": 2009,
            "quarter": 1,
            "eps": null,
            "eps_growth_year": null,
            "eps_4q": null,
            "eps_4q_growth_year": null,
            "roe": null,
            "roe_4q": 0,
            "gross_profit": null,
            "gross_margin": null,
            "gross_margin_4q_avg": 0,
            "net_income": null,
            "revenue": null,
            "common_shares": null,
            "book_valuer_per_share": null,
            "book_valuer_per_share_4q_avg": 2.54,
            "equity": null,
            "current_ratio": null,
            "debt_ratio": null,
            "inventory_turnover_ratio": null,
            "account_receivable_turnover_ratio": null,
            "reinvestment_rate": null,
            "research_to_sale_ratio": null,
            "price_fair": 0,
            "eps_avg_yearly": 0,
            "eps_latest_yearly": 0,
            "eps_growth_yearly": 0
        },
        "20092": {
            "year_quarter": 20092,
            "year": 2009,
            "quarter": 2,
            "eps": null,
            "eps_growth_year": null,
            "eps_4q": null,
            "eps_4q_growth_year": null,
            "roe": null,
            "roe_4q": 0,
            "gross_profit": null,
            "gross_margin": null,
            "gross_margin_4q_avg": 0,
            "net_income": null,
            "revenue": null,
            "common_shares": null,
            "book_valuer_per_share": null,
            "book_valuer_per_share_4q_avg": 2.54,
            "equity": null,
            "current_ratio": null,
            "debt_ratio": null,
            "inventory_turnover_ratio": null,
            "account_receivable_turnover_ratio": null,
            "reinvestment_rate": null,
            "research_to_sale_ratio": null,
            "price_fair": 0,
            "eps_avg_yearly": 0,
            "eps_latest_yearly": 0,
            "eps_growth_yearly": 0
        },
        "20093": {
            "year_quarter": 20093,
            "year": 2009,
            "quarter": 3,
            "eps": null,
            "eps_growth_year": null,
            "eps_4q": null,
            "eps_4q_growth_year": null,
            "roe": null,
            "roe_4q": 0,
            "gross_profit": null,
            "gross_margin": null,
            "gross_margin_4q_avg": 0,
            "net_income": null,
            "revenue": null,
            "common_shares": null,
            "book_valuer_per_share": null,
            "book_valuer_per_share_4q_avg": 2.54,
            "equity": null,
            "current_ratio": null,
            "debt_ratio": null,
            "inventory_turnover_ratio": null,
            "account_receivable_turnover_ratio": null,
            "reinvestment_rate": null,
            "research_to_sale_ratio": null,
            "price_fair": 0,
            "eps_avg_yearly": 0,
            "eps_latest_yearly": 0,
            "eps_growth_yearly": 0
        },
        "20094": {
            "year_quarter": 20094,
            "year": 2009,
            "quarter": 4,
            "eps": null,
            "eps_growth_year": null,
            "eps_4q": null,
            "eps_4q_growth_year": null,
            "roe": null,
            "roe_4q": 0,
            "gross_profit": null,
            "gross_margin": null,
            "gross_margin_4q_avg": 0,
            "net_income": null,
            "revenue": null,
            "common_shares": 170000,
            "book_valuer_per_share": 12.03,
            "book_valuer_per_share_4q_avg": 3.01,
            "equity": 204554,
            "current_ratio": 189.2,
            "debt_ratio": 35.62,
            "inventory_turnover_ratio": null,
            "account_receivable_turnover_ratio": null,
            "reinvestment_rate": null,
            "research_to_sale_ratio": null,
            "price_fair": 0,
            "eps_avg_yearly": 0,
            "eps_latest_yearly": 0,
            "eps_growth_yearly": 0
        },
        "20101": {
            "year_quarter": 20101,
            "year": 2010,
            "quarter": 1,
            "eps": null,
            "eps_growth_year": null,
            "eps_4q": null,
            "eps_4q_growth_year": null,
            "roe": null,
            "roe_4q": 0,
            "gross_profit": null,
            "gross_margin": null,
            "gross_margin_4q_avg": 0,
            "net_income": null,
            "revenue": null,
            "common_shares": null,
            "book_valuer_per_share": null,
            "book_valuer_per_share_4q_avg": 3.01,
            "equity": null,
            "current_ratio": null,
            "debt_ratio": null,
            "inventory_turnover_ratio": null,
            "account_receivable_turnover_ratio": null,
            "reinvestment_rate": null,
            "research_to_sale_ratio": null,
            "price_fair": 0,
            "eps_avg_yearly": 0,
            "eps_latest_yearly": 0,
            "eps_growth_yearly": 0
        },
        "20102": {
            "year_quarter": 20102,
            "year": 2010,
            "quarter": 2,
            "eps": null,
            "eps_growth_year": null,
            "eps_4q": null,
            "eps_4q_growth_year": null,
            "roe": null,
            "roe_4q": 0,
            "gross_profit": null,
            "gross_margin": null,
            "gross_margin_4q_avg": 0,
            "net_income": null,
            "revenue": null,
            "common_shares": 264703,
            "book_valuer_per_share": null,
            "book_valuer_per_share_4q_avg": 3.01,
            "equity": 333037,
            "current_ratio": null,
            "debt_ratio": null,
            "inventory_turnover_ratio": null,
            "account_receivable_turnover_ratio": null,
            "reinvestment_rate": null,
            "research_to_sale_ratio": null,
            "price_fair": 0,
            "eps_avg_yearly": 0,
            "eps_latest_yearly": 0,
            "eps_growth_yearly": 0
        },
        "20103": {
            "year_quarter": 20103,
            "year": 2010,
            "quarter": 3,
            "eps": null,
            "eps_growth_year": null,
            "eps_4q": null,
            "eps_4q_growth_year": null,
            "roe": null,
            "roe_4q": 0,
            "gross_profit": null,
            "gross_margin": null,
            "gross_margin_4q_avg": 0,
            "net_income": null,
            "revenue": null,
            "common_shares": null,
            "book_valuer_per_share": null,
            "book_valuer_per_share_4q_avg": 3.01,
            "equity": null,
            "current_ratio": null,
            "debt_ratio": null,
            "inventory_turnover_ratio": null,
            "account_receivable_turnover_ratio": null,
            "reinvestment_rate": null,
            "research_to_sale_ratio": null,
            "price_fair": 0,
            "eps_avg_yearly": 0,
            "eps_latest_yearly": 0,
            "eps_growth_yearly": 0
        },
        "20104": {
            "year_quarter": 20104,
            "year": 2010,
            "quarter": 4,
            "eps": null,
            "eps_growth_year": null,
            "eps_4q": null,
            "eps_4q_growth_year": null,
            "roe": null,
            "roe_4q": 0,
            "gross_profit": null,
            "gross_margin": null,
            "gross_margin_4q_avg": 0,
            "net_income": null,
            "revenue": null,
            "common_shares": 310000,
            "book_valuer_per_share": 13.49,
            "book_valuer_per_share_4q_avg": 3.37,
            "equity": 418175,
            "current_ratio": 146.74,
            "debt_ratio": 37.72,
            "inventory_turnover_ratio": null,
            "account_receivable_turnover_ratio": null,
            "reinvestment_rate": null,
            "research_to_sale_ratio": null,
            "price_fair": 0,
            "eps_avg_yearly": 0,
            "eps_latest_yearly": 0,
            "eps_growth_yearly": 0
        },
        "20111": {
            "year_quarter": 20111,
            "year": 2011,
            "quarter": 1,
            "eps": null,
            "eps_growth_year": null,
            "eps_4q": null,
            "eps_4q_growth_year": null,
            "roe": null,
            "roe_4q": 0,
            "gross_profit": null,
            "gross_margin": null,
            "gross_margin_4q_avg": 0,
            "net_income": null,
            "revenue": null,
            "common_shares": null,
            "book_valuer_per_share": null,
            "book_valuer_per_share_4q_avg": 3.37,
            "equity": null,
            "current_ratio": null,
            "debt_ratio": null,
            "inventory_turnover_ratio": null,
            "account_receivable_turnover_ratio": null,
            "reinvestment_rate": null,
            "research_to_sale_ratio": null,
            "price_fair": 0,
            "eps_avg_yearly": 0,
            "eps_latest_yearly": 0,
            "eps_growth_yearly": 0
        },
        "20112": {
            "year_quarter": 20112,
            "year": 2011,
            "quarter": 2,
            "eps": null,
            "eps_growth_year": null,
            "eps_4q": null,
            "eps_4q_growth_year": null,
            "roe": null,
            "roe_4q": 0,
            "gross_profit": null,
            "gross_margin": null,
            "gross_margin_4q_avg": 0,
            "net_income": null,
            "revenue": null,
            "common_shares": 350000,
            "book_valuer_per_share": 14.04,
            "book_valuer_per_share_4q_avg": 6.88,
            "equity": 491504,
            "current_ratio": 109.85,
            "debt_ratio": 35.13,
            "inventory_turnover_ratio": null,
            "account_receivable_turnover_ratio": null,
            "reinvestment_rate": null,
            "research_to_sale_ratio": null,
            "price_fair": 0,
            "eps_avg_yearly": 0,
            "eps_latest_yearly": 0,
            "eps_growth_yearly": 0
        },
        "20113": {
            "year_quarter": 20113,
            "year": 2011,
            "quarter": 3,
            "eps": null,
            "eps_growth_year": null,
            "eps_4q": null,
            "eps_4q_growth_year": null,
            "roe": null,
            "roe_4q": 0,
            "gross_profit": null,
            "gross_margin": null,
            "gross_margin_4q_avg": 0,
            "net_income": null,
            "revenue": null,
            "common_shares": null,
            "book_valuer_per_share": null,
            "book_valuer_per_share_4q_avg": 6.88,
            "equity": null,
            "current_ratio": null,
            "debt_ratio": null,
            "inventory_turnover_ratio": null,
            "account_receivable_turnover_ratio": null,
            "reinvestment_rate": null,
            "research_to_sale_ratio": null,
            "price_fair": 0,
            "eps_avg_yearly": 0,
            "eps_latest_yearly": 0,
            "eps_growth_yearly": 0
        },
        "20114": {
            "year_quarter": 20114,
            "year": 2011,
            "quarter": 4,
            "eps": null,
            "eps_growth_year": null,
            "eps_4q": null,
            "eps_4q_growth_year": null,
            "roe": null,
            "roe_4q": 0,
            "gross_profit": null,
            "gross_margin": null,
            "gross_margin_4q_avg": 0,
            "net_income": null,
            "revenue": null,
            "common_shares": 357000,
            "book_valuer_per_share": 13.16,
            "book_valuer_per_share_4q_avg": 6.8,
            "equity": 469984,
            "current_ratio": 118,
            "debt_ratio": 31.01,
            "inventory_turnover_ratio": null,
            "account_receivable_turnover_ratio": null,
            "reinvestment_rate": null,
            "research_to_sale_ratio": null,
            "price_fair": 0,
            "eps_avg_yearly": 0,
            "eps_latest_yearly": 0,
            "eps_growth_yearly": 0
        },
        "20121": {
            "year_quarter": 20121,
            "year": 2012,
            "quarter": 1,
            "eps": null,
            "eps_growth_year": null,
            "eps_4q": null,
            "eps_4q_growth_year": null,
            "roe": null,
            "roe_4q": 0,
            "gross_profit": null,
            "gross_margin": null,
            "gross_margin_4q_avg": 0,
            "net_income": null,
            "revenue": null,
            "common_shares": null,
            "book_valuer_per_share": null,
            "book_valuer_per_share_4q_avg": 6.8,
            "equity": null,
            "current_ratio": null,
            "debt_ratio": null,
            "inventory_turnover_ratio": null,
            "account_receivable_turnover_ratio": null,
            "reinvestment_rate": null,
            "research_to_sale_ratio": null,
            "price_fair": 0,
            "eps_avg_yearly": 0,
            "eps_latest_yearly": 0,
            "eps_growth_yearly": 0
        },
        "20122": {
            "year_quarter": 20122,
            "year": 2012,
            "quarter": 2,
            "eps": null,
            "eps_growth_year": null,
            "eps_4q": null,
            "eps_4q_growth_year": null,
            "roe": null,
            "roe_4q": 0,
            "gross_profit": null,
            "gross_margin": null,
            "gross_margin_4q_avg": 0,
            "net_income": null,
            "revenue": null,
            "common_shares": 357000,
            "book_valuer_per_share": 12.95,
            "book_valuer_per_share_4q_avg": 6.53,
            "equity": 462177,
            "current_ratio": 133.6,
            "debt_ratio": 31.6,
            "inventory_turnover_ratio": null,
            "account_receivable_turnover_ratio": null,
            "reinvestment_rate": null,
            "research_to_sale_ratio": null,
            "price_fair": 0,
            "eps_avg_yearly": 0,
            "eps_latest_yearly": 0,
            "eps_growth_yearly": 0
        },
        "20123": {
            "year_quarter": 20123,
            "year": 2012,
            "quarter": 3,
            "eps": null,
            "eps_growth_year": null,
            "eps_4q": null,
            "eps_4q_growth_year": null,
            "roe": null,
            "roe_4q": 0,
            "gross_profit": null,
            "gross_margin": null,
            "gross_margin_4q_avg": 0,
            "net_income": null,
            "revenue": null,
            "common_shares": null,
            "book_valuer_per_share": null,
            "book_valuer_per_share_4q_avg": 6.53,
            "equity": null,
            "current_ratio": null,
            "debt_ratio": null,
            "inventory_turnover_ratio": null,
            "account_receivable_turnover_ratio": null,
            "reinvestment_rate": null,
            "research_to_sale_ratio": null,
            "price_fair": 0,
            "eps_avg_yearly": 0,
            "eps_latest_yearly": 0,
            "eps_growth_yearly": 0
        },
        "20124": {
            "year_quarter": 20124,
            "year": 2012,
            "quarter": 4,
            "eps": null,
            "eps_growth_year": null,
            "eps_4q": null,
            "eps_4q_growth_year": null,
            "roe": null,
            "roe_4q": 0,
            "gross_profit": null,
            "gross_margin": null,
            "gross_margin_4q_avg": 0,
            "net_income": null,
            "revenue": null,
            "common_shares": 357000,
            "book_valuer_per_share": 12.08,
            "book_valuer_per_share_4q_avg": 6.26,
            "equity": 431103,
            "current_ratio": 135.89,
            "debt_ratio": 32.2,
            "inventory_turnover_ratio": null,
            "account_receivable_turnover_ratio": null,
            "reinvestment_rate": null,
            "research_to_sale_ratio": null,
            "price_fair": 0,
            "eps_avg_yearly": 0,
            "eps_latest_yearly": 0,
            "eps_growth_yearly": 0
        },
        "20131": {
            "year_quarter": 20131,
            "year": 2013,
            "quarter": 1,
            "eps": null,
            "eps_growth_year": null,
            "eps_4q": null,
            "eps_4q_growth_year": null,
            "roe": null,
            "roe_4q": 0,
            "gross_profit": null,
            "gross_margin": null,
            "gross_margin_4q_avg": 0,
            "net_income": null,
            "revenue": null,
            "common_shares": null,
            "book_valuer_per_share": null,
            "book_valuer_per_share_4q_avg": 6.26,
            "equity": null,
            "current_ratio": null,
            "debt_ratio": null,
            "inventory_turnover_ratio": null,
            "account_receivable_turnover_ratio": null,
            "reinvestment_rate": null,
            "research_to_sale_ratio": null,
            "price_fair": 0,
            "eps_avg_yearly": 0,
            "eps_latest_yearly": 0,
            "eps_growth_yearly": 0
        },
        "20132": {
            "year_quarter": 20132,
            "year": 2013,
            "quarter": 2,
            "eps": null,
            "eps_growth_year": null,
            "eps_4q": null,
            "eps_4q_growth_year": null,
            "roe": null,
            "roe_4q": 0,
            "gross_profit": null,
            "gross_margin": null,
            "gross_margin_4q_avg": 0,
            "net_income": null,
            "revenue": null,
            "common_shares": 357000,
            "book_valuer_per_share": 12.15,
            "book_valuer_per_share_4q_avg": 6.06,
            "equity": 433881,
            "current_ratio": 147.15,
            "debt_ratio": 36.41,
            "inventory_turnover_ratio": null,
            "account_receivable_turnover_ratio": null,
            "reinvestment_rate": null,
            "research_to_sale_ratio": null,
            "price_fair": 0,
            "eps_avg_yearly": 0,
            "eps_latest_yearly": 0,
            "eps_growth_yearly": 0
        },
        "20133": {
            "year_quarter": 20133,
            "year": 2013,
            "quarter": 3,
            "eps": null,
            "eps_growth_year": null,
            "eps_4q": null,
            "eps_4q_growth_year": null,
            "roe": null,
            "roe_4q": 0,
            "gross_profit": 37727,
            "gross_margin": null,
            "gross_margin_4q_avg": 0,
            "net_income": 5520,
            "revenue": 225372,
            "common_shares": 357000,
            "book_valuer_per_share": 12.31,
            "book_valuer_per_share_4q_avg": 9.14,
            "equity": 439401,
            "current_ratio": 162.54,
            "debt_ratio": 34.42,
            "inventory_turnover_ratio": null,
            "account_receivable_turnover_ratio": null,
            "reinvestment_rate": null,
            "research_to_sale_ratio": null,
            "price_fair": 0,
            "eps_avg_yearly": 0,
            "eps_latest_yearly": 0,
            "eps_growth_yearly": 0
        },
        "20134": {
            "year_quarter": 20134,
            "year": 2013,
            "quarter": 4,
            "eps": null,
            "eps_growth_year": null,
            "eps_4q": null,
            "eps_4q_growth_year": null,
            "roe": null,
            "roe_4q": 0,
            "gross_profit": 43327,
            "gross_margin": null,
            "gross_margin_4q_avg": 0,
            "net_income": 13919,
            "revenue": 232827,
            "common_shares": 357000,
            "book_valuer_per_share": 12.7,
            "book_valuer_per_share_4q_avg": 9.29,
            "equity": 453320,
            "current_ratio": 191.96,
            "debt_ratio": 30.78,
            "inventory_turnover_ratio": null,
            "account_receivable_turnover_ratio": null,
            "reinvestment_rate": null,
            "research_to_sale_ratio": null,
            "price_fair": 0,
            "eps_avg_yearly": 0,
            "eps_latest_yearly": 0,
            "eps_growth_yearly": 0
        },
        "20141": {
            "year_quarter": 20141,
            "year": 2014,
            "quarter": 1,
            "eps": null,
            "eps_growth_year": null,
            "eps_4q": null,
            "eps_4q_growth_year": null,
            "roe": null,
            "roe_4q": 0,
            "gross_profit": 55793,
            "gross_margin": null,
            "gross_margin_4q_avg": 0,
            "net_income": 25050,
            "revenue": 244394,
            "common_shares": 357000,
            "book_valuer_per_share": 12.9,
            "book_valuer_per_share_4q_avg": 12.52,
            "equity": 460364,
            "current_ratio": 204.62,
            "debt_ratio": 30.64,
            "inventory_turnover_ratio": null,
            "account_receivable_turnover_ratio": null,
            "reinvestment_rate": null,
            "research_to_sale_ratio": null,
            "price_fair": 0,
            "eps_avg_yearly": 0,
            "eps_latest_yearly": 0,
            "eps_growth_yearly": 0
        },
        "20142": {
            "year_quarter": 20142,
            "year": 2014,
            "quarter": 2,
            "eps": 0.55,
            "eps_growth_year": null,
            "eps_4q": 0.55,
            "eps_4q_growth_year": null,
            "roe": 4.19,
            "roe_4q": 4.19,
            "gross_profit": 57589,
            "gross_margin": 25.54,
            "gross_margin_4q_avg": 6.39,
            "net_income": 19274,
            "revenue": 225469,
            "common_shares": 357000,
            "book_valuer_per_share": 13.11,
            "book_valuer_per_share_4q_avg": 12.76,
            "equity": 460333,
            "current_ratio": 213.74,
            "debt_ratio": 29.17,
            "inventory_turnover_ratio": 1.32,
            "account_receivable_turnover_ratio": 3.56,
            "reinvestment_rate": null,
            "research_to_sale_ratio": null,
            "price_fair": 0,
            "eps_avg_yearly": 0,
            "eps_latest_yearly": 0,
            "eps_growth_yearly": 0
        },
        "20143": {
            "year_quarter": 20143,
            "year": 2014,
            "quarter": 3,
            "eps": 0.77,
            "eps_growth_year": null,
            "eps_4q": 1.29,
            "eps_4q_growth_year": null,
            "roe": 5.78,
            "roe_4q": 9.97,
            "gross_profit": 65522,
            "gross_margin": 26.87,
            "gross_margin_4q_avg": 13.1,
            "net_income": 26625,
            "revenue": 243834,
            "common_shares": 357000,
            "book_valuer_per_share": 12.92,
            "book_valuer_per_share_4q_avg": 12.91,
            "equity": 461300,
            "current_ratio": 223.96,
            "debt_ratio": 28.88,
            "inventory_turnover_ratio": 1.4,
            "account_receivable_turnover_ratio": 1.9,
            "reinvestment_rate": null,
            "research_to_sale_ratio": 4.52,
            "price_fair": 107.8,
            "eps_avg_yearly": 3.08,
            "eps_latest_yearly": 3.08,
            "eps_growth_yearly": 160
        },
        "20144": {
            "year_quarter": 20144,
            "year": 2014,
            "quarter": 4,
            "eps": 0.77,
            "eps_growth_year": null,
            "eps_4q": 2.1,
            "eps_4q_growth_year": null,
            "roe": 5.62,
            "roe_4q": 15.59,
            "gross_profit": 71668,
            "gross_margin": 29.13,
            "gross_margin_4q_avg": 20.39,
            "net_income": 26509,
            "revenue": 246011,
            "common_shares": 357000,
            "book_valuer_per_share": 14.04,
            "book_valuer_per_share_4q_avg": 13.24,
            "equity": 482913,
            "current_ratio": 222.82,
            "debt_ratio": 30.59,
            "inventory_turnover_ratio": 1.31,
            "account_receivable_turnover_ratio": 1.88,
            "reinvestment_rate": null,
            "research_to_sale_ratio": 5.66,
            "price_fair": 107.8,
            "eps_avg_yearly": 3.08,
            "eps_latest_yearly": 3.08,
            "eps_growth_yearly": 80
        },
        "20151": {
            "year_quarter": 20151,
            "year": 2015,
            "quarter": 1,
            "eps": 0.6,
            "eps_growth_year": null,
            "eps_4q": 2.7,
            "eps_4q_growth_year": null,
            "roe": 4.16,
            "roe_4q": 19.750000000000004,
            "gross_profit": 66234,
            "gross_margin": 29.8,
            "gross_margin_4q_avg": 27.84,
            "net_income": 20504,
            "revenue": 222245,
            "common_shares": 357000,
            "book_valuer_per_share": 14.63,
            "book_valuer_per_share_4q_avg": 13.68,
            "equity": 503417,
            "current_ratio": 227.52,
            "debt_ratio": 29.96,
            "inventory_turnover_ratio": 1.06,
            "account_receivable_turnover_ratio": 1.9,
            "reinvestment_rate": null,
            "research_to_sale_ratio": 7.22,
            "price_fair": 96.72,
            "eps_avg_yearly": 2.85,
            "eps_latest_yearly": 2.4,
            "eps_growth_yearly": 23.9
        },
        "20152": {
            "year_quarter": 20152,
            "year": 2015,
            "quarter": 2,
            "eps": 0.66,
            "eps_growth_year": 20.19,
            "eps_4q": 2.53,
            "eps_4q_growth_year": 359.84,
            "roe": 4.4,
            "roe_4q": 19.96,
            "gross_profit": 71315,
            "gross_margin": 27.44,
            "gross_margin_4q_avg": 28.31,
            "net_income": 24612,
            "revenue": 259877,
            "common_shares": 404600,
            "book_valuer_per_share": 15.84,
            "book_valuer_per_share_4q_avg": 14.36,
            "equity": 616395,
            "current_ratio": 223.25,
            "debt_ratio": 33.28,
            "inventory_turnover_ratio": 1.13,
            "account_receivable_turnover_ratio": 2.39,
            "reinvestment_rate": null,
            "research_to_sale_ratio": 5.98,
            "price_fair": 98,
            "eps_avg_yearly": 2.8,
            "eps_latest_yearly": 2.64,
            "eps_growth_yearly": 27.92
        },
        "20153": {
            "year_quarter": 20153,
            "year": 2015,
            "quarter": 3,
            "eps": 1.43,
            "eps_growth_year": 85.71,
            "eps_4q": 3.27,
            "eps_4q_growth_year": 154.69,
            "roe": 8.61,
            "roe_4q": 22.790000000000003,
            "gross_profit": 111817,
            "gross_margin": 29.39,
            "gross_margin_4q_avg": 28.94,
            "net_income": 54972,
            "revenue": 380466,
            "common_shares": 404600,
            "book_valuer_per_share": 17.1,
            "book_valuer_per_share_4q_avg": 15.4,
            "equity": 661070,
            "current_ratio": 207.11,
            "debt_ratio": 36.1,
            "inventory_turnover_ratio": 1.46,
            "account_receivable_turnover_ratio": 3.12,
            "reinvestment_rate": null,
            "research_to_sale_ratio": 5.83,
            "price_fair": 118.44,
            "eps_avg_yearly": 3.38,
            "eps_latest_yearly": 5.72,
            "eps_growth_yearly": 115.67
        },
        "20154": {
            "year_quarter": 20154,
            "year": 2015,
            "quarter": 4,
            "eps": 1.15,
            "eps_growth_year": 49.84,
            "eps_4q": 3.74,
            "eps_4q_growth_year": 77.85,
            "roe": 6.53,
            "roe_4q": 23.7,
            "gross_profit": 124152,
            "gross_margin": 29.42,
            "gross_margin_4q_avg": 29.01,
            "net_income": 44640,
            "revenue": 422062,
            "common_shares": 404600,
            "book_valuer_per_share": 18.25,
            "book_valuer_per_share_4q_avg": 16.46,
            "equity": 705710,
            "current_ratio": 204.12,
            "debt_ratio": 35.63,
            "inventory_turnover_ratio": 1.58,
            "account_receivable_turnover_ratio": 3.44,
            "reinvestment_rate": null,
            "research_to_sale_ratio": 5.87,
            "price_fair": 125.53,
            "eps_avg_yearly": 3.59,
            "eps_latest_yearly": 4.6,
            "eps_growth_yearly": 83.34
        },
        "20161": {
            "year_quarter": 20161,
            "year": 2016,
            "quarter": 1,
            "eps": 1.98,
            "eps_growth_year": 230,
            "eps_4q": 5.2,
            "eps_4q_growth_year": 92.38,
            "roe": 10.3,
            "roe_4q": 29.840000000000003,
            "gross_profit": 158222,
            "gross_margin": 36.35,
            "gross_margin_4q_avg": 30.65,
            "net_income": 76651,
            "revenue": 435301,
            "common_shares": 404600,
            "book_valuer_per_share": 20.24,
            "book_valuer_per_share_4q_avg": 17.86,
            "equity": 782361,
            "current_ratio": 228.17,
            "debt_ratio": 31.16,
            "inventory_turnover_ratio": 1.42,
            "account_receivable_turnover_ratio": 3.16,
            "reinvestment_rate": null,
            "research_to_sale_ratio": 5.2,
            "price_fair": 147.2,
            "eps_avg_yearly": 4.21,
            "eps_latest_yearly": 7.92,
            "eps_growth_yearly": 112.68
        },
        "20162": {
            "year_quarter": 20162,
            "year": 2016,
            "quarter": 2,
            "eps": 1.68,
            "eps_growth_year": 154.55,
            "eps_4q": 5.83,
            "eps_4q_growth_year": 130.78,
            "roe": 9.26,
            "roe_4q": 34.7,
            "gross_profit": 138266,
            "gross_margin": 34.63,
            "gross_margin_4q_avg": 32.45,
            "net_income": 71553,
            "revenue": 399237,
            "common_shares": 404600,
            "book_valuer_per_share": 19.72,
            "book_valuer_per_share_4q_avg": 18.83,
            "equity": 762290,
            "current_ratio": 129.68,
            "debt_ratio": 36.78,
            "inventory_turnover_ratio": 1.32,
            "account_receivable_turnover_ratio": 2.53,
            "reinvestment_rate": null,
            "research_to_sale_ratio": 6.38,
            "price_fair": 158.2,
            "eps_avg_yearly": 4.52,
            "eps_latest_yearly": 6.72,
            "eps_growth_yearly": 91.02
        },
        "20163": {
            "year_quarter": 20163,
            "year": 2016,
            "quarter": 3,
            "eps": 1.25,
            "eps_growth_year": -12.59,
            "eps_4q": 5.79,
            "eps_4q_growth_year": 76.7,
            "roe": 6.75,
            "roe_4q": 32.839999999999996,
            "gross_profit": 125555,
            "gross_margin": 30.56,
            "gross_margin_4q_avg": 32.74,
            "net_income": 53223,
            "revenue": 410862,
            "common_shares": 443260,
            "book_valuer_per_share": 19.18,
            "book_valuer_per_share_4q_avg": 19.35,
            "equity": 815513,
            "current_ratio": 79.85,
            "debt_ratio": 45.34,
            "inventory_turnover_ratio": 1.53,
            "account_receivable_turnover_ratio": 2.39,
            "reinvestment_rate": null,
            "research_to_sale_ratio": 5.95,
            "price_fair": 160.07,
            "eps_avg_yearly": 4.57,
            "eps_latest_yearly": 5,
            "eps_growth_yearly": 69.53
        },
        "20164": {
            "year_quarter": 20164,
            "year": 2016,
            "quarter": 4,
            "eps": 1.29,
            "eps_growth_year": 11.35,
            "eps_4q": 6.02,
            "eps_4q_growth_year": 60.87,
            "roe": 6.49,
            "roe_4q": 32.8,
            "gross_profit": 133013,
            "gross_margin": 31.18,
            "gross_margin_4q_avg": 33.18,
            "net_income": 54676,
            "revenue": 426658,
            "common_shares": 443260,
            "book_valuer_per_share": 20.46,
            "book_valuer_per_share_4q_avg": 19.9,
            "equity": 870189,
            "current_ratio": 67.28,
            "debt_ratio": 48.13,
            "inventory_turnover_ratio": 1.68,
            "account_receivable_turnover_ratio": 1.99,
            "reinvestment_rate": null,
            "research_to_sale_ratio": 5.86,
            "price_fair": 162.12,
            "eps_avg_yearly": 4.63,
            "eps_latest_yearly": 5.16,
            "eps_growth_yearly": 63.85
        },
        "20171": {
            "year_quarter": 20171,
            "year": 2017,
            "quarter": 1,
            "eps": 1.56,
            "eps_growth_year": -21.21,
            "eps_4q": 5.44,
            "eps_4q_growth_year": 4.63,
            "roe": 6.43,
            "roe_4q": 28.93,
            "gross_profit": 152906,
            "gross_margin": 35.15,
            "gross_margin_4q_avg": 32.88,
            "net_income": 68042,
            "revenue": 435012,
            "common_shares": 473260,
            "book_valuer_per_share": 27.36,
            "book_valuer_per_share_4q_avg": 21.68,
            "equity": 1245531,
            "current_ratio": 108.06,
            "debt_ratio": 34.64,
            "inventory_turnover_ratio": 1.61,
            "account_receivable_turnover_ratio": 1.94,
            "reinvestment_rate": null,
            "research_to_sale_ratio": 6,
            "price_fair": 167.24,
            "eps_avg_yearly": 4.78,
            "eps_latest_yearly": 6.24,
            "eps_growth_yearly": 65.66
        },
        "20172": {
            "year_quarter": 20172,
            "year": 2017,
            "quarter": 2,
            "eps": 1.31,
            "eps_growth_year": -22.02,
            "eps_4q": 5.17,
            "eps_4q_growth_year": -11.28,
            "roe": 5.12,
            "roe_4q": 24.79,
            "gross_profit": 146341,
            "gross_margin": 31.09,
            "gross_margin_4q_avg": 32,
            "net_income": 59424,
            "revenue": 470681,
            "common_shares": 473260,
            "book_valuer_per_share": 23.66,
            "book_valuer_per_share_4q_avg": 22.67,
            "equity": 1077325,
            "current_ratio": 79.99,
            "debt_ratio": 39.56,
            "inventory_turnover_ratio": 1.72,
            "account_receivable_turnover_ratio": 2.3,
            "reinvestment_rate": 39.27,
            "research_to_sale_ratio": 6.48,
            "price_fair": 168.58,
            "eps_avg_yearly": 4.82,
            "eps_latest_yearly": 5.24,
            "eps_growth_yearly": 54.85
        },
        "20173": {
            "year_quarter": 20173,
            "year": 2017,
            "quarter": 3,
            "eps": 1.69,
            "eps_growth_year": 35.2,
            "eps_4q": 5.69,
            "eps_4q_growth_year": -1.67,
            "roe": 6.89,
            "roe_4q": 24.93,
            "gross_profit": 164478,
            "gross_margin": 29.71,
            "gross_margin_4q_avg": 31.78,
            "net_income": 76879,
            "revenue": 553668,
            "common_shares": 473260,
            "book_valuer_per_share": 25.35,
            "book_valuer_per_share_4q_avg": 24.21,
            "equity": 1154204,
            "current_ratio": 96.46,
            "debt_ratio": 38.74,
            "inventory_turnover_ratio": 1.94,
            "account_receivable_turnover_ratio": 2.72,
            "reinvestment_rate": 103.86,
            "research_to_sale_ratio": 4.53,
            "price_fair": 173.82,
            "eps_avg_yearly": 4.97,
            "eps_latest_yearly": 6.76,
            "eps_growth_yearly": 59.55
        },
        "20174": {
            "year_quarter": 20174,
            "year": 2017,
            "quarter": 4,
            "eps": 1.61,
            "eps_growth_year": 25.21,
            "eps_4q": 6.1,
            "eps_4q_growth_year": 1.26,
            "roe": 6.15,
            "roe_4q": 24.59,
            "gross_profit": 161829,
            "gross_margin": 29.7,
            "gross_margin_4q_avg": 31.41,
            "net_income": 73292,
            "revenue": 544932,
            "common_shares": 466260,
            "book_valuer_per_share": 26.96,
            "book_valuer_per_share_4q_avg": 25.83,
            "equity": 1227496,
            "current_ratio": 105.16,
            "debt_ratio": 34.65,
            "inventory_turnover_ratio": 1.8,
            "account_receivable_turnover_ratio": 2.77,
            "reinvestment_rate": 107.74,
            "research_to_sale_ratio": 5.42,
            "price_fair": 177.5,
            "eps_avg_yearly": 5.07,
            "eps_latest_yearly": 6.44,
            "eps_growth_yearly": 53.95
        },
        "20181": {
            "year_quarter": 20181,
            "year": 2018,
            "quarter": 1,
            "eps": 1.22,
            "eps_growth_year": -21.79,
            "eps_4q": 5.82,
            "eps_4q_growth_year": 7.12,
            "roe": 4.42,
            "roe_4q": 22.580000000000002,
            "gross_profit": 139235,
            "gross_margin": 32.52,
            "gross_margin_4q_avg": 30.76,
            "net_income": 55524,
            "revenue": 428108,
            "common_shares": 466260,
            "book_valuer_per_share": 28.18,
            "book_valuer_per_share_4q_avg": 26.04,
            "equity": 1283020,
            "current_ratio": 119.48,
            "debt_ratio": 33.77,
            "inventory_turnover_ratio": 1.14,
            "account_receivable_turnover_ratio": 2.39,
            "reinvestment_rate": 121.72,
            "research_to_sale_ratio": 6.63,
            "price_fair": 177.05,
            "eps_avg_yearly": 5.06,
            "eps_latest_yearly": 4.88,
            "eps_growth_yearly": 43.89
        },
        "20182": {
            "year_quarter": 20182,
            "year": 2018,
            "quarter": 2,
            "eps": 0.74,
            "eps_growth_year": -43.51,
            "eps_4q": 5.26,
            "eps_4q_growth_year": 1.7,
            "roe": 2.84,
            "roe_4q": 20.3,
            "gross_profit": 107946,
            "gross_margin": 23.97,
            "gross_margin_4q_avg": 28.98,
            "net_income": 33677,
            "revenue": 450307,
            "common_shares": 466260,
            "book_valuer_per_share": 23.92,
            "book_valuer_per_share_4q_avg": 26.1,
            "equity": 1089067,
            "current_ratio": 95.21,
            "debt_ratio": 43.71,
            "inventory_turnover_ratio": 1.25,
            "account_receivable_turnover_ratio": 2.49,
            "reinvestment_rate": 119.52,
            "research_to_sale_ratio": 7.57,
            "price_fair": 172.46,
            "eps_avg_yearly": 4.93,
            "eps_latest_yearly": 2.96,
            "eps_growth_yearly": 31.31
        },
        "20183": {
            "year_quarter": 20183,
            "year": 2018,
            "quarter": 3,
            "eps": 0.56,
            "eps_growth_year": -66.86,
            "eps_4q": 4.15,
            "eps_4q_growth_year": -27.09,
            "roe": 2.34,
            "roe_4q": 15.75,
            "gross_profit": 108977,
            "gross_margin": 27.01,
            "gross_margin_4q_avg": 28.3,
            "net_income": 25639,
            "revenue": 403414,
            "common_shares": 455260,
            "book_valuer_per_share": 24.35,
            "book_valuer_per_share_4q_avg": 25.85,
            "equity": 1104511,
            "current_ratio": 94.1,
            "debt_ratio": 41.34,
            "inventory_turnover_ratio": 1.11,
            "account_receivable_turnover_ratio": 1.94,
            "reinvestment_rate": 119.71,
            "research_to_sale_ratio": 8.74,
            "price_fair": 123,
            "eps_avg_yearly": 4.88,
            "eps_latest_yearly": 2.24,
            "eps_growth_yearly": 15.23
        },
        "20184": {
            "year_quarter": 20184,
            "year": 2018,
            "quarter": 4,
            "eps": 0.55,
            "eps_growth_year": -65.96,
            "eps_4q": 3.1,
            "eps_4q_growth_year": -49.16,
            "roe": 2.23,
            "roe_4q": 11.83,
            "gross_profit": 102047,
            "gross_margin": 24.99,
            "gross_margin_4q_avg": 27.12,
            "net_income": 24652,
            "revenue": 408293,
            "common_shares": 455260,
            "book_valuer_per_share": 24.7,
            "book_valuer_per_share_4q_avg": 25.29,
            "equity": 1111171,
            "current_ratio": 94.7,
            "debt_ratio": 42.95,
            "inventory_turnover_ratio": 1.14,
            "account_receivable_turnover_ratio": 1.86,
            "reinvestment_rate": 120.41,
            "research_to_sale_ratio": 7.22,
            "price_fair": 119.46,
            "eps_avg_yearly": 4.82,
            "eps_latest_yearly": 2.2,
            "eps_growth_yearly": 14.78
        },
        "20191": {
            "year_quarter": 20191,
            "year": 2019,
            "quarter": 1,
            "eps": -0.2,
            "eps_growth_year": -116.39,
            "eps_4q": 1.66,
            "eps_4q_growth_year": -71.45,
            "roe": -0.83,
            "roe_4q": 6.58,
            "gross_profit": 38004,
            "gross_margin": 10.95,
            "gross_margin_4q_avg": 21.73,
            "net_income": -9165,
            "revenue": 347013,
            "common_shares": 449900,
            "book_valuer_per_share": 24.3,
            "book_valuer_per_share_4q_avg": 24.32,
            "equity": 1093207,
            "current_ratio": 97.06,
            "debt_ratio": 45.49,
            "inventory_turnover_ratio": 1.25,
            "account_receivable_turnover_ratio": 1.68,
            "reinvestment_rate": 123.52,
            "research_to_sale_ratio": 6.42,
            "price_fair": 157.69,
            "eps_avg_yearly": 4.98,
            "eps_latest_yearly": 2.2,
            "eps_growth_yearly": 21.66
        },
        "20192": {
            "year_quarter": 20192,
            "year": 2019,
            "quarter": 2,
            "eps": 0,
            "eps_growth_year": -100,
            "eps_4q": 0.92,
            "eps_4q_growth_year": -82.53,
            "roe": 0.02,
            "roe_4q": 3.76,
            "gross_profit": 55947,
            "gross_margin": 16.01,
            "gross_margin_4q_avg": 19.74,
            "net_income": 209,
            "revenue": 349418,
            "common_shares": 449900,
            "book_valuer_per_share": 22.8,
            "book_valuer_per_share_4q_avg": 24.04,
            "equity": 1025932,
            "current_ratio": 88.72,
            "debt_ratio": 46.16,
            "inventory_turnover_ratio": 1.35,
            "account_receivable_turnover_ratio": 1.89,
            "reinvestment_rate": 126.97,
            "research_to_sale_ratio": 6.76,
            "price_fair": 156.24,
            "eps_avg_yearly": 5.15,
            "eps_latest_yearly": 2.2,
            "eps_growth_yearly": 20.35
        },
        "20193": {
            "year_quarter": 20193,
            "year": 2019,
            "quarter": 3,
            "eps": 0.49,
            "eps_growth_year": -12.5,
            "eps_4q": 0.84,
            "eps_4q_growth_year": -79.75,
            "roe": 2.13,
            "roe_4q": 3.55,
            "gross_profit": 84183,
            "gross_margin": 23.9,
            "gross_margin_4q_avg": 18.96,
            "net_income": 22091,
            "revenue": 352231,
            "common_shares": 449900,
            "book_valuer_per_share": 23.29,
            "book_valuer_per_share_4q_avg": 23.77,
            "equity": 1048023,
            "current_ratio": 95.83,
            "debt_ratio": 43.54,
            "inventory_turnover_ratio": 1.34,
            "account_receivable_turnover_ratio": 2.08,
            "reinvestment_rate": 131.03,
            "research_to_sale_ratio": 8.53,
            "price_fair": 15.31,
            "eps_avg_yearly": 5.1,
            "eps_latest_yearly": 2.2,
            "eps_growth_yearly": -13.99
        },
        "20194": {
            "year_quarter": 20194,
            "year": 2019,
            "quarter": 4,
            "eps": 0.06,
            "eps_growth_year": -89.12,
            "eps_4q": 0.35,
            "eps_4q_growth_year": -88.66,
            "roe": 0.26,
            "roe_4q": 1.5799999999999996,
            "gross_profit": 57565,
            "gross_margin": 18.75,
            "gross_margin_4q_avg": 17.4,
            "net_income": 2682,
            "revenue": 307015,
            "common_shares": 449900,
            "book_valuer_per_share": 23.35,
            "book_valuer_per_share_4q_avg": 23.44,
            "equity": 1050705,
            "current_ratio": 101.24,
            "debt_ratio": 41.65,
            "inventory_turnover_ratio": 1.34,
            "account_receivable_turnover_ratio": 1.81,
            "reinvestment_rate": 136.22,
            "research_to_sale_ratio": 8.82,
            "price_fair": 14.31,
            "eps_avg_yearly": 4.77,
            "eps_latest_yearly": 0.24,
            "eps_growth_yearly": -34.96
        },
        "20201": {
            "year_quarter": 20201,
            "year": 2020,
            "quarter": 1,
            "eps": 0.21,
            "eps_growth_year": null,
            "eps_4q": 0.76,
            "eps_4q_growth_year": -54.08,
            "roe": 0.89,
            "roe_4q": 3.3,
            "gross_profit": 63315,
            "gross_margin": 23.79,
            "gross_margin_4q_avg": 20.61,
            "net_income": 9371,
            "revenue": 266148,
            "common_shares": 449900,
            "book_valuer_per_share": 23.56,
            "book_valuer_per_share_4q_avg": 23.25,
            "equity": 1060076,
            "current_ratio": 100.21,
            "debt_ratio": 40.99,
            "inventory_turnover_ratio": 1.05,
            "account_receivable_turnover_ratio": 1.65,
            "reinvestment_rate": 142.81,
            "research_to_sale_ratio": 9.33,
            "price_fair": 125.7,
            "eps_avg_yearly": 4.22,
            "eps_latest_yearly": 0.84,
            "eps_growth_yearly": 19.75
        },
        "20202": {
            "year_quarter": 20202,
            "year": 2020,
            "quarter": 2,
            "eps": 0.63,
            "eps_growth_year": null,
            "eps_4q": 1.39,
            "eps_4q_growth_year": 51.7,
            "roe": 2.68,
            "roe_4q": 5.96,
            "gross_profit": 84364,
            "gross_margin": 20.29,
            "gross_margin_4q_avg": 21.68,
            "net_income": 28561,
            "revenue": 415772,
            "common_shares": 449900,
            "book_valuer_per_share": 23.77,
            "book_valuer_per_share_4q_avg": 23.49,
            "equity": 1069291,
            "current_ratio": 102.81,
            "debt_ratio": 41.03,
            "inventory_turnover_ratio": 1.76,
            "account_receivable_turnover_ratio": 2.17,
            "reinvestment_rate": 144.2,
            "research_to_sale_ratio": 7.27,
            "price_fair": 136.55,
            "eps_avg_yearly": 3.9,
            "eps_latest_yearly": 2.52,
            "eps_growth_yearly": 85.95
        },
        "20203": {
            "year_quarter": 20203,
            "year": 2020,
            "quarter": 3,
            "eps": 0.38,
            "eps_growth_year": -22.45,
            "eps_4q": 1.28,
            "eps_4q_growth_year": 52.61,
            "roe": 1.58,
            "roe_4q": 5.409999999999999,
            "gross_profit": 83072,
            "gross_margin": 23.1,
            "gross_margin_4q_avg": 21.48,
            "net_income": 17051,
            "revenue": 359645,
            "common_shares": 449900,
            "book_valuer_per_share": 24.15,
            "book_valuer_per_share_4q_avg": 23.71,
            "equity": 1086342,
            "current_ratio": 107.85,
            "debt_ratio": 36.74,
            "inventory_turnover_ratio": 1.75,
            "account_receivable_turnover_ratio": 1.9,
            "reinvestment_rate": 147.44,
            "research_to_sale_ratio": 9.12,
            "price_fair": 127.18,
            "eps_avg_yearly": 3.63,
            "eps_latest_yearly": 1.52,
            "eps_growth_yearly": 81.62
        },
        "20204": {
            "year_quarter": 20204,
            "year": 2020,
            "quarter": 4,
            "eps": 0.77,
            "eps_growth_year": 1188.33,
            "eps_4q": 1.99,
            "eps_4q_growth_year": 466.07,
            "roe": 3.13,
            "roe_4q": 8.280000000000001,
            "gross_profit": 100982,
            "gross_margin": 29.07,
            "gross_margin_4q_avg": 24.06,
            "net_income": 34553,
            "revenue": 347317,
            "common_shares": 449900,
            "book_valuer_per_share": 24.91,
            "book_valuer_per_share_4q_avg": 24.1,
            "equity": 1120895,
            "current_ratio": 116.71,
            "debt_ratio": 31.98,
            "inventory_turnover_ratio": 1.69,
            "account_receivable_turnover_ratio": 2.12,
            "reinvestment_rate": 147.87,
            "research_to_sale_ratio": 10.2,
            "price_fair": 121.58,
            "eps_avg_yearly": 3.47,
            "eps_latest_yearly": 3.08,
            "eps_growth_yearly": 112.21
        },
        "20211": {
            "year_quarter": 20211,
            "year": 2021,
            "quarter": 1,
            "eps": 0.81,
            "eps_growth_year": 285.71,
            "eps_4q": 2.59,
            "eps_4q_growth_year": 239.78,
            "roe": 3.21,
            "roe_4q": 10.6,
            "gross_profit": 106312,
            "gross_margin": 30.08,
            "gross_margin_4q_avg": 25.64,
            "net_income": 36559,
            "revenue": 353439,
            "common_shares": 449900,
            "book_valuer_per_share": 25.73,
            "book_valuer_per_share_4q_avg": 24.64,
            "equity": 1157454,
            "current_ratio": 129.32,
            "debt_ratio": 29.92,
            "inventory_turnover_ratio": 1.68,
            "account_receivable_turnover_ratio": 1.96,
            "reinvestment_rate": 152.48,
            "research_to_sale_ratio": 8.86,
            "price_fair": 113.51,
            "eps_avg_yearly": 3.24,
            "eps_latest_yearly": 3.24,
            "eps_growth_yearly": 107.37
        },
        "20212": {
            "year_quarter": 20212,
            "year": 2021,
            "quarter": 2,
            "eps": 1,
            "eps_growth_year": 58.73,
            "eps_4q": 2.96,
            "eps_4q_growth_year": 112.39,
            "roe": 3.82,
            "roe_4q": 11.74,
            "gross_profit": 120106,
            "gross_margin": 33.92,
            "gross_margin_4q_avg": 29.04,
            "net_income": 45019,
            "revenue": 354106,
            "common_shares": 449900,
            "book_valuer_per_share": 26.73,
            "book_valuer_per_share_4q_avg": 25.38,
            "equity": 1202473,
            "current_ratio": 155.21,
            "debt_ratio": 28.34,
            "inventory_turnover_ratio": 1.42,
            "account_receivable_turnover_ratio": 2.1,
            "reinvestment_rate": 90.87,
            "research_to_sale_ratio": 10.45,
            "price_fair": 110.17,
            "eps_avg_yearly": 3.15,
            "eps_latest_yearly": 4,
            "eps_growth_yearly": 119.52
        },
        "20213": {
            "year_quarter": 20213,
            "year": 2021,
            "quarter": 3,
            "eps": 1.25,
            "eps_growth_year": 228.95,
            "eps_4q": 3.96,
            "eps_4q_growth_year": 208.65,
            "roe": 4.74,
            "roe_4q": 14.899999999999999,
            "gross_profit": 135152,
            "gross_margin": 37.26,
            "gross_margin_4q_avg": 32.58,
            "net_income": 55442,
            "revenue": 362727,
            "common_shares": 449900,
            "book_valuer_per_share": 26.26,
            "book_valuer_per_share_4q_avg": 25.91,
            "equity": 1138937,
            "current_ratio": 148.14,
            "debt_ratio": 29.46,
            "inventory_turnover_ratio": 1.19,
            "account_receivable_turnover_ratio": 2.38,
            "reinvestment_rate": -13.33,
            "research_to_sale_ratio": 9.21,
            "price_fair": 105.43,
            "eps_avg_yearly": 3.01,
            "eps_latest_yearly": 5,
            "eps_growth_yearly": 118.29
        },
        "20214": {
            "year_quarter": 20214,
            "year": 2021,
            "quarter": 4,
            "eps": 1.42,
            "eps_growth_year": 84.26,
            "eps_4q": 4.6,
            "eps_4q_growth_year": 131.26,
            "roe": 5.24,
            "roe_4q": 17.01,
            "gross_profit": 143794,
            "gross_margin": 37.48,
            "gross_margin_4q_avg": 34.69,
            "net_income": 60838,
            "revenue": 383634,
            "common_shares": 449900,
            "book_valuer_per_share": 27.48,
            "book_valuer_per_share_4q_avg": 26.55,
            "equity": 1181204,
            "current_ratio": 155.57,
            "debt_ratio": 31.04,
            "inventory_turnover_ratio": 1.11,
            "account_receivable_turnover_ratio": 2.6,
            "reinvestment_rate": -35.03,
            "research_to_sale_ratio": 8.42,
            "price_fair": 103.38,
            "eps_avg_yearly": 2.95,
            "eps_latest_yearly": 5.68,
            "eps_growth_yearly": 123.93
        },
        "20221": {
            "year_quarter": 20221,
            "year": 2022,
            "quarter": 1,
            "eps": 1.05,
            "eps_growth_year": 29.63,
            "eps_4q": 4.78,
            "eps_4q_growth_year": 84.24,
            "roe": 3.72,
            "roe_4q": 17.52,
            "gross_profit": 121394,
            "gross_margin": 34.66,
            "gross_margin_4q_avg": 35.83,
            "net_income": 45007,
            "revenue": 350233,
            "common_shares": 449900,
            "book_valuer_per_share": 28.71,
            "book_valuer_per_share_4q_avg": 27.3,
            "equity": 1238963,
            "current_ratio": 174.06,
            "debt_ratio": 30.28,
            "inventory_turnover_ratio": 0.94,
            "account_receivable_turnover_ratio": 2.36,
            "reinvestment_rate": -69.71,
            "research_to_sale_ratio": 9.12,
            "price_fair": 101.55,
            "eps_avg_yearly": 2.9,
            "eps_latest_yearly": 4.2,
            "eps_growth_yearly": 123.36
        },
        "20222": {
            "year_quarter": 20222,
            "year": 2022,
            "quarter": 2,
            "eps": 1.55,
            "eps_growth_year": 55,
            "eps_4q": 5.29,
            "eps_4q_growth_year": 78.62,
            "roe": 5.69,
            "roe_4q": 19.39,
            "gross_profit": 147864,
            "gross_margin": 37.4,
            "gross_margin_4q_avg": 36.7,
            "net_income": 66921,
            "revenue": 395313,
            "common_shares": 449900,
            "book_valuer_per_share": 25.78,
            "book_valuer_per_share_4q_avg": 27.06,
            "equity": 1112687,
            "current_ratio": 133.52,
            "debt_ratio": 39.67,
            "inventory_turnover_ratio": 0.92,
            "account_receivable_turnover_ratio": 2.44,
            "reinvestment_rate": -65.46,
            "research_to_sale_ratio": 8.56,
            "price_fair": 110.28,
            "eps_avg_yearly": 3.15,
            "eps_latest_yearly": 6.2,
            "eps_growth_yearly": 150.12
        },
        "20223": {
            "year_quarter": 20223,
            "year": 2022,
            "quarter": 3,
            "eps": 1.14,
            "eps_growth_year": -8.8,
            "eps_4q": 5.15,
            "eps_4q_growth_year": 30.11,
            "roe": 4.28,
            "roe_4q": 18.93,
            "gross_profit": 108556,
            "gross_margin": 29.79,
            "gross_margin_4q_avg": 34.83,
            "net_income": 49386,
            "revenue": 364401,
            "common_shares": 449900,
            "book_valuer_per_share": 27.7,
            "book_valuer_per_share_4q_avg": 27.42,
            "equity": 1195483,
            "current_ratio": 256.11,
            "debt_ratio": 37.68,
            "inventory_turnover_ratio": 0.91,
            "account_receivable_turnover_ratio": 2.13,
            "reinvestment_rate": -64.58,
            "research_to_sale_ratio": 7.35,
            "price_fair": 116.52,
            "eps_avg_yearly": 3.33,
            "eps_latest_yearly": 4.56,
            "eps_growth_yearly": 149.47
        },
        "20224": {
            "year_quarter": 20224,
            "year": 2022,
            "quarter": 4,
            "eps": 0.35,
            "eps_growth_year": -75.02,
            "eps_4q": 4.09,
            "eps_4q_growth_year": -11.11,
            "roe": 1.27,
            "roe_4q": 14.960000000000003,
            "gross_profit": 85166,
            "gross_margin": 27.42,
            "gross_margin_4q_avg": 32.32,
            "net_income": 15259,
            "revenue": 310625,
            "common_shares": 449900,
            "book_valuer_per_share": 28.16,
            "book_valuer_per_share_4q_avg": 27.59,
            "equity": 1215294,
            "current_ratio": 257.41,
            "debt_ratio": 37,
            "inventory_turnover_ratio": 0.79,
            "account_receivable_turnover_ratio": 2.04,
            "reinvestment_rate": -64.03,
            "research_to_sale_ratio": 8.86,
            "price_fair": 114.37,
            "eps_avg_yearly": 3.27,
            "eps_latest_yearly": 1.4,
            "eps_growth_yearly": 128.69
        },
        "20231": {
            "year_quarter": 20231,
            "year": 2023,
            "quarter": 1,
            "eps": 0.09,
            "eps_growth_year": -91.43,
            "eps_4q": 3.13,
            "eps_4q_growth_year": -34.43,
            "roe": 0.3,
            "roe_4q": 11.540000000000001,
            "gross_profit": 58317,
            "gross_margin": 22.69,
            "gross_margin_4q_avg": 29.33,
            "net_income": 3708,
            "revenue": 257010,
            "common_shares": 449900,
            "book_valuer_per_share": 28.24,
            "book_valuer_per_share_4q_avg": 27.47,
            "equity": 1218906,
            "current_ratio": 295.96,
            "debt_ratio": 35.38,
            "inventory_turnover_ratio": 0.69,
            "account_receivable_turnover_ratio": 1.88,
            "reinvestment_rate": -59.43,
            "research_to_sale_ratio": 10.05,
            "price_fair": 107.1,
            "eps_avg_yearly": 3.06,
            "eps_latest_yearly": 0.36,
            "eps_growth_yearly": 98.28
        }
    },
    "months": {
        "2011-08": {
            "month": "2011-08",
            "price": "42.65",
            "revenue": 49335
        },
        "2011-09": {
            "month": "2011-09",
            "price": "38.08",
            "revenue": 62032
        },
        "2011-10": {
            "month": "2011-10",
            "price": "32.23",
            "revenue": 55671
        },
        "2011-11": {
            "month": "2011-11",
            "price": "27.04",
            "revenue": 65506
        },
        "2011-12": {
            "month": "2011-12",
            "price": "25.58",
            "revenue": 50318
        },
        "2012-01": {
            "month": "2012-01",
            "price": "24.23",
            "revenue": 52460
        },
        "2012-02": {
            "month": "2012-02",
            "price": "21.96",
            "revenue": 52648
        },
        "2012-03": {
            "month": "2012-03",
            "price": "16.98",
            "revenue": 46562
        },
        "2012-04": {
            "month": "2012-04",
            "price": "14.90",
            "revenue": 58138
        },
        "2012-05": {
            "month": "2012-05",
            "price": "16.36",
            "revenue": 61832
        },
        "2012-06": {
            "month": "2012-06",
            "price": "16.10",
            "revenue": 60596
        },
        "2012-07": {
            "month": "2012-07",
            "price": "15.64",
            "revenue": 68704
        },
        "2012-08": {
            "month": "2012-08",
            "price": "14.93",
            "revenue": 56264
        },
        "2012-09": {
            "month": "2012-09",
            "price": "14.37",
            "revenue": 54179
        },
        "2012-10": {
            "month": "2012-10",
            "price": "13.77",
            "revenue": 46684
        },
        "2012-11": {
            "month": "2012-11",
            "price": "14.80",
            "revenue": 46647
        },
        "2012-12": {
            "month": "2012-12",
            "price": "14.85",
            "revenue": 58259
        },
        "2013-01": {
            "month": "2013-01",
            "price": "14.40",
            "revenue": 61714
        },
        "2013-02": {
            "month": "2013-02",
            "price": "14.38",
            "revenue": 51205
        },
        "2013-03": {
            "month": "2013-03",
            "price": "17.01",
            "revenue": 80503
        },
        "2013-04": {
            "month": "2013-04",
            "price": "19.38",
            "revenue": 76294
        },
        "2013-05": {
            "month": "2013-05",
            "price": "20.17",
            "revenue": 79848
        },
        "2013-06": {
            "month": "2013-06",
            "price": "28.21",
            "revenue": 64047
        },
        "2013-07": {
            "month": "2013-07",
            "price": "29.12",
            "revenue": 72577
        },
        "2013-08": {
            "month": "2013-08",
            "price": "30.82",
            "revenue": 82329
        },
        "2013-09": {
            "month": "2013-09",
            "price": "32.26",
            "revenue": 70465
        },
        "2013-10": {
            "month": "2013-10",
            "price": "32.30",
            "revenue": 79310
        },
        "2013-11": {
            "month": "2013-11",
            "price": "30.21",
            "revenue": 77108
        },
        "2013-12": {
            "month": "2013-12",
            "price": "30.16",
            "revenue": 76409
        },
        "2014-01": {
            "month": "2014-01",
            "price": "30.31",
            "revenue": 70602
        },
        "2014-02": {
            "month": "2014-02",
            "price": "30.03",
            "revenue": 71279
        },
        "2014-03": {
            "month": "2014-03",
            "price": "34.01",
            "revenue": 102513
        },
        "2014-04": {
            "month": "2014-04",
            "price": "38.58",
            "revenue": 67060
        },
        "2014-05": {
            "month": "2014-05",
            "price": "37.37",
            "revenue": 75808
        },
        "2014-06": {
            "month": "2014-06",
            "price": "36.75",
            "revenue": 82601
        },
        "2014-07": {
            "month": "2014-07",
            "price": "37.21",
            "revenue": 75768
        },
        "2014-08": {
            "month": "2014-08",
            "price": "42.84",
            "revenue": 83933
        },
        "2014-09": {
            "month": "2014-09",
            "price": "48.91",
            "revenue": 84132
        },
        "2014-10": {
            "month": "2014-10",
            "price": "48.64",
            "revenue": 82928
        },
        "2014-11": {
            "month": "2014-11",
            "price": "48.10",
            "revenue": 80610
        },
        "2014-12": {
            "month": "2014-12",
            "price": "49.56",
            "revenue": 82474
        },
        "2015-01": {
            "month": "2015-01",
            "price": "50.78",
            "revenue": 89735
        },
        "2015-02": {
            "month": "2015-02",
            "price": "56.78",
            "revenue": 64090
        },
        "2015-03": {
            "month": "2015-03",
            "price": "56.24",
            "revenue": 68421
        },
        "2015-04": {
            "month": "2015-04",
            "price": "56.42",
            "revenue": 80018
        },
        "2015-05": {
            "month": "2015-05",
            "price": "53.02",
            "revenue": 76385
        },
        "2015-06": {
            "month": "2015-06",
            "price": "43.39",
            "revenue": 103474
        },
        "2015-07": {
            "month": "2015-07",
            "price": "47.80",
            "revenue": 122847
        },
        "2015-08": {
            "month": "2015-08",
            "price": "48.63",
            "revenue": 125519
        },
        "2015-09": {
            "month": "2015-09",
            "price": "64.38",
            "revenue": 132101
        },
        "2015-10": {
            "month": "2015-10",
            "price": "80.87",
            "revenue": 134105
        },
        "2015-11": {
            "month": "2015-11",
            "price": "80.36",
            "revenue": 140727
        },
        "2015-12": {
            "month": "2015-12",
            "price": "93.20",
            "revenue": 147230
        },
        "2016-01": {
            "month": "2016-01",
            "price": "114.19",
            "revenue": 148590
        },
        "2016-02": {
            "month": "2016-02",
            "price": "152.08",
            "revenue": 135251
        },
        "2016-03": {
            "month": "2016-03",
            "price": "175.91",
            "revenue": 151460
        },
        "2016-04": {
            "month": "2016-04",
            "price": "159.82",
            "revenue": 143111
        },
        "2016-05": {
            "month": "2016-05",
            "price": "152.86",
            "revenue": 140758
        },
        "2016-06": {
            "month": "2016-06",
            "price": "154.57",
            "revenue": 115369
        },
        "2016-07": {
            "month": "2016-07",
            "price": "151.30",
            "revenue": 124704
        },
        "2016-08": {
            "month": "2016-08",
            "price": "155.28",
            "revenue": 136126
        },
        "2016-09": {
            "month": "2016-09",
            "price": "155.79",
            "revenue": 150032
        },
        "2016-10": {
            "month": "2016-10",
            "price": "141.70",
            "revenue": 140745
        },
        "2016-11": {
            "month": "2016-11",
            "price": "120.45",
            "revenue": 141279
        },
        "2016-12": {
            "month": "2016-12",
            "price": "118.57",
            "revenue": 144634
        },
        "2017-01": {
            "month": "2017-01",
            "price": "121.62",
            "revenue": 127919
        },
        "2017-02": {
            "month": "2017-02",
            "price": "114.64",
            "revenue": 132543
        },
        "2017-03": {
            "month": "2017-03",
            "price": "123.91",
            "revenue": 174550
        },
        "2017-04": {
            "month": "2017-04",
            "price": "128.06",
            "revenue": 144333
        },
        "2017-05": {
            "month": "2017-05",
            "price": "117.08",
            "revenue": 161198
        },
        "2017-06": {
            "month": "2017-06",
            "price": "115.39",
            "revenue": 165150
        },
        "2017-07": {
            "month": "2017-07",
            "price": "123.86",
            "revenue": 182283
        },
        "2017-08": {
            "month": "2017-08",
            "price": "125.11",
            "revenue": 178568
        },
        "2017-09": {
            "month": "2017-09",
            "price": "120.86",
            "revenue": 192817
        },
        "2017-10": {
            "month": "2017-10",
            "price": "121.61",
            "revenue": 207203
        },
        "2017-11": {
            "month": "2017-11",
            "price": "115.95",
            "revenue": 180539
        },
        "2017-12": {
            "month": "2017-12",
            "price": "105.30",
            "revenue": 157190
        },
        "2018-01": {
            "month": "2018-01",
            "price": "102.10",
            "revenue": 162680
        },
        "2018-02": {
            "month": "2018-02",
            "price": "92.16",
            "revenue": 117880
        },
        "2018-03": {
            "month": "2018-03",
            "price": "89.74",
            "revenue": 147548
        },
        "2018-04": {
            "month": "2018-04",
            "price": "77.53",
            "revenue": 146529
        },
        "2018-05": {
            "month": "2018-05",
            "price": "73.01",
            "revenue": 153810
        },
        "2018-06": {
            "month": "2018-06",
            "price": "80.10",
            "revenue": 149969
        },
        "2018-07": {
            "month": "2018-07",
            "price": "70.80",
            "revenue": 126097
        },
        "2018-08": {
            "month": "2018-08",
            "price": "60.34",
            "revenue": 140619
        },
        "2018-09": {
            "month": "2018-09",
            "price": "56.76",
            "revenue": 136697
        },
        "2018-10": {
            "month": "2018-10",
            "price": "50.61",
            "revenue": 145213
        },
        "2018-11": {
            "month": "2018-11",
            "price": "48.50",
            "revenue": 127139
        },
        "2018-12": {
            "month": "2018-12",
            "price": "48.09",
            "revenue": 135942
        },
        "2019-01": {
            "month": "2019-01",
            "price": "45.86",
            "revenue": 126382
        },
        "2019-02": {
            "month": "2019-02",
            "price": "47.68",
            "revenue": 102301
        },
        "2019-03": {
            "month": "2019-03",
            "price": "50.75",
            "revenue": 118331
        },
        "2019-04": {
            "month": "2019-04",
            "price": "50.51",
            "revenue": 112754
        },
        "2019-05": {
            "month": "2019-05",
            "price": "41.59",
            "revenue": 119847
        },
        "2019-06": {
            "month": "2019-06",
            "price": "38.74",
            "revenue": 116816
        },
        "2019-07": {
            "month": "2019-07",
            "price": "39.67",
            "revenue": 121695
        },
        "2019-08": {
            "month": "2019-08",
            "price": "37.61",
            "revenue": 122299
        },
        "2019-09": {
            "month": "2019-09",
            "price": "37.56",
            "revenue": 108237
        },
        "2019-10": {
            "month": "2019-10",
            "price": "35.10",
            "revenue": 101782
        },
        "2019-11": {
            "month": "2019-11",
            "price": "31.20",
            "revenue": 101349
        },
        "2019-12": {
            "month": "2019-12",
            "price": "30.10",
            "revenue": 103884
        },
        "2020-01": {
            "month": "2020-01",
            "price": "29.39",
            "revenue": 83223
        },
        "2020-02": {
            "month": "2020-02",
            "price": "26.56",
            "revenue": 90390
        },
        "2020-03": {
            "month": "2020-03",
            "price": "29.57",
            "revenue": 92536
        },
        "2020-04": {
            "month": "2020-04",
            "price": "27.09",
            "revenue": 144176
        },
        "2020-05": {
            "month": "2020-05",
            "price": "34.31",
            "revenue": 135973
        },
        "2020-06": {
            "month": "2020-06",
            "price": "42.92",
            "revenue": 135623
        },
        "2020-07": {
            "month": "2020-07",
            "price": "40.75",
            "revenue": 120391
        },
        "2020-08": {
            "month": "2020-08",
            "price": "37.76",
            "revenue": 125419
        },
        "2020-09": {
            "month": "2020-09",
            "price": "34.00",
            "revenue": 121436
        },
        "2020-10": {
            "month": "2020-10",
            "price": "32.16",
            "revenue": 115073
        },
        "2020-11": {
            "month": "2020-11",
            "price": "32.57",
            "revenue": 111605
        },
        "2020-12": {
            "month": "2020-12",
            "price": "38.78",
            "revenue": 120639
        },
        "2021-01": {
            "month": "2021-01",
            "price": "37.18",
            "revenue": 123713
        },
        "2021-02": {
            "month": "2021-02",
            "price": "36.03",
            "revenue": 96806
        },
        "2021-03": {
            "month": "2021-03",
            "price": "38.83",
            "revenue": 132920
        },
        "2021-04": {
            "month": "2021-04",
            "price": "53.82",
            "revenue": 121926
        },
        "2021-05": {
            "month": "2021-05",
            "price": "41.47",
            "revenue": 116802
        },
        "2021-06": {
            "month": "2021-06",
            "price": "40.43",
            "revenue": 115378
        },
        "2021-07": {
            "month": "2021-07",
            "price": "43.70",
            "revenue": 115186
        },
        "2021-08": {
            "month": "2021-08",
            "price": "42.29",
            "revenue": 123210
        },
        "2021-09": {
            "month": "2021-09",
            "price": "47.69",
            "revenue": 124331
        },
        "2021-10": {
            "month": "2021-10",
            "price": "45.61",
            "revenue": 122605
        },
        "2021-11": {
            "month": "2021-11",
            "price": "49.66",
            "revenue": 139034
        },
        "2021-12": {
            "month": "2021-12",
            "price": "90.15",
            "revenue": 121996
        },
        "2022-01": {
            "month": "2022-01",
            "price": "81.00",
            "revenue": 112985
        },
        "2022-02": {
            "month": "2022-02",
            "price": "80.43",
            "revenue": 108096
        },
        "2022-03": {
            "month": "2022-03",
            "price": "73.41",
            "revenue": 129152
        },
        "2022-04": {
            "month": "2022-04",
            "price": "68.18",
            "revenue": 126744
        },
        "2022-05": {
            "month": "2022-05",
            "price": "64.94",
            "revenue": 135241
        },
        "2022-06": {
            "month": "2022-06",
            "price": "65.94",
            "revenue": 133328
        },
        "2022-07": {
            "month": "2022-07",
            "price": "58.70",
            "revenue": 119748
        },
        "2022-08": {
            "month": "2022-08",
            "price": "65.23",
            "revenue": 122573
        },
        "2022-09": {
            "month": "2022-09",
            "price": "60.39",
            "revenue": 122082
        },
        "2022-10": {
            "month": "2022-10",
            "price": "53.94",
            "revenue": 113955
        },
        "2022-11": {
            "month": "2022-11",
            "price": "57.10",
            "revenue": 106843
        },
        "2022-12": {
            "month": "2022-12",
            "price": "55.63",
            "revenue": 89826
        },
        "2023-01": {
            "month": "2023-01",
            "price": "51.51",
            "revenue": 77353
        },
        "2023-02": {
            "month": "2023-02",
            "price": "53.69",
            "revenue": 91115
        },
        "2023-03": {
            "month": "2023-03",
            "price": "52.17",
            "revenue": 88542
        },
        "2023-04": {
            "month": "2023-04",
            "price": "50.05",
            "revenue": 77280
        },
        "2023-05": {
            "month": "2023-05",
            "price": "48.13",
            "revenue": 84947
        }
    }
}
