{
    "summary": {
        "stock_name": "天鉞電",
        "stock_id": "5251",
        "category": "光電",
        "main_business": "智慧型家庭安防應用相關產品",
        "website_url": "http://www.secufirst.com.tw",
        "ceo": "汪攘夷",
        "pe_ratio": -37,
        "report_year_from": 2010,
        "report_year_to": 2023,
        "age": 13,
        "eps_negative_percentage": 58,
        "eps_growth_avg": {
            "last_all": -32.98,
            "last_2y": null,
            "last_4y": null,
            "last_8y": -50.4,
            "last_12y": null,
            "last_16y": null,
            "last_20y": null,
            "at_2006_last_3y": null,
            "at_2007_last_3y": null,
            "at_2008_last_3y": null,
            "at_2009_last_3y": null,
            "at_2010_last_3y": null,
            "at_2011_last_3y": null,
            "at_2012_last_3y": null,
            "at_2013_last_3y": null,
            "at_2014_last_3y": null,
            "at_2015_last_3y": null,
            "at_2016_last_3y": -16.23,
            "at_2017_last_3y": -50.4,
            "at_2018_last_3y": -53.29,
            "at_2019_last_3y": -57.35,
            "at_2020_last_3y": -100,
            "at_2021_last_3y": null,
            "at_2022_last_3y": null,
            "at_2023_last_3y": null,
            "at_2006_last_all": null,
            "at_2007_last_all": null,
            "at_2008_last_all": null,
            "at_2009_last_all": null,
            "at_2010_last_all": null,
            "at_2011_last_all": null,
            "at_2012_last_all": null,
            "at_2013_last_all": null,
            "at_2014_last_all": -2.52,
            "at_2015_last_all": -16.74,
            "at_2016_last_all": -16.23,
            "at_2017_last_all": -32.98,
            "at_2018_last_all": -32.98,
            "at_2019_last_all": -32.98,
            "at_2020_last_all": -32.98,
            "at_2021_last_all": -32.98,
            "at_2022_last_all": -32.98,
            "at_2023_last_all": -32.98
        },
        "latest_eps": -0.59,
        "latest_price": 21.6,
        "latest_roe": -4.55,
        "latest_gross_margin": 32.56,
        "latest_equity": 434128,
        "latest_revenue": 34268,
        "latest_gross_profit": 11156,
        "latest_net_income": -18850,
        "latest_debt_ratio": 15.64,
        "latest_current_ratio": 623.62,
        "latest_account_receivable_turnover_ratio": 0.64,
        "latest_inventory_turnover_ratio": 0.48,
        "latest_reinvestment_rate": null,
        "latest_research_to_sale_ratio": 17.75
    },
    "eps_dividends": {
        "2001": {
            "cash": 0,
            "stock": 0,
            "eps": 0
        },
        "2002": {
            "cash": 0,
            "stock": 0,
            "eps": 0
        },
        "2003": {
            "cash": 0,
            "stock": 0,
            "eps": 0
        },
        "2004": {
            "cash": 0,
            "stock": 0,
            "eps": 0
        },
        "2005": {
            "cash": 0,
            "stock": 0,
            "eps": 0
        },
        "2006": {
            "cash": 0,
            "stock": 0,
            "eps": 0
        },
        "2007": {
            "cash": 0,
            "stock": 0,
            "eps": 0
        },
        "2008": {
            "cash": 0,
            "stock": 0,
            "eps": 0
        },
        "2009": {
            "cash": 0,
            "stock": 0,
            "eps": 0
        },
        "2010": {
            "cash": 0,
            "stock": 0,
            "eps": 0
        },
        "2011": {
            "cash": 1,
            "stock": 1,
            "eps": 0
        },
        "2012": {
            "cash": 1,
            "stock": 0,
            "eps": 5.45
        },
        "2013": {
            "cash": 4,
            "stock": 0,
            "eps": 7.45
        },
        "2014": {
            "cash": 3,
            "stock": 2,
            "eps": 4.34
        },
        "2015": {
            "cash": 4,
            "stock": 0,
            "eps": 2.38
        },
        "2016": {
            "cash": 2,
            "stock": 0,
            "eps": 2.03
        },
        "2017": {
            "cash": 2,
            "stock": 0,
            "eps": -0.88
        },
        "2018": {
            "cash": 1,
            "stock": 0,
            "eps": -1.51
        },
        "2019": {
            "cash": 0,
            "stock": 0,
            "eps": -1.48
        },
        "2020": {
            "cash": 0,
            "stock": 0,
            "eps": -1.6
        },
        "2021": {
            "cash": 0,
            "stock": 0,
            "eps": -2.27
        },
        "2022": {
            "cash": 0,
            "stock": 0,
            "eps": -0.57
        },
        "2023": {
            "cash": 0,
            "stock": 0,
            "eps": -0.56
        }
    },
    "dividends": {
        "2011-05-30": {
            "cash": 0.5,
            "stock": 0.5
        },
        "2012-04-13": {
            "cash": 1.4,
            "stock": 0
        },
        "2013-06-11": {
            "cash": 4,
            "stock": 0
        },
        "2014-06-11": {
            "cash": 2.5,
            "stock": 2
        },
        "2015-07-24": {
            "cash": 3.5,
            "stock": 0
        },
        "2016-09-14": {
            "cash": 2,
            "stock": 0
        },
        "2017-08-04": {
            "cash": 2,
            "stock": 0
        },
        "2018-08-10": {
            "cash": 0.6,
            "stock": 0
        }
    },
    "prices": {
        "200101": "無",
        "200102": "無",
        "200103": "無",
        "200104": "無",
        "200105": "無",
        "200106": "無",
        "200107": "無",
        "200108": "無",
        "200109": "無",
        "200110": "無",
        "200111": "無",
        "200112": "無",
        "200201": "無",
        "200202": "無",
        "200203": "無",
        "200204": "無",
        "200205": "無",
        "200206": "無",
        "200207": "無",
        "200208": "無",
        "200209": "無",
        "200210": "無",
        "200211": "無",
        "200212": "無",
        "200301": "無",
        "200302": "無",
        "200303": "無",
        "200304": "無",
        "200305": "無",
        "200306": "無",
        "200307": "無",
        "200308": "無",
        "200309": "無",
        "200310": "無",
        "200311": "無",
        "200312": "無",
        "200401": "無",
        "200402": "無",
        "200403": "無",
        "200404": "無",
        "200405": "無",
        "200406": "無",
        "200407": "無",
        "200408": "無",
        "200409": "無",
        "200410": "無",
        "200411": "無",
        "200412": "無",
        "200501": "無",
        "200502": "無",
        "200503": "無",
        "200504": "無",
        "200505": "無",
        "200506": "無",
        "200507": "無",
        "200508": "無",
        "200509": "無",
        "200510": "無",
        "200511": "無",
        "200512": "無",
        "200601": "無",
        "200602": "無",
        "200603": "無",
        "200604": "無",
        "200605": "無",
        "200606": "無",
        "200607": "無",
        "200608": "無",
        "200609": "無",
        "200610": "無",
        "200611": "無",
        "200612": "無",
        "200701": "無",
        "200702": "無",
        "200703": "無",
        "200704": "無",
        "200705": "無",
        "200706": "無",
        "200707": "無",
        "200708": "無",
        "200709": "無",
        "200710": "無",
        "200711": "無",
        "200712": "無",
        "200801": "無",
        "200802": "無",
        "200803": "無",
        "200804": "無",
        "200805": "無",
        "200806": "無",
        "200807": "無",
        "200808": "無",
        "200809": "無",
        "200810": "無",
        "200811": "無",
        "200812": "無",
        "200901": "無",
        "200902": "無",
        "200903": "無",
        "200904": "無",
        "200905": "無",
        "200906": "無",
        "200907": "無",
        "200908": "無",
        "200909": "無",
        "200910": "無",
        "200911": "無",
        "200912": "無",
        "201001": "無",
        "201002": "無",
        "201003": "無",
        "201004": "無",
        "201005": "無",
        "201006": "無",
        "201007": "無",
        "201008": "無",
        "201009": "無",
        "201010": "無",
        "201011": "無",
        "201012": "無",
        "201101": "無",
        "201102": "無",
        "201103": "無",
        "201104": "無",
        "201105": "無",
        "201106": "無",
        "201107": "無",
        "201108": "無",
        "201109": "無",
        "201110": "19.86",
        "201111": "19.94",
        "201112": "22.17",
        "201201": "24.31",
        "201202": "27.23",
        "201203": "28.40",
        "201204": "28.10",
        "201205": "27.31",
        "201206": "28.99",
        "201207": "30.56",
        "201208": "34.16",
        "201209": "41.31",
        "201210": "45.21",
        "201211": "46.88",
        "201212": "52.35",
        "201301": "59.70",
        "201302": "66.28",
        "201303": "65.44",
        "201304": "74.80",
        "201305": "75.76",
        "201306": "72.63",
        "201307": "74.09",
        "201308": "81.65",
        "201309": "77.38",
        "201310": "79.69",
        "201311": "82.70",
        "201312": "76.44",
        "201401": "71.25",
        "201402": "70.73",
        "201403": "73.32",
        "201404": "70.30",
        "201405": "70.39",
        "201406": "73.98",
        "201407": "71.52",
        "201408": "59.83",
        "201409": "56.32",
        "201410": "49.28",
        "201411": "44.77",
        "201412": "46.57",
        "201501": "54.33",
        "201502": "54.47",
        "201503": "51.94",
        "201504": "49.27",
        "201505": "45.79",
        "201506": "42.00",
        "201507": "35.48",
        "201508": "32.93",
        "201509": "37.95",
        "201510": "36.33",
        "201511": "31.73",
        "201512": "31.27",
        "201601": "28.74",
        "201602": "29.91",
        "201603": "30.29",
        "201604": "30.47",
        "201605": "29.98",
        "201606": "29.30",
        "201607": "29.94",
        "201608": "30.07",
        "201609": "29.58",
        "201610": "28.35",
        "201611": "27.93",
        "201612": "29.25",
        "201701": "28.88",
        "201702": "28.47",
        "201703": "27.53",
        "201704": "28.88",
        "201705": "31.20",
        "201706": "37.16",
        "201707": "30.71",
        "201708": "28.87",
        "201709": "27.27",
        "201710": "24.64",
        "201711": "22.54",
        "201712": "20.26",
        "201801": "21.17",
        "201802": "19.99",
        "201803": "21.05",
        "201804": "20.38",
        "201805": "19.63",
        "201806": "19.78",
        "201807": "18.12",
        "201808": "18.35",
        "201809": "18.56",
        "201810": "16.09",
        "201811": "14.91",
        "201812": "15.52",
        "201901": "14.97",
        "201902": "15.76",
        "201903": "15.45",
        "201904": "14.86",
        "201905": "13.95",
        "201906": "13.59",
        "201907": "14.11",
        "201908": "14.52",
        "201909": "14.39",
        "201910": "14.31",
        "201911": "14.00",
        "201912": "13.54",
        "202001": "13.41",
        "202002": "12.33",
        "202003": "9.88",
        "202004": "9.46",
        "202005": "12.44",
        "202006": "14.15",
        "202007": "13.07",
        "202008": "12.48",
        "202009": "12.84",
        "202010": "12.58",
        "202011": "12.37",
        "202012": "12.88",
        "202101": "13.80",
        "202102": "13.00",
        "202103": "14.47",
        "202104": "14.74",
        "202105": "13.37",
        "202106": "13.95",
        "202107": "13.97",
        "202108": "13.43",
        "202109": "13.51",
        "202110": "13.85",
        "202111": "14.06",
        "202112": "16.93",
        "202201": "16.21",
        "202202": "16.13",
        "202203": "17.64",
        "202204": "18.51",
        "202205": "16.66",
        "202206": "16.48",
        "202207": "16.58",
        "202208": "20.65",
        "202209": "23.41",
        "202210": "24.64",
        "202211": "28.29",
        "202212": "26.65",
        "202301": "25.27",
        "202302": "26.99",
        "202303": "25.13",
        "202304": "23.01",
        "202305": "20.82"
    },
    "quarters": {
        "20011": {
            "year_quarter": 20011,
            "year": 2001,
            "quarter": 1,
            "eps": null,
            "eps_growth_year": null,
            "eps_4q": null,
            "eps_4q_growth_year": null,
            "roe": null,
            "roe_4q": 0,
            "gross_profit": null,
            "gross_margin": null,
            "gross_margin_4q_avg": 0,
            "net_income": null,
            "revenue": null,
            "common_shares": null,
            "book_valuer_per_share": null,
            "book_valuer_per_share_4q_avg": 0,
            "equity": null,
            "current_ratio": null,
            "debt_ratio": null,
            "inventory_turnover_ratio": null,
            "account_receivable_turnover_ratio": null,
            "reinvestment_rate": null,
            "research_to_sale_ratio": null,
            "price_fair": 0,
            "eps_avg_yearly": 0,
            "eps_latest_yearly": 0,
            "eps_growth_yearly": 0
        },
        "20012": {
            "year_quarter": 20012,
            "year": 2001,
            "quarter": 2,
            "eps": null,
            "eps_growth_year": null,
            "eps_4q": null,
            "eps_4q_growth_year": null,
            "roe": null,
            "roe_4q": 0,
            "gross_profit": null,
            "gross_margin": null,
            "gross_margin_4q_avg": 0,
            "net_income": null,
            "revenue": null,
            "common_shares": null,
            "book_valuer_per_share": null,
            "book_valuer_per_share_4q_avg": 0,
            "equity": null,
            "current_ratio": null,
            "debt_ratio": null,
            "inventory_turnover_ratio": null,
            "account_receivable_turnover_ratio": null,
            "reinvestment_rate": null,
            "research_to_sale_ratio": null,
            "price_fair": 0,
            "eps_avg_yearly": 0,
            "eps_latest_yearly": 0,
            "eps_growth_yearly": 0
        },
        "20013": {
            "year_quarter": 20013,
            "year": 2001,
            "quarter": 3,
            "eps": null,
            "eps_growth_year": null,
            "eps_4q": null,
            "eps_4q_growth_year": null,
            "roe": null,
            "roe_4q": 0,
            "gross_profit": null,
            "gross_margin": null,
            "gross_margin_4q_avg": 0,
            "net_income": null,
            "revenue": null,
            "common_shares": null,
            "book_valuer_per_share": null,
            "book_valuer_per_share_4q_avg": 0,
            "equity": null,
            "current_ratio": null,
            "debt_ratio": null,
            "inventory_turnover_ratio": null,
            "account_receivable_turnover_ratio": null,
            "reinvestment_rate": null,
            "research_to_sale_ratio": null,
            "price_fair": 0,
            "eps_avg_yearly": 0,
            "eps_latest_yearly": 0,
            "eps_growth_yearly": 0
        },
        "20014": {
            "year_quarter": 20014,
            "year": 2001,
            "quarter": 4,
            "eps": null,
            "eps_growth_year": null,
            "eps_4q": null,
            "eps_4q_growth_year": null,
            "roe": null,
            "roe_4q": 0,
            "gross_profit": null,
            "gross_margin": null,
            "gross_margin_4q_avg": 0,
            "net_income": null,
            "revenue": null,
            "common_shares": null,
            "book_valuer_per_share": null,
            "book_valuer_per_share_4q_avg": 0,
            "equity": null,
            "current_ratio": null,
            "debt_ratio": null,
            "inventory_turnover_ratio": null,
            "account_receivable_turnover_ratio": null,
            "reinvestment_rate": null,
            "research_to_sale_ratio": null,
            "price_fair": 0,
            "eps_avg_yearly": 0,
            "eps_latest_yearly": 0,
            "eps_growth_yearly": 0
        },
        "20021": {
            "year_quarter": 20021,
            "year": 2002,
            "quarter": 1,
            "eps": null,
            "eps_growth_year": null,
            "eps_4q": null,
            "eps_4q_growth_year": null,
            "roe": null,
            "roe_4q": 0,
            "gross_profit": null,
            "gross_margin": null,
            "gross_margin_4q_avg": 0,
            "net_income": null,
            "revenue": null,
            "common_shares": null,
            "book_valuer_per_share": null,
            "book_valuer_per_share_4q_avg": 0,
            "equity": null,
            "current_ratio": null,
            "debt_ratio": null,
            "inventory_turnover_ratio": null,
            "account_receivable_turnover_ratio": null,
            "reinvestment_rate": null,
            "research_to_sale_ratio": null,
            "price_fair": 0,
            "eps_avg_yearly": 0,
            "eps_latest_yearly": 0,
            "eps_growth_yearly": 0
        },
        "20022": {
            "year_quarter": 20022,
            "year": 2002,
            "quarter": 2,
            "eps": null,
            "eps_growth_year": null,
            "eps_4q": null,
            "eps_4q_growth_year": null,
            "roe": null,
            "roe_4q": 0,
            "gross_profit": null,
            "gross_margin": null,
            "gross_margin_4q_avg": 0,
            "net_income": null,
            "revenue": null,
            "common_shares": null,
            "book_valuer_per_share": null,
            "book_valuer_per_share_4q_avg": 0,
            "equity": null,
            "current_ratio": null,
            "debt_ratio": null,
            "inventory_turnover_ratio": null,
            "account_receivable_turnover_ratio": null,
            "reinvestment_rate": null,
            "research_to_sale_ratio": null,
            "price_fair": 0,
            "eps_avg_yearly": 0,
            "eps_latest_yearly": 0,
            "eps_growth_yearly": 0
        },
        "20023": {
            "year_quarter": 20023,
            "year": 2002,
            "quarter": 3,
            "eps": null,
            "eps_growth_year": null,
            "eps_4q": null,
            "eps_4q_growth_year": null,
            "roe": null,
            "roe_4q": 0,
            "gross_profit": null,
            "gross_margin": null,
            "gross_margin_4q_avg": 0,
            "net_income": null,
            "revenue": null,
            "common_shares": null,
            "book_valuer_per_share": null,
            "book_valuer_per_share_4q_avg": 0,
            "equity": null,
            "current_ratio": null,
            "debt_ratio": null,
            "inventory_turnover_ratio": null,
            "account_receivable_turnover_ratio": null,
            "reinvestment_rate": null,
            "research_to_sale_ratio": null,
            "price_fair": 0,
            "eps_avg_yearly": 0,
            "eps_latest_yearly": 0,
            "eps_growth_yearly": 0
        },
        "20024": {
            "year_quarter": 20024,
            "year": 2002,
            "quarter": 4,
            "eps": null,
            "eps_growth_year": null,
            "eps_4q": null,
            "eps_4q_growth_year": null,
            "roe": null,
            "roe_4q": 0,
            "gross_profit": null,
            "gross_margin": null,
            "gross_margin_4q_avg": 0,
            "net_income": null,
            "revenue": null,
            "common_shares": null,
            "book_valuer_per_share": null,
            "book_valuer_per_share_4q_avg": 0,
            "equity": null,
            "current_ratio": null,
            "debt_ratio": null,
            "inventory_turnover_ratio": null,
            "account_receivable_turnover_ratio": null,
            "reinvestment_rate": null,
            "research_to_sale_ratio": null,
            "price_fair": 0,
            "eps_avg_yearly": 0,
            "eps_latest_yearly": 0,
            "eps_growth_yearly": 0
        },
        "20031": {
            "year_quarter": 20031,
            "year": 2003,
            "quarter": 1,
            "eps": null,
            "eps_growth_year": null,
            "eps_4q": null,
            "eps_4q_growth_year": null,
            "roe": null,
            "roe_4q": 0,
            "gross_profit": null,
            "gross_margin": null,
            "gross_margin_4q_avg": 0,
            "net_income": null,
            "revenue": null,
            "common_shares": null,
            "book_valuer_per_share": null,
            "book_valuer_per_share_4q_avg": 0,
            "equity": null,
            "current_ratio": null,
            "debt_ratio": null,
            "inventory_turnover_ratio": null,
            "account_receivable_turnover_ratio": null,
            "reinvestment_rate": null,
            "research_to_sale_ratio": null,
            "price_fair": 0,
            "eps_avg_yearly": 0,
            "eps_latest_yearly": 0,
            "eps_growth_yearly": 0
        },
        "20032": {
            "year_quarter": 20032,
            "year": 2003,
            "quarter": 2,
            "eps": null,
            "eps_growth_year": null,
            "eps_4q": null,
            "eps_4q_growth_year": null,
            "roe": null,
            "roe_4q": 0,
            "gross_profit": null,
            "gross_margin": null,
            "gross_margin_4q_avg": 0,
            "net_income": null,
            "revenue": null,
            "common_shares": null,
            "book_valuer_per_share": null,
            "book_valuer_per_share_4q_avg": 0,
            "equity": null,
            "current_ratio": null,
            "debt_ratio": null,
            "inventory_turnover_ratio": null,
            "account_receivable_turnover_ratio": null,
            "reinvestment_rate": null,
            "research_to_sale_ratio": null,
            "price_fair": 0,
            "eps_avg_yearly": 0,
            "eps_latest_yearly": 0,
            "eps_growth_yearly": 0
        },
        "20033": {
            "year_quarter": 20033,
            "year": 2003,
            "quarter": 3,
            "eps": null,
            "eps_growth_year": null,
            "eps_4q": null,
            "eps_4q_growth_year": null,
            "roe": null,
            "roe_4q": 0,
            "gross_profit": null,
            "gross_margin": null,
            "gross_margin_4q_avg": 0,
            "net_income": null,
            "revenue": null,
            "common_shares": null,
            "book_valuer_per_share": null,
            "book_valuer_per_share_4q_avg": 0,
            "equity": null,
            "current_ratio": null,
            "debt_ratio": null,
            "inventory_turnover_ratio": null,
            "account_receivable_turnover_ratio": null,
            "reinvestment_rate": null,
            "research_to_sale_ratio": null,
            "price_fair": 0,
            "eps_avg_yearly": 0,
            "eps_latest_yearly": 0,
            "eps_growth_yearly": 0
        },
        "20034": {
            "year_quarter": 20034,
            "year": 2003,
            "quarter": 4,
            "eps": null,
            "eps_growth_year": null,
            "eps_4q": null,
            "eps_4q_growth_year": null,
            "roe": null,
            "roe_4q": 0,
            "gross_profit": null,
            "gross_margin": null,
            "gross_margin_4q_avg": 0,
            "net_income": null,
            "revenue": null,
            "common_shares": null,
            "book_valuer_per_share": null,
            "book_valuer_per_share_4q_avg": 0,
            "equity": null,
            "current_ratio": null,
            "debt_ratio": null,
            "inventory_turnover_ratio": null,
            "account_receivable_turnover_ratio": null,
            "reinvestment_rate": null,
            "research_to_sale_ratio": null,
            "price_fair": 0,
            "eps_avg_yearly": 0,
            "eps_latest_yearly": 0,
            "eps_growth_yearly": 0
        },
        "20041": {
            "year_quarter": 20041,
            "year": 2004,
            "quarter": 1,
            "eps": null,
            "eps_growth_year": null,
            "eps_4q": null,
            "eps_4q_growth_year": null,
            "roe": null,
            "roe_4q": 0,
            "gross_profit": null,
            "gross_margin": null,
            "gross_margin_4q_avg": 0,
            "net_income": null,
            "revenue": null,
            "common_shares": null,
            "book_valuer_per_share": null,
            "book_valuer_per_share_4q_avg": 0,
            "equity": null,
            "current_ratio": null,
            "debt_ratio": null,
            "inventory_turnover_ratio": null,
            "account_receivable_turnover_ratio": null,
            "reinvestment_rate": null,
            "research_to_sale_ratio": null,
            "price_fair": 0,
            "eps_avg_yearly": 0,
            "eps_latest_yearly": 0,
            "eps_growth_yearly": 0
        },
        "20042": {
            "year_quarter": 20042,
            "year": 2004,
            "quarter": 2,
            "eps": null,
            "eps_growth_year": null,
            "eps_4q": null,
            "eps_4q_growth_year": null,
            "roe": null,
            "roe_4q": 0,
            "gross_profit": null,
            "gross_margin": null,
            "gross_margin_4q_avg": 0,
            "net_income": null,
            "revenue": null,
            "common_shares": null,
            "book_valuer_per_share": null,
            "book_valuer_per_share_4q_avg": 0,
            "equity": null,
            "current_ratio": null,
            "debt_ratio": null,
            "inventory_turnover_ratio": null,
            "account_receivable_turnover_ratio": null,
            "reinvestment_rate": null,
            "research_to_sale_ratio": null,
            "price_fair": 0,
            "eps_avg_yearly": 0,
            "eps_latest_yearly": 0,
            "eps_growth_yearly": 0
        },
        "20043": {
            "year_quarter": 20043,
            "year": 2004,
            "quarter": 3,
            "eps": null,
            "eps_growth_year": null,
            "eps_4q": null,
            "eps_4q_growth_year": null,
            "roe": null,
            "roe_4q": 0,
            "gross_profit": null,
            "gross_margin": null,
            "gross_margin_4q_avg": 0,
            "net_income": null,
            "revenue": null,
            "common_shares": null,
            "book_valuer_per_share": null,
            "book_valuer_per_share_4q_avg": 0,
            "equity": null,
            "current_ratio": null,
            "debt_ratio": null,
            "inventory_turnover_ratio": null,
            "account_receivable_turnover_ratio": null,
            "reinvestment_rate": null,
            "research_to_sale_ratio": null,
            "price_fair": 0,
            "eps_avg_yearly": 0,
            "eps_latest_yearly": 0,
            "eps_growth_yearly": 0
        },
        "20044": {
            "year_quarter": 20044,
            "year": 2004,
            "quarter": 4,
            "eps": null,
            "eps_growth_year": null,
            "eps_4q": null,
            "eps_4q_growth_year": null,
            "roe": null,
            "roe_4q": 0,
            "gross_profit": null,
            "gross_margin": null,
            "gross_margin_4q_avg": 0,
            "net_income": null,
            "revenue": null,
            "common_shares": null,
            "book_valuer_per_share": null,
            "book_valuer_per_share_4q_avg": 0,
            "equity": null,
            "current_ratio": null,
            "debt_ratio": null,
            "inventory_turnover_ratio": null,
            "account_receivable_turnover_ratio": null,
            "reinvestment_rate": null,
            "research_to_sale_ratio": null,
            "price_fair": 0,
            "eps_avg_yearly": 0,
            "eps_latest_yearly": 0,
            "eps_growth_yearly": 0
        },
        "20051": {
            "year_quarter": 20051,
            "year": 2005,
            "quarter": 1,
            "eps": null,
            "eps_growth_year": null,
            "eps_4q": null,
            "eps_4q_growth_year": null,
            "roe": null,
            "roe_4q": 0,
            "gross_profit": null,
            "gross_margin": null,
            "gross_margin_4q_avg": 0,
            "net_income": null,
            "revenue": null,
            "common_shares": null,
            "book_valuer_per_share": null,
            "book_valuer_per_share_4q_avg": 0,
            "equity": null,
            "current_ratio": null,
            "debt_ratio": null,
            "inventory_turnover_ratio": null,
            "account_receivable_turnover_ratio": null,
            "reinvestment_rate": null,
            "research_to_sale_ratio": null,
            "price_fair": 0,
            "eps_avg_yearly": 0,
            "eps_latest_yearly": 0,
            "eps_growth_yearly": 0
        },
        "20052": {
            "year_quarter": 20052,
            "year": 2005,
            "quarter": 2,
            "eps": null,
            "eps_growth_year": null,
            "eps_4q": null,
            "eps_4q_growth_year": null,
            "roe": null,
            "roe_4q": 0,
            "gross_profit": null,
            "gross_margin": null,
            "gross_margin_4q_avg": 0,
            "net_income": null,
            "revenue": null,
            "common_shares": null,
            "book_valuer_per_share": null,
            "book_valuer_per_share_4q_avg": 0,
            "equity": null,
            "current_ratio": null,
            "debt_ratio": null,
            "inventory_turnover_ratio": null,
            "account_receivable_turnover_ratio": null,
            "reinvestment_rate": null,
            "research_to_sale_ratio": null,
            "price_fair": 0,
            "eps_avg_yearly": 0,
            "eps_latest_yearly": 0,
            "eps_growth_yearly": 0
        },
        "20053": {
            "year_quarter": 20053,
            "year": 2005,
            "quarter": 3,
            "eps": null,
            "eps_growth_year": null,
            "eps_4q": null,
            "eps_4q_growth_year": null,
            "roe": null,
            "roe_4q": 0,
            "gross_profit": null,
            "gross_margin": null,
            "gross_margin_4q_avg": 0,
            "net_income": null,
            "revenue": null,
            "common_shares": null,
            "book_valuer_per_share": null,
            "book_valuer_per_share_4q_avg": 0,
            "equity": null,
            "current_ratio": null,
            "debt_ratio": null,
            "inventory_turnover_ratio": null,
            "account_receivable_turnover_ratio": null,
            "reinvestment_rate": null,
            "research_to_sale_ratio": null,
            "price_fair": 0,
            "eps_avg_yearly": 0,
            "eps_latest_yearly": 0,
            "eps_growth_yearly": 0
        },
        "20054": {
            "year_quarter": 20054,
            "year": 2005,
            "quarter": 4,
            "eps": null,
            "eps_growth_year": null,
            "eps_4q": null,
            "eps_4q_growth_year": null,
            "roe": null,
            "roe_4q": 0,
            "gross_profit": null,
            "gross_margin": null,
            "gross_margin_4q_avg": 0,
            "net_income": null,
            "revenue": null,
            "common_shares": null,
            "book_valuer_per_share": null,
            "book_valuer_per_share_4q_avg": 0,
            "equity": null,
            "current_ratio": null,
            "debt_ratio": null,
            "inventory_turnover_ratio": null,
            "account_receivable_turnover_ratio": null,
            "reinvestment_rate": null,
            "research_to_sale_ratio": null,
            "price_fair": 0,
            "eps_avg_yearly": 0,
            "eps_latest_yearly": 0,
            "eps_growth_yearly": 0
        },
        "20061": {
            "year_quarter": 20061,
            "year": 2006,
            "quarter": 1,
            "eps": null,
            "eps_growth_year": null,
            "eps_4q": null,
            "eps_4q_growth_year": null,
            "roe": null,
            "roe_4q": 0,
            "gross_profit": null,
            "gross_margin": null,
            "gross_margin_4q_avg": 0,
            "net_income": null,
            "revenue": null,
            "common_shares": null,
            "book_valuer_per_share": null,
            "book_valuer_per_share_4q_avg": 0,
            "equity": null,
            "current_ratio": null,
            "debt_ratio": null,
            "inventory_turnover_ratio": null,
            "account_receivable_turnover_ratio": null,
            "reinvestment_rate": null,
            "research_to_sale_ratio": null,
            "price_fair": 0,
            "eps_avg_yearly": 0,
            "eps_latest_yearly": 0,
            "eps_growth_yearly": 0
        },
        "20062": {
            "year_quarter": 20062,
            "year": 2006,
            "quarter": 2,
            "eps": null,
            "eps_growth_year": null,
            "eps_4q": null,
            "eps_4q_growth_year": null,
            "roe": null,
            "roe_4q": 0,
            "gross_profit": null,
            "gross_margin": null,
            "gross_margin_4q_avg": 0,
            "net_income": null,
            "revenue": null,
            "common_shares": null,
            "book_valuer_per_share": null,
            "book_valuer_per_share_4q_avg": 0,
            "equity": null,
            "current_ratio": null,
            "debt_ratio": null,
            "inventory_turnover_ratio": null,
            "account_receivable_turnover_ratio": null,
            "reinvestment_rate": null,
            "research_to_sale_ratio": null,
            "price_fair": 0,
            "eps_avg_yearly": 0,
            "eps_latest_yearly": 0,
            "eps_growth_yearly": 0
        },
        "20063": {
            "year_quarter": 20063,
            "year": 2006,
            "quarter": 3,
            "eps": null,
            "eps_growth_year": null,
            "eps_4q": null,
            "eps_4q_growth_year": null,
            "roe": null,
            "roe_4q": 0,
            "gross_profit": null,
            "gross_margin": null,
            "gross_margin_4q_avg": 0,
            "net_income": null,
            "revenue": null,
            "common_shares": null,
            "book_valuer_per_share": null,
            "book_valuer_per_share_4q_avg": 0,
            "equity": null,
            "current_ratio": null,
            "debt_ratio": null,
            "inventory_turnover_ratio": null,
            "account_receivable_turnover_ratio": null,
            "reinvestment_rate": null,
            "research_to_sale_ratio": null,
            "price_fair": 0,
            "eps_avg_yearly": 0,
            "eps_latest_yearly": 0,
            "eps_growth_yearly": 0
        },
        "20064": {
            "year_quarter": 20064,
            "year": 2006,
            "quarter": 4,
            "eps": null,
            "eps_growth_year": null,
            "eps_4q": null,
            "eps_4q_growth_year": null,
            "roe": null,
            "roe_4q": 0,
            "gross_profit": null,
            "gross_margin": null,
            "gross_margin_4q_avg": 0,
            "net_income": null,
            "revenue": null,
            "common_shares": 110000,
            "book_valuer_per_share": 13.3,
            "book_valuer_per_share_4q_avg": 3.33,
            "equity": 146274,
            "current_ratio": 284.38,
            "debt_ratio": 35.7,
            "inventory_turnover_ratio": null,
            "account_receivable_turnover_ratio": null,
            "reinvestment_rate": null,
            "research_to_sale_ratio": null,
            "price_fair": 0,
            "eps_avg_yearly": 0,
            "eps_latest_yearly": 0,
            "eps_growth_yearly": 0
        },
        "20071": {
            "year_quarter": 20071,
            "year": 2007,
            "quarter": 1,
            "eps": null,
            "eps_growth_year": null,
            "eps_4q": null,
            "eps_4q_growth_year": null,
            "roe": null,
            "roe_4q": 0,
            "gross_profit": null,
            "gross_margin": null,
            "gross_margin_4q_avg": 0,
            "net_income": null,
            "revenue": null,
            "common_shares": null,
            "book_valuer_per_share": null,
            "book_valuer_per_share_4q_avg": 3.33,
            "equity": null,
            "current_ratio": null,
            "debt_ratio": null,
            "inventory_turnover_ratio": null,
            "account_receivable_turnover_ratio": null,
            "reinvestment_rate": null,
            "research_to_sale_ratio": null,
            "price_fair": 0,
            "eps_avg_yearly": 0,
            "eps_latest_yearly": 0,
            "eps_growth_yearly": 0
        },
        "20072": {
            "year_quarter": 20072,
            "year": 2007,
            "quarter": 2,
            "eps": null,
            "eps_growth_year": null,
            "eps_4q": null,
            "eps_4q_growth_year": null,
            "roe": null,
            "roe_4q": 0,
            "gross_profit": null,
            "gross_margin": null,
            "gross_margin_4q_avg": 0,
            "net_income": null,
            "revenue": null,
            "common_shares": null,
            "book_valuer_per_share": null,
            "book_valuer_per_share_4q_avg": 3.33,
            "equity": null,
            "current_ratio": null,
            "debt_ratio": null,
            "inventory_turnover_ratio": null,
            "account_receivable_turnover_ratio": null,
            "reinvestment_rate": null,
            "research_to_sale_ratio": null,
            "price_fair": 0,
            "eps_avg_yearly": 0,
            "eps_latest_yearly": 0,
            "eps_growth_yearly": 0
        },
        "20073": {
            "year_quarter": 20073,
            "year": 2007,
            "quarter": 3,
            "eps": null,
            "eps_growth_year": null,
            "eps_4q": null,
            "eps_4q_growth_year": null,
            "roe": null,
            "roe_4q": 0,
            "gross_profit": null,
            "gross_margin": null,
            "gross_margin_4q_avg": 0,
            "net_income": null,
            "revenue": null,
            "common_shares": null,
            "book_valuer_per_share": null,
            "book_valuer_per_share_4q_avg": 3.33,
            "equity": null,
            "current_ratio": null,
            "debt_ratio": null,
            "inventory_turnover_ratio": null,
            "account_receivable_turnover_ratio": null,
            "reinvestment_rate": null,
            "research_to_sale_ratio": null,
            "price_fair": 0,
            "eps_avg_yearly": 0,
            "eps_latest_yearly": 0,
            "eps_growth_yearly": 0
        },
        "20074": {
            "year_quarter": 20074,
            "year": 2007,
            "quarter": 4,
            "eps": null,
            "eps_growth_year": null,
            "eps_4q": null,
            "eps_4q_growth_year": null,
            "roe": null,
            "roe_4q": 0,
            "gross_profit": null,
            "gross_margin": null,
            "gross_margin_4q_avg": 0,
            "net_income": null,
            "revenue": null,
            "common_shares": 127202,
            "book_valuer_per_share": 13.06,
            "book_valuer_per_share_4q_avg": 3.27,
            "equity": 166164,
            "current_ratio": 592.15,
            "debt_ratio": 22.92,
            "inventory_turnover_ratio": null,
            "account_receivable_turnover_ratio": null,
            "reinvestment_rate": null,
            "research_to_sale_ratio": null,
            "price_fair": 0,
            "eps_avg_yearly": 0,
            "eps_latest_yearly": 0,
            "eps_growth_yearly": 0
        },
        "20081": {
            "year_quarter": 20081,
            "year": 2008,
            "quarter": 1,
            "eps": null,
            "eps_growth_year": null,
            "eps_4q": null,
            "eps_4q_growth_year": null,
            "roe": null,
            "roe_4q": 0,
            "gross_profit": null,
            "gross_margin": null,
            "gross_margin_4q_avg": 0,
            "net_income": null,
            "revenue": null,
            "common_shares": null,
            "book_valuer_per_share": null,
            "book_valuer_per_share_4q_avg": 3.27,
            "equity": null,
            "current_ratio": null,
            "debt_ratio": null,
            "inventory_turnover_ratio": null,
            "account_receivable_turnover_ratio": null,
            "reinvestment_rate": null,
            "research_to_sale_ratio": null,
            "price_fair": 0,
            "eps_avg_yearly": 0,
            "eps_latest_yearly": 0,
            "eps_growth_yearly": 0
        },
        "20082": {
            "year_quarter": 20082,
            "year": 2008,
            "quarter": 2,
            "eps": null,
            "eps_growth_year": null,
            "eps_4q": null,
            "eps_4q_growth_year": null,
            "roe": null,
            "roe_4q": 0,
            "gross_profit": null,
            "gross_margin": null,
            "gross_margin_4q_avg": 0,
            "net_income": null,
            "revenue": null,
            "common_shares": null,
            "book_valuer_per_share": null,
            "book_valuer_per_share_4q_avg": 3.27,
            "equity": null,
            "current_ratio": null,
            "debt_ratio": null,
            "inventory_turnover_ratio": null,
            "account_receivable_turnover_ratio": null,
            "reinvestment_rate": null,
            "research_to_sale_ratio": null,
            "price_fair": 0,
            "eps_avg_yearly": 0,
            "eps_latest_yearly": 0,
            "eps_growth_yearly": 0
        },
        "20083": {
            "year_quarter": 20083,
            "year": 2008,
            "quarter": 3,
            "eps": null,
            "eps_growth_year": null,
            "eps_4q": null,
            "eps_4q_growth_year": null,
            "roe": null,
            "roe_4q": 0,
            "gross_profit": null,
            "gross_margin": null,
            "gross_margin_4q_avg": 0,
            "net_income": null,
            "revenue": null,
            "common_shares": null,
            "book_valuer_per_share": null,
            "book_valuer_per_share_4q_avg": 3.27,
            "equity": null,
            "current_ratio": null,
            "debt_ratio": null,
            "inventory_turnover_ratio": null,
            "account_receivable_turnover_ratio": null,
            "reinvestment_rate": null,
            "research_to_sale_ratio": null,
            "price_fair": 0,
            "eps_avg_yearly": 0,
            "eps_latest_yearly": 0,
            "eps_growth_yearly": 0
        },
        "20084": {
            "year_quarter": 20084,
            "year": 2008,
            "quarter": 4,
            "eps": null,
            "eps_growth_year": null,
            "eps_4q": null,
            "eps_4q_growth_year": null,
            "roe": null,
            "roe_4q": 0,
            "gross_profit": null,
            "gross_margin": null,
            "gross_margin_4q_avg": 0,
            "net_income": null,
            "revenue": null,
            "common_shares": 142972,
            "book_valuer_per_share": 12.47,
            "book_valuer_per_share_4q_avg": 3.12,
            "equity": 178291,
            "current_ratio": 429.37,
            "debt_ratio": 23.77,
            "inventory_turnover_ratio": null,
            "account_receivable_turnover_ratio": null,
            "reinvestment_rate": null,
            "research_to_sale_ratio": null,
            "price_fair": 0,
            "eps_avg_yearly": 0,
            "eps_latest_yearly": 0,
            "eps_growth_yearly": 0
        },
        "20091": {
            "year_quarter": 20091,
            "year": 2009,
            "quarter": 1,
            "eps": null,
            "eps_growth_year": null,
            "eps_4q": null,
            "eps_4q_growth_year": null,
            "roe": null,
            "roe_4q": 0,
            "gross_profit": null,
            "gross_margin": null,
            "gross_margin_4q_avg": 0,
            "net_income": null,
            "revenue": null,
            "common_shares": null,
            "book_valuer_per_share": null,
            "book_valuer_per_share_4q_avg": 3.12,
            "equity": null,
            "current_ratio": null,
            "debt_ratio": null,
            "inventory_turnover_ratio": null,
            "account_receivable_turnover_ratio": null,
            "reinvestment_rate": null,
            "research_to_sale_ratio": null,
            "price_fair": 0,
            "eps_avg_yearly": 0,
            "eps_latest_yearly": 0,
            "eps_growth_yearly": 0
        },
        "20092": {
            "year_quarter": 20092,
            "year": 2009,
            "quarter": 2,
            "eps": null,
            "eps_growth_year": null,
            "eps_4q": null,
            "eps_4q_growth_year": null,
            "roe": null,
            "roe_4q": 0,
            "gross_profit": null,
            "gross_margin": null,
            "gross_margin_4q_avg": 0,
            "net_income": null,
            "revenue": null,
            "common_shares": null,
            "book_valuer_per_share": null,
            "book_valuer_per_share_4q_avg": 3.12,
            "equity": null,
            "current_ratio": null,
            "debt_ratio": null,
            "inventory_turnover_ratio": null,
            "account_receivable_turnover_ratio": null,
            "reinvestment_rate": null,
            "research_to_sale_ratio": null,
            "price_fair": 0,
            "eps_avg_yearly": 0,
            "eps_latest_yearly": 0,
            "eps_growth_yearly": 0
        },
        "20093": {
            "year_quarter": 20093,
            "year": 2009,
            "quarter": 3,
            "eps": null,
            "eps_growth_year": null,
            "eps_4q": null,
            "eps_4q_growth_year": null,
            "roe": null,
            "roe_4q": 0,
            "gross_profit": null,
            "gross_margin": null,
            "gross_margin_4q_avg": 0,
            "net_income": null,
            "revenue": null,
            "common_shares": null,
            "book_valuer_per_share": null,
            "book_valuer_per_share_4q_avg": 3.12,
            "equity": null,
            "current_ratio": null,
            "debt_ratio": null,
            "inventory_turnover_ratio": null,
            "account_receivable_turnover_ratio": null,
            "reinvestment_rate": null,
            "research_to_sale_ratio": null,
            "price_fair": 0,
            "eps_avg_yearly": 0,
            "eps_latest_yearly": 0,
            "eps_growth_yearly": 0
        },
        "20094": {
            "year_quarter": 20094,
            "year": 2009,
            "quarter": 4,
            "eps": null,
            "eps_growth_year": null,
            "eps_4q": null,
            "eps_4q_growth_year": null,
            "roe": null,
            "roe_4q": 0,
            "gross_profit": null,
            "gross_margin": null,
            "gross_margin_4q_avg": 0,
            "net_income": null,
            "revenue": null,
            "common_shares": 144628,
            "book_valuer_per_share": 14.3,
            "book_valuer_per_share_4q_avg": 3.58,
            "equity": 206857,
            "current_ratio": 249.02,
            "debt_ratio": 34.03,
            "inventory_turnover_ratio": null,
            "account_receivable_turnover_ratio": null,
            "reinvestment_rate": null,
            "research_to_sale_ratio": null,
            "price_fair": 0,
            "eps_avg_yearly": 0,
            "eps_latest_yearly": 0,
            "eps_growth_yearly": 0
        },
        "20101": {
            "year_quarter": 20101,
            "year": 2010,
            "quarter": 1,
            "eps": null,
            "eps_growth_year": null,
            "eps_4q": null,
            "eps_4q_growth_year": null,
            "roe": null,
            "roe_4q": 0,
            "gross_profit": null,
            "gross_margin": null,
            "gross_margin_4q_avg": 0,
            "net_income": null,
            "revenue": null,
            "common_shares": null,
            "book_valuer_per_share": null,
            "book_valuer_per_share_4q_avg": 3.58,
            "equity": null,
            "current_ratio": null,
            "debt_ratio": null,
            "inventory_turnover_ratio": null,
            "account_receivable_turnover_ratio": null,
            "reinvestment_rate": null,
            "research_to_sale_ratio": null,
            "price_fair": 0,
            "eps_avg_yearly": 0,
            "eps_latest_yearly": 0,
            "eps_growth_yearly": 0
        },
        "20102": {
            "year_quarter": 20102,
            "year": 2010,
            "quarter": 2,
            "eps": null,
            "eps_growth_year": null,
            "eps_4q": null,
            "eps_4q_growth_year": null,
            "roe": null,
            "roe_4q": 0,
            "gross_profit": null,
            "gross_margin": null,
            "gross_margin_4q_avg": 0,
            "net_income": null,
            "revenue": null,
            "common_shares": null,
            "book_valuer_per_share": null,
            "book_valuer_per_share_4q_avg": 3.58,
            "equity": null,
            "current_ratio": null,
            "debt_ratio": null,
            "inventory_turnover_ratio": null,
            "account_receivable_turnover_ratio": null,
            "reinvestment_rate": null,
            "research_to_sale_ratio": null,
            "price_fair": 0,
            "eps_avg_yearly": 0,
            "eps_latest_yearly": 0,
            "eps_growth_yearly": 0
        },
        "20103": {
            "year_quarter": 20103,
            "year": 2010,
            "quarter": 3,
            "eps": null,
            "eps_growth_year": null,
            "eps_4q": null,
            "eps_4q_growth_year": null,
            "roe": null,
            "roe_4q": 0,
            "gross_profit": null,
            "gross_margin": null,
            "gross_margin_4q_avg": 0,
            "net_income": null,
            "revenue": null,
            "common_shares": null,
            "book_valuer_per_share": null,
            "book_valuer_per_share_4q_avg": 3.58,
            "equity": null,
            "current_ratio": null,
            "debt_ratio": null,
            "inventory_turnover_ratio": null,
            "account_receivable_turnover_ratio": null,
            "reinvestment_rate": null,
            "research_to_sale_ratio": null,
            "price_fair": 0,
            "eps_avg_yearly": 0,
            "eps_latest_yearly": 0,
            "eps_growth_yearly": 0
        },
        "20104": {
            "year_quarter": 20104,
            "year": 2010,
            "quarter": 4,
            "eps": null,
            "eps_growth_year": null,
            "eps_4q": null,
            "eps_4q_growth_year": null,
            "roe": null,
            "roe_4q": 0,
            "gross_profit": null,
            "gross_margin": null,
            "gross_margin_4q_avg": 0,
            "net_income": null,
            "revenue": null,
            "common_shares": 170516,
            "book_valuer_per_share": 13.7,
            "book_valuer_per_share_4q_avg": 3.43,
            "equity": 233686,
            "current_ratio": 248.51,
            "debt_ratio": 36.09,
            "inventory_turnover_ratio": null,
            "account_receivable_turnover_ratio": null,
            "reinvestment_rate": null,
            "research_to_sale_ratio": null,
            "price_fair": 0,
            "eps_avg_yearly": 0,
            "eps_latest_yearly": 0,
            "eps_growth_yearly": 0
        },
        "20111": {
            "year_quarter": 20111,
            "year": 2011,
            "quarter": 1,
            "eps": null,
            "eps_growth_year": null,
            "eps_4q": null,
            "eps_4q_growth_year": null,
            "roe": null,
            "roe_4q": 0,
            "gross_profit": 24713,
            "gross_margin": null,
            "gross_margin_4q_avg": 0,
            "net_income": 2802,
            "revenue": 118959,
            "common_shares": 170516,
            "book_valuer_per_share": 13.9,
            "book_valuer_per_share_4q_avg": 6.9,
            "equity": 237045,
            "current_ratio": 223,
            "debt_ratio": 40.19,
            "inventory_turnover_ratio": null,
            "account_receivable_turnover_ratio": null,
            "reinvestment_rate": null,
            "research_to_sale_ratio": null,
            "price_fair": 0,
            "eps_avg_yearly": 0,
            "eps_latest_yearly": 0,
            "eps_growth_yearly": 0
        },
        "20112": {
            "year_quarter": 20112,
            "year": 2011,
            "quarter": 2,
            "eps": null,
            "eps_growth_year": null,
            "eps_4q": null,
            "eps_4q_growth_year": null,
            "roe": null,
            "roe_4q": 0,
            "gross_profit": 36080,
            "gross_margin": null,
            "gross_margin_4q_avg": 0,
            "net_income": 4670,
            "revenue": 187493,
            "common_shares": 170936,
            "book_valuer_per_share": 14.56,
            "book_valuer_per_share_4q_avg": 10.54,
            "equity": 248876,
            "current_ratio": 228.16,
            "debt_ratio": 38.65,
            "inventory_turnover_ratio": null,
            "account_receivable_turnover_ratio": null,
            "reinvestment_rate": null,
            "research_to_sale_ratio": null,
            "price_fair": 0,
            "eps_avg_yearly": 0,
            "eps_latest_yearly": 0,
            "eps_growth_yearly": 0
        },
        "20113": {
            "year_quarter": 20113,
            "year": 2011,
            "quarter": 3,
            "eps": null,
            "eps_growth_year": null,
            "eps_4q": null,
            "eps_4q_growth_year": null,
            "roe": null,
            "roe_4q": 0,
            "gross_profit": 34707,
            "gross_margin": null,
            "gross_margin_4q_avg": 0,
            "net_income": 7471,
            "revenue": 153589,
            "common_shares": 202633,
            "book_valuer_per_share": 14.5,
            "book_valuer_per_share_4q_avg": 14.17,
            "equity": 293793,
            "current_ratio": 209.95,
            "debt_ratio": 42.39,
            "inventory_turnover_ratio": null,
            "account_receivable_turnover_ratio": null,
            "reinvestment_rate": null,
            "research_to_sale_ratio": null,
            "price_fair": 0,
            "eps_avg_yearly": 0,
            "eps_latest_yearly": 0,
            "eps_growth_yearly": 0
        },
        "20114": {
            "year_quarter": 20114,
            "year": 2011,
            "quarter": 4,
            "eps": null,
            "eps_growth_year": null,
            "eps_4q": null,
            "eps_4q_growth_year": null,
            "roe": null,
            "roe_4q": 0,
            "gross_profit": 49258,
            "gross_margin": null,
            "gross_margin_4q_avg": 0,
            "net_income": 16635,
            "revenue": 267642,
            "common_shares": 202633,
            "book_valuer_per_share": 15.28,
            "book_valuer_per_share_4q_avg": 14.56,
            "equity": 309609,
            "current_ratio": 203.91,
            "debt_ratio": 44.49,
            "inventory_turnover_ratio": null,
            "account_receivable_turnover_ratio": null,
            "reinvestment_rate": null,
            "research_to_sale_ratio": null,
            "price_fair": 0,
            "eps_avg_yearly": 0,
            "eps_latest_yearly": 0,
            "eps_growth_yearly": 0
        },
        "20121": {
            "year_quarter": 20121,
            "year": 2012,
            "quarter": 1,
            "eps": 0.72,
            "eps_growth_year": null,
            "eps_4q": 0.72,
            "eps_4q_growth_year": null,
            "roe": 4.61,
            "roe_4q": 4.61,
            "gross_profit": 49209,
            "gross_margin": 19.32,
            "gross_margin_4q_avg": 4.83,
            "net_income": 14591,
            "revenue": 254702,
            "common_shares": 203053,
            "book_valuer_per_share": 15.9,
            "book_valuer_per_share_4q_avg": 15.06,
            "equity": 322817,
            "current_ratio": 219.22,
            "debt_ratio": 41.53,
            "inventory_turnover_ratio": 1.77,
            "account_receivable_turnover_ratio": 1.97,
            "reinvestment_rate": null,
            "research_to_sale_ratio": 1.63,
            "price_fair": 0,
            "eps_avg_yearly": 0,
            "eps_latest_yearly": 0,
            "eps_growth_yearly": 0
        },
        "20122": {
            "year_quarter": 20122,
            "year": 2012,
            "quarter": 2,
            "eps": 1.12,
            "eps_growth_year": null,
            "eps_4q": 1.84,
            "eps_4q_growth_year": null,
            "roe": 7.09,
            "roe_4q": 11.7,
            "gross_profit": 72094,
            "gross_margin": 22.71,
            "gross_margin_4q_avg": 10.51,
            "net_income": 22722,
            "revenue": 317441,
            "common_shares": 203053,
            "book_valuer_per_share": 15.67,
            "book_valuer_per_share_4q_avg": 15.34,
            "equity": 318139,
            "current_ratio": 208.27,
            "debt_ratio": 44.22,
            "inventory_turnover_ratio": 1.84,
            "account_receivable_turnover_ratio": 2.27,
            "reinvestment_rate": null,
            "research_to_sale_ratio": 1.91,
            "price_fair": 156.8,
            "eps_avg_yearly": 4.48,
            "eps_latest_yearly": 4.48,
            "eps_growth_yearly": 222.22
        },
        "20123": {
            "year_quarter": 20123,
            "year": 2012,
            "quarter": 3,
            "eps": 2.05,
            "eps_growth_year": null,
            "eps_4q": 3.89,
            "eps_4q_growth_year": null,
            "roe": 12.33,
            "roe_4q": 24.03,
            "gross_profit": 95715,
            "gross_margin": 26.61,
            "gross_margin_4q_avg": 17.16,
            "net_income": 41604,
            "revenue": 359634,
            "common_shares": 203053,
            "book_valuer_per_share": 17.56,
            "book_valuer_per_share_4q_avg": 16.1,
            "equity": 356632,
            "current_ratio": 201.21,
            "debt_ratio": 46.7,
            "inventory_turnover_ratio": 1.9,
            "account_receivable_turnover_ratio": 2.05,
            "reinvestment_rate": null,
            "research_to_sale_ratio": 1.43,
            "price_fair": 221.9,
            "eps_avg_yearly": 6.34,
            "eps_latest_yearly": 8.2,
            "eps_growth_yearly": 277.18
        },
        "20124": {
            "year_quarter": 20124,
            "year": 2012,
            "quarter": 4,
            "eps": 1.56,
            "eps_growth_year": null,
            "eps_4q": 5.09,
            "eps_4q_growth_year": null,
            "roe": 8.48,
            "roe_4q": 32.510000000000005,
            "gross_profit": 85665,
            "gross_margin": 28.02,
            "gross_margin_4q_avg": 24.17,
            "net_income": 34795,
            "revenue": 305705,
            "common_shares": 223263,
            "book_valuer_per_share": 20.79,
            "book_valuer_per_share_4q_avg": 17.48,
            "equity": 464251,
            "current_ratio": 246.23,
            "debt_ratio": 38.44,
            "inventory_turnover_ratio": 1.55,
            "account_receivable_turnover_ratio": 1.55,
            "reinvestment_rate": null,
            "research_to_sale_ratio": 1.81,
            "price_fair": 220.73,
            "eps_avg_yearly": 6.31,
            "eps_latest_yearly": 6.24,
            "eps_growth_yearly": 152.92
        },
        "20131": {
            "year_quarter": 20131,
            "year": 2013,
            "quarter": 1,
            "eps": 2.17,
            "eps_growth_year": 201.39,
            "eps_4q": 6.6,
            "eps_4q_growth_year": 818.82,
            "roe": 9.87,
            "roe_4q": 37.769999999999996,
            "gross_profit": 88887,
            "gross_margin": 29.57,
            "gross_margin_4q_avg": 26.73,
            "net_income": 48518,
            "revenue": 300570,
            "common_shares": 223613,
            "book_valuer_per_share": 23.2,
            "book_valuer_per_share_4q_avg": 19.31,
            "equity": 518810,
            "current_ratio": 244.27,
            "debt_ratio": 37.92,
            "inventory_turnover_ratio": 1.71,
            "account_receivable_turnover_ratio": 1.55,
            "reinvestment_rate": null,
            "research_to_sale_ratio": 1.26,
            "price_fair": 241.5,
            "eps_avg_yearly": 6.9,
            "eps_latest_yearly": 8.68,
            "eps_growth_yearly": 153.79
        },
        "20132": {
            "year_quarter": 20132,
            "year": 2013,
            "quarter": 2,
            "eps": 2.04,
            "eps_growth_year": 82.3,
            "eps_4q": 7.63,
            "eps_4q_growth_year": 315.19,
            "roe": 9.17,
            "roe_4q": 39.85,
            "gross_profit": 99622,
            "gross_margin": 30.63,
            "gross_margin_4q_avg": 28.71,
            "net_income": 45688,
            "revenue": 325289,
            "common_shares": 223613,
            "book_valuer_per_share": 21.35,
            "book_valuer_per_share_4q_avg": 20.73,
            "equity": 477425,
            "current_ratio": 186.59,
            "debt_ratio": 49.17,
            "inventory_turnover_ratio": 1.73,
            "account_receivable_turnover_ratio": 1.43,
            "reinvestment_rate": null,
            "research_to_sale_ratio": 1.73,
            "price_fair": 250.32,
            "eps_avg_yearly": 7.15,
            "eps_latest_yearly": 8.16,
            "eps_growth_yearly": 118.24
        },
        "20133": {
            "year_quarter": 20133,
            "year": 2013,
            "quarter": 3,
            "eps": 2.19,
            "eps_growth_year": 6.89,
            "eps_4q": 5.11,
            "eps_4q_growth_year": 31.38,
            "roe": 8.64,
            "roe_4q": 36.16,
            "gross_profit": 107937,
            "gross_margin": 30.79,
            "gross_margin_4q_avg": 29.75,
            "net_income": 48930,
            "revenue": 350561,
            "common_shares": 223613,
            "book_valuer_per_share": 26.66,
            "book_valuer_per_share_4q_avg": 23,
            "equity": 654625,
            "current_ratio": 274.64,
            "debt_ratio": 33.08,
            "inventory_turnover_ratio": 1.62,
            "account_receivable_turnover_ratio": 1.45,
            "reinvestment_rate": null,
            "research_to_sale_ratio": 2.03,
            "price_fair": 259.7,
            "eps_avg_yearly": 7.42,
            "eps_latest_yearly": 8.76,
            "eps_growth_yearly": 103.44
        },
        "20134": {
            "year_quarter": 20134,
            "year": 2013,
            "quarter": 4,
            "eps": 1.05,
            "eps_growth_year": -32.74,
            "eps_4q": 6.69,
            "eps_4q_growth_year": 31.36,
            "roe": 3.84,
            "roe_4q": 31.519999999999996,
            "gross_profit": 69398,
            "gross_margin": 27.65,
            "gross_margin_4q_avg": 29.66,
            "net_income": 26592,
            "revenue": 250947,
            "common_shares": 253683,
            "book_valuer_per_share": 28.8,
            "book_valuer_per_share_4q_avg": 25,
            "equity": 730537,
            "current_ratio": 342.6,
            "debt_ratio": 27.06,
            "inventory_turnover_ratio": 1.33,
            "account_receivable_turnover_ratio": 1.44,
            "reinvestment_rate": null,
            "research_to_sale_ratio": 2.61,
            "price_fair": 243.6,
            "eps_avg_yearly": 6.96,
            "eps_latest_yearly": 4.2,
            "eps_growth_yearly": 58.91
        },
        "20141": {
            "year_quarter": 20141,
            "year": 2014,
            "quarter": 1,
            "eps": 1.07,
            "eps_growth_year": -50.69,
            "eps_4q": 5.85,
            "eps_4q_growth_year": -11.37,
            "roe": 3.65,
            "roe_4q": 25.300000000000004,
            "gross_profit": 64001,
            "gross_margin": 31.34,
            "gross_margin_4q_avg": 30.1,
            "net_income": 27234,
            "revenue": 204210,
            "common_shares": 253683,
            "book_valuer_per_share": 29.96,
            "book_valuer_per_share_4q_avg": 26.69,
            "equity": 760047,
            "current_ratio": 383.16,
            "debt_ratio": 24.52,
            "inventory_turnover_ratio": 1.21,
            "account_receivable_turnover_ratio": 1.74,
            "reinvestment_rate": null,
            "research_to_sale_ratio": 2.95,
            "price_fair": 231.88,
            "eps_avg_yearly": 6.63,
            "eps_latest_yearly": 4.28,
            "eps_growth_yearly": 52.5
        },
        "20142": {
            "year_quarter": 20142,
            "year": 2014,
            "quarter": 2,
            "eps": 1,
            "eps_growth_year": -50.98,
            "eps_4q": 4.21,
            "eps_4q_growth_year": -44.79,
            "roe": 3.45,
            "roe_4q": 19.58,
            "gross_profit": 79325,
            "gross_margin": 33.07,
            "gross_margin_4q_avg": 30.71,
            "net_income": 25473,
            "revenue": 239874,
            "common_shares": 253683,
            "book_valuer_per_share": 28.33,
            "book_valuer_per_share_4q_avg": 28.44,
            "equity": 718610,
            "current_ratio": 300.3,
            "debt_ratio": 30.76,
            "inventory_turnover_ratio": 1.49,
            "account_receivable_turnover_ratio": 1.8,
            "reinvestment_rate": null,
            "research_to_sale_ratio": 3.1,
            "price_fair": 221.67,
            "eps_avg_yearly": 6.33,
            "eps_latest_yearly": 4,
            "eps_growth_yearly": 43.76
        },
        "20143": {
            "year_quarter": 20143,
            "year": 2014,
            "quarter": 3,
            "eps": 1.52,
            "eps_growth_year": -30.59,
            "eps_4q": 4.07,
            "eps_4q_growth_year": -20.37,
            "roe": 6.2,
            "roe_4q": 17.14,
            "gross_profit": 94799,
            "gross_margin": 30.64,
            "gross_margin_4q_avg": 30.68,
            "net_income": 46178,
            "revenue": 309407,
            "common_shares": 308620,
            "book_valuer_per_share": 24.95,
            "book_valuer_per_share_4q_avg": 28.01,
            "equity": 770103,
            "current_ratio": 337.56,
            "debt_ratio": 28.14,
            "inventory_turnover_ratio": 1.82,
            "account_receivable_turnover_ratio": 1.66,
            "reinvestment_rate": null,
            "research_to_sale_ratio": 2.96,
            "price_fair": 220.78,
            "eps_avg_yearly": 6.31,
            "eps_latest_yearly": 6.08,
            "eps_growth_yearly": 60.18
        },
        "20144": {
            "year_quarter": 20144,
            "year": 2014,
            "quarter": 4,
            "eps": 0.75,
            "eps_growth_year": -28.03,
            "eps_4q": 3.96,
            "eps_4q_growth_year": -40.83,
            "roe": 2.95,
            "roe_4q": 16.25,
            "gross_profit": 57393,
            "gross_margin": 30.42,
            "gross_margin_4q_avg": 31.37,
            "net_income": 23283,
            "revenue": 188681,
            "common_shares": 308620,
            "book_valuer_per_share": 26.16,
            "book_valuer_per_share_4q_avg": 27.35,
            "equity": 807273,
            "current_ratio": 399.4,
            "debt_ratio": 23.58,
            "inventory_turnover_ratio": 0.99,
            "account_receivable_turnover_ratio": 1.11,
            "reinvestment_rate": 0.92,
            "research_to_sale_ratio": 6.24,
            "price_fair": 210.25,
            "eps_avg_yearly": 6.01,
            "eps_latest_yearly": 3,
            "eps_growth_yearly": 36.29
        },
        "20151": {
            "year_quarter": 20151,
            "year": 2015,
            "quarter": 1,
            "eps": 0.81,
            "eps_growth_year": -24.3,
            "eps_4q": 3.87,
            "eps_4q_growth_year": -33.79,
            "roe": 3,
            "roe_4q": 15.600000000000001,
            "gross_profit": 66804,
            "gross_margin": 30.04,
            "gross_margin_4q_avg": 31.04,
            "net_income": 24629,
            "revenue": 222382,
            "common_shares": 308620,
            "book_valuer_per_share": 26.99,
            "book_valuer_per_share_4q_avg": 26.61,
            "equity": 833020,
            "current_ratio": 398.3,
            "debt_ratio": 22.46,
            "inventory_turnover_ratio": 1.19,
            "account_receivable_turnover_ratio": 1.7,
            "reinvestment_rate": 24.57,
            "research_to_sale_ratio": 5.82,
            "price_fair": 202.18,
            "eps_avg_yearly": 5.78,
            "eps_latest_yearly": 3.24,
            "eps_growth_yearly": 35.93
        },
        "20152": {
            "year_quarter": 20152,
            "year": 2015,
            "quarter": 2,
            "eps": 0.5,
            "eps_growth_year": -50,
            "eps_4q": 3.54,
            "eps_4q_growth_year": -15.96,
            "roe": 1.95,
            "roe_4q": 14.100000000000001,
            "gross_profit": 51358,
            "gross_margin": 34.3,
            "gross_margin_4q_avg": 31.35,
            "net_income": 15371,
            "revenue": 149729,
            "common_shares": 309220,
            "book_valuer_per_share": 23.99,
            "book_valuer_per_share_4q_avg": 25.52,
            "equity": 741928,
            "current_ratio": 294.09,
            "debt_ratio": 29.09,
            "inventory_turnover_ratio": 0.8,
            "account_receivable_turnover_ratio": 1.26,
            "reinvestment_rate": 23.99,
            "research_to_sale_ratio": 8.98,
            "price_fair": 172.23,
            "eps_avg_yearly": 5.49,
            "eps_latest_yearly": 2,
            "eps_growth_yearly": 21.39
        },
        "20153": {
            "year_quarter": 20153,
            "year": 2015,
            "quarter": 3,
            "eps": 0.56,
            "eps_growth_year": -63.16,
            "eps_4q": 2.81,
            "eps_4q_growth_year": -30.89,
            "roe": 2.33,
            "roe_4q": 10.23,
            "gross_profit": 40749,
            "gross_margin": 27.98,
            "gross_margin_4q_avg": 30.69,
            "net_income": 16564,
            "revenue": 145616,
            "common_shares": 307600,
            "book_valuer_per_share": 23.65,
            "book_valuer_per_share_4q_avg": 25.2,
            "equity": 681261,
            "current_ratio": 340.81,
            "debt_ratio": 24.8,
            "inventory_turnover_ratio": 0.77,
            "account_receivable_turnover_ratio": 1.57,
            "reinvestment_rate": 31.9,
            "research_to_sale_ratio": 10.5,
            "price_fair": 174.94,
            "eps_avg_yearly": 5.25,
            "eps_latest_yearly": 2.24,
            "eps_growth_yearly": 23.29
        },
        "20154": {
            "year_quarter": 20154,
            "year": 2015,
            "quarter": 4,
            "eps": 0.51,
            "eps_growth_year": -31.79,
            "eps_4q": 2.56,
            "eps_4q_growth_year": -35.39,
            "roe": 1.95,
            "roe_4q": 9.23,
            "gross_profit": 43573,
            "gross_margin": 27.49,
            "gross_margin_4q_avg": 29.95,
            "net_income": 13150,
            "revenue": 158521,
            "common_shares": 307540,
            "book_valuer_per_share": 23.86,
            "book_valuer_per_share_4q_avg": 24.62,
            "equity": 669133,
            "current_ratio": 382.84,
            "debt_ratio": 21.87,
            "inventory_turnover_ratio": 0.82,
            "account_receivable_turnover_ratio": 1.49,
            "reinvestment_rate": 7.63,
            "research_to_sale_ratio": -3.43,
            "price_fair": 147.98,
            "eps_avg_yearly": 5.04,
            "eps_latest_yearly": 2.04,
            "eps_growth_yearly": 19.36
        },
        "20161": {
            "year_quarter": 20161,
            "year": 2016,
            "quarter": 1,
            "eps": 0.37,
            "eps_growth_year": -54.32,
            "eps_4q": 2.03,
            "eps_4q_growth_year": -47.49,
            "roe": 1.42,
            "roe_4q": 7.65,
            "gross_profit": 55178,
            "gross_margin": 30.54,
            "gross_margin_4q_avg": 30.08,
            "net_income": 9586,
            "revenue": 180666,
            "common_shares": 307350,
            "book_valuer_per_share": 24.15,
            "book_valuer_per_share_4q_avg": 23.91,
            "equity": 676307,
            "current_ratio": 380.95,
            "debt_ratio": 21.87,
            "inventory_turnover_ratio": 1.02,
            "account_receivable_turnover_ratio": 1.31,
            "reinvestment_rate": 6.27,
            "research_to_sale_ratio": 6.87,
            "price_fair": 102.56,
            "eps_avg_yearly": 4.82,
            "eps_latest_yearly": 1.48,
            "eps_growth_yearly": 11.29
        },
        "20162": {
            "year_quarter": 20162,
            "year": 2016,
            "quarter": 2,
            "eps": 0.83,
            "eps_growth_year": 66,
            "eps_4q": 2.31,
            "eps_4q_growth_year": -34.82,
            "roe": 3.38,
            "roe_4q": 9.08,
            "gross_profit": 61009,
            "gross_margin": 34.56,
            "gross_margin_4q_avg": 30.14,
            "net_income": 22295,
            "revenue": 176543,
            "common_shares": 307010,
            "book_valuer_per_share": 22.97,
            "book_valuer_per_share_4q_avg": 23.66,
            "equity": 642150,
            "current_ratio": 295.11,
            "debt_ratio": 27.79,
            "inventory_turnover_ratio": 1.06,
            "account_receivable_turnover_ratio": 1.41,
            "reinvestment_rate": -4.44,
            "research_to_sale_ratio": 4.95,
            "price_fair": 166.08,
            "eps_avg_yearly": 4.75,
            "eps_latest_yearly": 3.32,
            "eps_growth_yearly": 28.48
        },
        "20163": {
            "year_quarter": 20163,
            "year": 2016,
            "quarter": 3,
            "eps": 0.27,
            "eps_growth_year": -51.79,
            "eps_4q": 1.98,
            "eps_4q_growth_year": -29.61,
            "roe": 1.11,
            "roe_4q": 7.86,
            "gross_profit": 35898,
            "gross_margin": 33.82,
            "gross_margin_4q_avg": 31.6,
            "net_income": 7085,
            "revenue": 106150,
            "common_shares": 305567,
            "book_valuer_per_share": 22.91,
            "book_valuer_per_share_4q_avg": 23.47,
            "equity": 636995,
            "current_ratio": 367.29,
            "debt_ratio": 22.2,
            "inventory_turnover_ratio": 0.62,
            "account_receivable_turnover_ratio": 1.16,
            "reinvestment_rate": -9.49,
            "research_to_sale_ratio": 5.28,
            "price_fair": 12.9,
            "eps_avg_yearly": 4.3,
            "eps_latest_yearly": 1.08,
            "eps_growth_yearly": -9.15
        },
        "20164": {
            "year_quarter": 20164,
            "year": 2016,
            "quarter": 4,
            "eps": 0.56,
            "eps_growth_year": 9.69,
            "eps_4q": 2.02,
            "eps_4q_growth_year": -20.86,
            "roe": 2.39,
            "roe_4q": 8.3,
            "gross_profit": 55233,
            "gross_margin": 30.04,
            "gross_margin_4q_avg": 32.24,
            "net_income": 15381,
            "revenue": 183838,
            "common_shares": 305567,
            "book_valuer_per_share": 23.4,
            "book_valuer_per_share_4q_avg": 23.36,
            "equity": 650348,
            "current_ratio": 381.89,
            "debt_ratio": 22.29,
            "inventory_turnover_ratio": 1.23,
            "account_receivable_turnover_ratio": 1.5,
            "reinvestment_rate": -15.29,
            "research_to_sale_ratio": 6.57,
            "price_fair": 136.41,
            "eps_avg_yearly": 4.05,
            "eps_latest_yearly": 2.24,
            "eps_growth_yearly": 23.68
        },
        "20171": {
            "year_quarter": 20171,
            "year": 2017,
            "quarter": 1,
            "eps": 0.08,
            "eps_growth_year": -78.38,
            "eps_4q": 1.36,
            "eps_4q_growth_year": -33.1,
            "roe": 0.21,
            "roe_4q": 7.09,
            "gross_profit": 38969,
            "gross_margin": 34.83,
            "gross_margin_4q_avg": 33.31,
            "net_income": 1592,
            "revenue": 111879,
            "common_shares": 381537,
            "book_valuer_per_share": 24.39,
            "book_valuer_per_share_4q_avg": 23.42,
            "equity": 862427,
            "current_ratio": 596.32,
            "debt_ratio": 15.37,
            "inventory_turnover_ratio": 0.88,
            "account_receivable_turnover_ratio": 0.98,
            "reinvestment_rate": 18.66,
            "research_to_sale_ratio": 10.93,
            "price_fair": 10.58,
            "eps_avg_yearly": 3.53,
            "eps_latest_yearly": 0.32,
            "eps_growth_yearly": -7.52
        },
        "20172": {
            "year_quarter": 20172,
            "year": 2017,
            "quarter": 2,
            "eps": -0.12,
            "eps_growth_year": -114.46,
            "eps_4q": 0.59,
            "eps_4q_growth_year": -74.41,
            "roe": -0.54,
            "roe_4q": 3.17,
            "gross_profit": 34717,
            "gross_margin": 33.35,
            "gross_margin_4q_avg": 33.01,
            "net_income": -4455,
            "revenue": 104095,
            "common_shares": 381396,
            "book_valuer_per_share": 22.38,
            "book_valuer_per_share_4q_avg": 23.27,
            "equity": 791169,
            "current_ratio": 401.64,
            "debt_ratio": 21.71,
            "inventory_turnover_ratio": 0.9,
            "account_receivable_turnover_ratio": 1.38,
            "reinvestment_rate": 20.38,
            "research_to_sale_ratio": 10.16,
            "price_fair": 9.66,
            "eps_avg_yearly": 3.22,
            "eps_latest_yearly": 0.32,
            "eps_growth_yearly": -6.43
        },
        "20173": {
            "year_quarter": 20173,
            "year": 2017,
            "quarter": 3,
            "eps": -0.42,
            "eps_growth_year": -255.56,
            "eps_4q": -0.04,
            "eps_4q_growth_year": -102.05,
            "roe": -1.95,
            "roe_4q": 0.10999999999999988,
            "gross_profit": 22852,
            "gross_margin": 32.8,
            "gross_margin_4q_avg": 32.76,
            "net_income": -15229,
            "revenue": 69661,
            "common_shares": 380541,
            "book_valuer_per_share": 21.92,
            "book_valuer_per_share_4q_avg": 23.02,
            "equity": 771221,
            "current_ratio": 515.12,
            "debt_ratio": 17.03,
            "inventory_turnover_ratio": 0.52,
            "account_receivable_turnover_ratio": 0.96,
            "reinvestment_rate": 12.26,
            "research_to_sale_ratio": 18.46,
            "price_fair": 8.47,
            "eps_avg_yearly": 2.82,
            "eps_latest_yearly": 0.32,
            "eps_growth_yearly": -8.99
        },
        "20174": {
            "year_quarter": 20174,
            "year": 2017,
            "quarter": 4,
            "eps": -0.42,
            "eps_growth_year": -174.6,
            "eps_4q": -0.91,
            "eps_4q_growth_year": -144.73,
            "roe": -1.99,
            "roe_4q": -4.2700000000000005,
            "gross_profit": 25314,
            "gross_margin": 31.65,
            "gross_margin_4q_avg": 33.16,
            "net_income": -15221,
            "revenue": 79975,
            "common_shares": 380541,
            "book_valuer_per_share": 21.53,
            "book_valuer_per_share_4q_avg": 22.56,
            "equity": 757135,
            "current_ratio": 530.17,
            "debt_ratio": 16.38,
            "inventory_turnover_ratio": 0.44,
            "account_receivable_turnover_ratio": 1.56,
            "reinvestment_rate": 30.9,
            "research_to_sale_ratio": 12.13,
            "price_fair": 44.39,
            "eps_avg_yearly": 2.72,
            "eps_latest_yearly": 0.32,
            "eps_growth_yearly": 6.34
        },
        "20181": {
            "year_quarter": 20181,
            "year": 2018,
            "quarter": 1,
            "eps": -0.3,
            "eps_growth_year": -475,
            "eps_4q": -1.25,
            "eps_4q_growth_year": -191.56,
            "roe": -1.47,
            "roe_4q": -5.95,
            "gross_profit": 26054,
            "gross_margin": 26,
            "gross_margin_4q_avg": 30.95,
            "net_income": -11031,
            "revenue": 100200,
            "common_shares": 387541,
            "book_valuer_per_share": 20.83,
            "book_valuer_per_share_4q_avg": 21.67,
            "equity": 746714,
            "current_ratio": 469.95,
            "debt_ratio": 17.96,
            "inventory_turnover_ratio": 0.5,
            "account_receivable_turnover_ratio": 1.92,
            "reinvestment_rate": 30.75,
            "research_to_sale_ratio": 8.65,
            "price_fair": 41.99,
            "eps_avg_yearly": 2.59,
            "eps_latest_yearly": 0.32,
            "eps_growth_yearly": 6.23
        },
        "20182": {
            "year_quarter": 20182,
            "year": 2018,
            "quarter": 2,
            "eps": -0.07,
            "eps_growth_year": null,
            "eps_4q": -1.2,
            "eps_4q_growth_year": -303.47,
            "roe": -0.4,
            "roe_4q": -5.8100000000000005,
            "gross_profit": 37570,
            "gross_margin": 30.7,
            "gross_margin_4q_avg": 30.29,
            "net_income": -2962,
            "revenue": 122367,
            "common_shares": 387460,
            "book_valuer_per_share": 20.35,
            "book_valuer_per_share_4q_avg": 21.16,
            "equity": 729130,
            "current_ratio": 429.46,
            "debt_ratio": 19.53,
            "inventory_turnover_ratio": 0.54,
            "account_receivable_turnover_ratio": 1.55,
            "reinvestment_rate": 36.26,
            "research_to_sale_ratio": 8.89,
            "price_fair": 47.14,
            "eps_avg_yearly": 2.46,
            "eps_latest_yearly": 0.32,
            "eps_growth_yearly": 9.18
        },
        "20183": {
            "year_quarter": 20183,
            "year": 2018,
            "quarter": 3,
            "eps": -0.3,
            "eps_growth_year": null,
            "eps_4q": -1.09,
            "eps_4q_growth_year": null,
            "roe": -1.5,
            "roe_4q": -5.36,
            "gross_profit": 27476,
            "gross_margin": 31.73,
            "gross_margin_4q_avg": 30.02,
            "net_income": -10823,
            "revenue": 86599,
            "common_shares": 387460,
            "book_valuer_per_share": 19.96,
            "book_valuer_per_share_4q_avg": 20.67,
            "equity": 713373,
            "current_ratio": 636.13,
            "debt_ratio": 12.55,
            "inventory_turnover_ratio": 0.45,
            "account_receivable_turnover_ratio": 1.02,
            "reinvestment_rate": 76.57,
            "research_to_sale_ratio": 11.01,
            "price_fair": 6.29,
            "eps_avg_yearly": 2.1,
            "eps_latest_yearly": 0.32,
            "eps_growth_yearly": -10.7
        },
        "20184": {
            "year_quarter": 20184,
            "year": 2018,
            "quarter": 4,
            "eps": -0.84,
            "eps_growth_year": null,
            "eps_4q": -1.51,
            "eps_4q_growth_year": null,
            "roe": -4.27,
            "roe_4q": -7.64,
            "gross_profit": 20678,
            "gross_margin": 24.8,
            "gross_margin_4q_avg": 28.31,
            "net_income": -29967,
            "revenue": 83372,
            "common_shares": 356860,
            "book_valuer_per_share": 19.31,
            "book_valuer_per_share_4q_avg": 20.11,
            "equity": 688991,
            "current_ratio": 509.02,
            "debt_ratio": 14.67,
            "inventory_turnover_ratio": 0.62,
            "account_receivable_turnover_ratio": 1.5,
            "reinvestment_rate": 143.84,
            "research_to_sale_ratio": 10.67,
            "price_fair": 41.15,
            "eps_avg_yearly": 2,
            "eps_latest_yearly": 0.32,
            "eps_growth_yearly": 10.62
        },
        "20191": {
            "year_quarter": 20191,
            "year": 2019,
            "quarter": 1,
            "eps": -0.53,
            "eps_growth_year": null,
            "eps_4q": -1.75,
            "eps_4q_growth_year": null,
            "roe": -2.77,
            "roe_4q": -8.94,
            "gross_profit": 20690,
            "gross_margin": 28.55,
            "gross_margin_4q_avg": 28.95,
            "net_income": -18883,
            "revenue": 72480,
            "common_shares": 355836,
            "book_valuer_per_share": 18.95,
            "book_valuer_per_share_4q_avg": 19.64,
            "equity": 674217,
            "current_ratio": 481.05,
            "debt_ratio": 14.96,
            "inventory_turnover_ratio": 0.58,
            "account_receivable_turnover_ratio": 1.87,
            "reinvestment_rate": null,
            "research_to_sale_ratio": 15.38,
            "price_fair": 33.02,
            "eps_avg_yearly": 1.84,
            "eps_latest_yearly": 0.32,
            "eps_growth_yearly": 7.95
        },
        "20192": {
            "year_quarter": 20192,
            "year": 2019,
            "quarter": 2,
            "eps": -0.44,
            "eps_growth_year": null,
            "eps_4q": -2.11,
            "eps_4q_growth_year": null,
            "roe": -2.33,
            "roe_4q": -10.87,
            "gross_profit": 22417,
            "gross_margin": 25.85,
            "gross_margin_4q_avg": 27.73,
            "net_income": -15539,
            "revenue": 86732,
            "common_shares": 355836,
            "book_valuer_per_share": 18.5,
            "book_valuer_per_share_4q_avg": 19.18,
            "equity": 658216,
            "current_ratio": 540.81,
            "debt_ratio": 12.97,
            "inventory_turnover_ratio": 0.85,
            "account_receivable_turnover_ratio": 1.83,
            "reinvestment_rate": null,
            "research_to_sale_ratio": 12.31,
            "price_fair": 63.6,
            "eps_avg_yearly": 1.82,
            "eps_latest_yearly": 0.32,
            "eps_growth_yearly": 30.95
        },
        "20193": {
            "year_quarter": 20193,
            "year": 2019,
            "quarter": 3,
            "eps": -0.4,
            "eps_growth_year": null,
            "eps_4q": -2.21,
            "eps_4q_growth_year": null,
            "roe": -2.22,
            "roe_4q": -11.59,
            "gross_profit": 28260,
            "gross_margin": 38.63,
            "gross_margin_4q_avg": 29.46,
            "net_income": -14379,
            "revenue": 73148,
            "common_shares": 355836,
            "book_valuer_per_share": 17.98,
            "book_valuer_per_share_4q_avg": 18.69,
            "equity": 639874,
            "current_ratio": 414.11,
            "debt_ratio": 16.76,
            "inventory_turnover_ratio": 0.55,
            "account_receivable_turnover_ratio": 1.67,
            "reinvestment_rate": null,
            "research_to_sale_ratio": 17.82,
            "price_fair": 61.13,
            "eps_avg_yearly": 1.75,
            "eps_latest_yearly": 0.32,
            "eps_growth_yearly": 28.11
        },
        "20194": {
            "year_quarter": 20194,
            "year": 2019,
            "quarter": 4,
            "eps": -0.11,
            "eps_growth_year": null,
            "eps_4q": -1.48,
            "eps_4q_growth_year": null,
            "roe": -0.6,
            "roe_4q": -7.92,
            "gross_profit": 38426,
            "gross_margin": 37.62,
            "gross_margin_4q_avg": 32.66,
            "net_income": -3825,
            "revenue": 102151,
            "common_shares": 355356,
            "book_valuer_per_share": 17.63,
            "book_valuer_per_share_4q_avg": 18.27,
            "equity": 626536,
            "current_ratio": 550.97,
            "debt_ratio": 13.19,
            "inventory_turnover_ratio": 0.74,
            "account_receivable_turnover_ratio": 2.27,
            "reinvestment_rate": null,
            "research_to_sale_ratio": 11.37,
            "price_fair": 59.08,
            "eps_avg_yearly": 1.69,
            "eps_latest_yearly": 0.32,
            "eps_growth_yearly": 40.88
        },
        "20201": {
            "year_quarter": 20201,
            "year": 2020,
            "quarter": 1,
            "eps": -0.59,
            "eps_growth_year": null,
            "eps_4q": -1.54,
            "eps_4q_growth_year": null,
            "roe": -3.38,
            "roe_4q": -8.530000000000001,
            "gross_profit": 12348,
            "gross_margin": 30.56,
            "gross_margin_4q_avg": 33.17,
            "net_income": -20782,
            "revenue": 40407,
            "common_shares": 354450,
            "book_valuer_per_share": 17.03,
            "book_valuer_per_share_4q_avg": 17.79,
            "equity": 603676,
            "current_ratio": 589.85,
            "debt_ratio": 14.21,
            "inventory_turnover_ratio": 0.38,
            "account_receivable_turnover_ratio": 1.04,
            "reinvestment_rate": null,
            "research_to_sale_ratio": 23.25,
            "price_fair": 60.9,
            "eps_avg_yearly": 1.74,
            "eps_latest_yearly": 0.32,
            "eps_growth_yearly": 78.55
        },
        "20202": {
            "year_quarter": 20202,
            "year": 2020,
            "quarter": 2,
            "eps": -0.21,
            "eps_growth_year": null,
            "eps_4q": -1.38,
            "eps_4q_growth_year": null,
            "roe": -1.25,
            "roe_4q": -7.449999999999999,
            "gross_profit": 18882,
            "gross_margin": 33.2,
            "gross_margin_4q_avg": 35,
            "net_income": -7321,
            "revenue": 56872,
            "common_shares": 354450,
            "book_valuer_per_share": 16.88,
            "book_valuer_per_share_4q_avg": 17.38,
            "equity": 567230,
            "current_ratio": 551.48,
            "debt_ratio": 15.61,
            "inventory_turnover_ratio": 0.55,
            "account_receivable_turnover_ratio": 1.77,
            "reinvestment_rate": null,
            "research_to_sale_ratio": 14.25,
            "price_fair": 3.64,
            "eps_avg_yearly": 1.21,
            "eps_latest_yearly": 0.32,
            "eps_growth_yearly": -61.04
        },
        "20203": {
            "year_quarter": 20203,
            "year": 2020,
            "quarter": 3,
            "eps": -0.53,
            "eps_growth_year": null,
            "eps_4q": -1.48,
            "eps_4q_growth_year": null,
            "roe": -3.18,
            "roe_4q": -8.41,
            "gross_profit": 13608,
            "gross_margin": 24.77,
            "gross_margin_4q_avg": 31.54,
            "net_income": -17786,
            "revenue": 54944,
            "common_shares": 354450,
            "book_valuer_per_share": 16.39,
            "book_valuer_per_share_4q_avg": 16.98,
            "equity": 549905,
            "current_ratio": 526.69,
            "debt_ratio": 16.07,
            "inventory_turnover_ratio": 0.65,
            "account_receivable_turnover_ratio": 1.48,
            "reinvestment_rate": null,
            "research_to_sale_ratio": 15.54,
            "price_fair": 44.8,
            "eps_avg_yearly": 1.28,
            "eps_latest_yearly": 0.32,
            "eps_growth_yearly": 43.39
        },
        "20204": {
            "year_quarter": 20204,
            "year": 2020,
            "quarter": 4,
            "eps": -0.27,
            "eps_growth_year": null,
            "eps_4q": -1.64,
            "eps_4q_growth_year": null,
            "roe": -1.67,
            "roe_4q": -9.48,
            "gross_profit": 27663,
            "gross_margin": 50.45,
            "gross_margin_4q_avg": 34.75,
            "net_income": -9122,
            "revenue": 54837,
            "common_shares": 354360,
            "book_valuer_per_share": 16.16,
            "book_valuer_per_share_4q_avg": 16.62,
            "equity": 542141,
            "current_ratio": 565.26,
            "debt_ratio": 15.08,
            "inventory_turnover_ratio": 0.41,
            "account_receivable_turnover_ratio": 1.85,
            "reinvestment_rate": null,
            "research_to_sale_ratio": 14.81,
            "price_fair": 0.96,
            "eps_avg_yearly": 0.32,
            "eps_latest_yearly": 0.32,
            "eps_growth_yearly": -342.86
        },
        "20211": {
            "year_quarter": 20211,
            "year": 2021,
            "quarter": 1,
            "eps": -0.46,
            "eps_growth_year": null,
            "eps_4q": -1.5,
            "eps_4q_growth_year": null,
            "roe": -3.09,
            "roe_4q": -9.19,
            "gross_profit": 14460,
            "gross_margin": 24.06,
            "gross_margin_4q_avg": 33.12,
            "net_income": -16432,
            "revenue": 60107,
            "common_shares": 358590,
            "book_valuer_per_share": 15.38,
            "book_valuer_per_share_4q_avg": 16.2,
            "equity": 522493,
            "current_ratio": 513.59,
            "debt_ratio": 15.95,
            "inventory_turnover_ratio": 0.67,
            "account_receivable_turnover_ratio": 2.1,
            "reinvestment_rate": null,
            "research_to_sale_ratio": 12.3,
            "price_fair": 0,
            "eps_avg_yearly": 0,
            "eps_latest_yearly": 0,
            "eps_growth_yearly": 0
        },
        "20212": {
            "year_quarter": 20212,
            "year": 2021,
            "quarter": 2,
            "eps": -0.78,
            "eps_growth_year": null,
            "eps_4q": -2.05,
            "eps_4q_growth_year": null,
            "roe": -5.16,
            "roe_4q": -13.1,
            "gross_profit": 11324,
            "gross_margin": 27.12,
            "gross_margin_4q_avg": 31.6,
            "net_income": -26242,
            "revenue": 41754,
            "common_shares": 358394,
            "book_valuer_per_share": 14.57,
            "book_valuer_per_share_4q_avg": 15.63,
            "equity": 494556,
            "current_ratio": 430.45,
            "debt_ratio": 18.08,
            "inventory_turnover_ratio": 0.41,
            "account_receivable_turnover_ratio": 1.63,
            "reinvestment_rate": null,
            "research_to_sale_ratio": 19.44,
            "price_fair": 0,
            "eps_avg_yearly": 0,
            "eps_latest_yearly": 0,
            "eps_growth_yearly": 0
        },
        "20213": {
            "year_quarter": 20213,
            "year": 2021,
            "quarter": 3,
            "eps": -0.56,
            "eps_growth_year": null,
            "eps_4q": -2.08,
            "eps_4q_growth_year": null,
            "roe": -3.89,
            "roe_4q": -13.81,
            "gross_profit": 13380,
            "gross_margin": 28.85,
            "gross_margin_4q_avg": 32.62,
            "net_income": -18876,
            "revenue": 46384,
            "common_shares": 358394,
            "book_valuer_per_share": 14.02,
            "book_valuer_per_share_4q_avg": 15.03,
            "equity": 475929,
            "current_ratio": 489.72,
            "debt_ratio": 15.92,
            "inventory_turnover_ratio": 0.41,
            "account_receivable_turnover_ratio": 2.29,
            "reinvestment_rate": null,
            "research_to_sale_ratio": 13.53,
            "price_fair": 0,
            "eps_avg_yearly": 0,
            "eps_latest_yearly": 0,
            "eps_growth_yearly": 0
        },
        "20214": {
            "year_quarter": 20214,
            "year": 2021,
            "quarter": 4,
            "eps": -0.47,
            "eps_growth_year": null,
            "eps_4q": -2.29,
            "eps_4q_growth_year": null,
            "roe": -3.42,
            "roe_4q": -15.56,
            "gross_profit": 18084,
            "gross_margin": 39.03,
            "gross_margin_4q_avg": 29.77,
            "net_income": -16012,
            "revenue": 46337,
            "common_shares": 357194,
            "book_valuer_per_share": 13.62,
            "book_valuer_per_share_4q_avg": 14.4,
            "equity": 460553,
            "current_ratio": 459.13,
            "debt_ratio": 17.82,
            "inventory_turnover_ratio": 0.37,
            "account_receivable_turnover_ratio": 2.08,
            "reinvestment_rate": null,
            "research_to_sale_ratio": 8.36,
            "price_fair": 0,
            "eps_avg_yearly": 0,
            "eps_latest_yearly": 0,
            "eps_growth_yearly": 0
        },
        "20221": {
            "year_quarter": 20221,
            "year": 2022,
            "quarter": 1,
            "eps": -0.54,
            "eps_growth_year": null,
            "eps_4q": -2.34,
            "eps_4q_growth_year": null,
            "roe": -3.94,
            "roe_4q": -16.41,
            "gross_profit": 8473,
            "gross_margin": 22.45,
            "gross_margin_4q_avg": 29.36,
            "net_income": -17909,
            "revenue": 37745,
            "common_shares": 357194,
            "book_valuer_per_share": 13.26,
            "book_valuer_per_share_4q_avg": 13.87,
            "equity": 448420,
            "current_ratio": 437.51,
            "debt_ratio": 18.48,
            "inventory_turnover_ratio": 0.38,
            "account_receivable_turnover_ratio": 1.69,
            "reinvestment_rate": null,
            "research_to_sale_ratio": 10.28,
            "price_fair": 0,
            "eps_avg_yearly": 0,
            "eps_latest_yearly": 0,
            "eps_growth_yearly": 0
        },
        "20222": {
            "year_quarter": 20222,
            "year": 2022,
            "quarter": 2,
            "eps": 0.09,
            "eps_growth_year": null,
            "eps_4q": -1.47,
            "eps_4q_growth_year": null,
            "roe": 0.65,
            "roe_4q": -10.6,
            "gross_profit": 27333,
            "gross_margin": 31.78,
            "gross_margin_4q_avg": 30.53,
            "net_income": 2943,
            "revenue": 86013,
            "common_shares": 356954,
            "book_valuer_per_share": 13.4,
            "book_valuer_per_share_4q_avg": 13.58,
            "equity": 452895,
            "current_ratio": 431.68,
            "debt_ratio": 21.03,
            "inventory_turnover_ratio": 0.77,
            "account_receivable_turnover_ratio": 2.03,
            "reinvestment_rate": null,
            "research_to_sale_ratio": 7.42,
            "price_fair": 0,
            "eps_avg_yearly": 0,
            "eps_latest_yearly": 0,
            "eps_growth_yearly": 0
        },
        "20223": {
            "year_quarter": 20223,
            "year": 2022,
            "quarter": 3,
            "eps": -0.04,
            "eps_growth_year": null,
            "eps_4q": -0.96,
            "eps_4q_growth_year": null,
            "roe": -0.33,
            "roe_4q": -7.04,
            "gross_profit": 26569,
            "gross_margin": 32.97,
            "gross_margin_4q_avg": 31.56,
            "net_income": -1486,
            "revenue": 80595,
            "common_shares": 356954,
            "book_valuer_per_share": 13.53,
            "book_valuer_per_share_4q_avg": 13.45,
            "equity": 457155,
            "current_ratio": 401.84,
            "debt_ratio": 22.92,
            "inventory_turnover_ratio": 0.75,
            "account_receivable_turnover_ratio": 1.31,
            "reinvestment_rate": null,
            "research_to_sale_ratio": 9.92,
            "price_fair": 0,
            "eps_avg_yearly": 0,
            "eps_latest_yearly": 0,
            "eps_growth_yearly": 0
        },
        "20224": {
            "year_quarter": 20224,
            "year": 2022,
            "quarter": 4,
            "eps": -0.08,
            "eps_growth_year": null,
            "eps_4q": -0.57,
            "eps_4q_growth_year": null,
            "roe": -0.59,
            "roe_4q": -4.21,
            "gross_profit": 40155,
            "gross_margin": 39.08,
            "gross_margin_4q_avg": 31.57,
            "net_income": -2688,
            "revenue": 102749,
            "common_shares": 356954,
            "book_valuer_per_share": 13.41,
            "book_valuer_per_share_4q_avg": 13.4,
            "equity": 453119,
            "current_ratio": 488.02,
            "debt_ratio": 19.12,
            "inventory_turnover_ratio": 1.03,
            "account_receivable_turnover_ratio": 1.35,
            "reinvestment_rate": null,
            "research_to_sale_ratio": 4.98,
            "price_fair": 0,
            "eps_avg_yearly": 0,
            "eps_latest_yearly": 0,
            "eps_growth_yearly": 0
        },
        "20231": {
            "year_quarter": 20231,
            "year": 2023,
            "quarter": 1,
            "eps": -0.56,
            "eps_growth_year": null,
            "eps_4q": -0.59,
            "eps_4q_growth_year": null,
            "roe": -4.25,
            "roe_4q": -4.52,
            "gross_profit": 11156,
            "gross_margin": 32.56,
            "gross_margin_4q_avg": 34.1,
            "net_income": -18850,
            "revenue": 34268,
            "common_shares": 356954,
            "book_valuer_per_share": 12.84,
            "book_valuer_per_share_4q_avg": 13.3,
            "equity": 434128,
            "current_ratio": 623.62,
            "debt_ratio": 15.64,
            "inventory_turnover_ratio": 0.48,
            "account_receivable_turnover_ratio": 0.64,
            "reinvestment_rate": null,
            "research_to_sale_ratio": 17.75,
            "price_fair": 0,
            "eps_avg_yearly": 0,
            "eps_latest_yearly": 0,
            "eps_growth_yearly": 0
        }
    },
    "months": {
        "2011-10": {
            "month": "2011-10",
            "price": "19.86",
            "revenue": 111197
        },
        "2011-11": {
            "month": "2011-11",
            "price": "19.94",
            "revenue": 70765
        },
        "2011-12": {
            "month": "2011-12",
            "price": "22.17",
            "revenue": 84496
        },
        "2012-01": {
            "month": "2012-01",
            "price": "24.31",
            "revenue": 71656
        },
        "2012-02": {
            "month": "2012-02",
            "price": "27.23",
            "revenue": 78245
        },
        "2012-03": {
            "month": "2012-03",
            "price": "28.40",
            "revenue": 105342
        },
        "2012-04": {
            "month": "2012-04",
            "price": "28.10",
            "revenue": 123005
        },
        "2012-05": {
            "month": "2012-05",
            "price": "27.31",
            "revenue": 86060
        },
        "2012-06": {
            "month": "2012-06",
            "price": "28.99",
            "revenue": 108384
        },
        "2012-07": {
            "month": "2012-07",
            "price": "30.56",
            "revenue": 111247
        },
        "2012-08": {
            "month": "2012-08",
            "price": "34.16",
            "revenue": 160132
        },
        "2012-09": {
            "month": "2012-09",
            "price": "41.31",
            "revenue": 89268
        },
        "2012-10": {
            "month": "2012-10",
            "price": "45.21",
            "revenue": 111453
        },
        "2012-11": {
            "month": "2012-11",
            "price": "46.88",
            "revenue": 108311
        },
        "2012-12": {
            "month": "2012-12",
            "price": "52.35",
            "revenue": 85933
        },
        "2013-01": {
            "month": "2013-01",
            "price": "59.70",
            "revenue": 101073
        },
        "2013-02": {
            "month": "2013-02",
            "price": "66.28",
            "revenue": 79065
        },
        "2013-03": {
            "month": "2013-03",
            "price": "65.44",
            "revenue": 120432
        },
        "2013-04": {
            "month": "2013-04",
            "price": "74.80",
            "revenue": 100144
        },
        "2013-05": {
            "month": "2013-05",
            "price": "75.76",
            "revenue": 103182
        },
        "2013-06": {
            "month": "2013-06",
            "price": "72.63",
            "revenue": 121963
        },
        "2013-07": {
            "month": "2013-07",
            "price": "74.09",
            "revenue": 103786
        },
        "2013-08": {
            "month": "2013-08",
            "price": "81.65",
            "revenue": 130764
        },
        "2013-09": {
            "month": "2013-09",
            "price": "77.38",
            "revenue": 116011
        },
        "2013-10": {
            "month": "2013-10",
            "price": "79.69",
            "revenue": 110877
        },
        "2013-11": {
            "month": "2013-11",
            "price": "82.70",
            "revenue": 73830
        },
        "2013-12": {
            "month": "2013-12",
            "price": "76.44",
            "revenue": 66267
        },
        "2014-01": {
            "month": "2014-01",
            "price": "71.25",
            "revenue": 85428
        },
        "2014-02": {
            "month": "2014-02",
            "price": "70.73",
            "revenue": 61096
        },
        "2014-03": {
            "month": "2014-03",
            "price": "73.32",
            "revenue": 57686
        },
        "2014-04": {
            "month": "2014-04",
            "price": "70.30",
            "revenue": 79121
        },
        "2014-05": {
            "month": "2014-05",
            "price": "70.39",
            "revenue": 72442
        },
        "2014-06": {
            "month": "2014-06",
            "price": "73.98",
            "revenue": 88311
        },
        "2014-07": {
            "month": "2014-07",
            "price": "71.52",
            "revenue": 104837
        },
        "2014-08": {
            "month": "2014-08",
            "price": "59.83",
            "revenue": 95200
        },
        "2014-09": {
            "month": "2014-09",
            "price": "56.32",
            "revenue": 109370
        },
        "2014-10": {
            "month": "2014-10",
            "price": "49.28",
            "revenue": 57806
        },
        "2014-11": {
            "month": "2014-11",
            "price": "44.77",
            "revenue": 67374
        },
        "2014-12": {
            "month": "2014-12",
            "price": "46.57",
            "revenue": 63501
        },
        "2015-01": {
            "month": "2015-01",
            "price": "54.33",
            "revenue": 88523
        },
        "2015-02": {
            "month": "2015-02",
            "price": "54.47",
            "revenue": 77552
        },
        "2015-03": {
            "month": "2015-03",
            "price": "51.94",
            "revenue": 56307
        },
        "2015-04": {
            "month": "2015-04",
            "price": "49.27",
            "revenue": 55493
        },
        "2015-05": {
            "month": "2015-05",
            "price": "45.79",
            "revenue": 31590
        },
        "2015-06": {
            "month": "2015-06",
            "price": "42.00",
            "revenue": 62646
        },
        "2015-07": {
            "month": "2015-07",
            "price": "35.48",
            "revenue": 37900
        },
        "2015-08": {
            "month": "2015-08",
            "price": "32.93",
            "revenue": 42656
        },
        "2015-09": {
            "month": "2015-09",
            "price": "37.95",
            "revenue": 65060
        },
        "2015-10": {
            "month": "2015-10",
            "price": "36.33",
            "revenue": 27686
        },
        "2015-11": {
            "month": "2015-11",
            "price": "31.73",
            "revenue": 63207
        },
        "2015-12": {
            "month": "2015-12",
            "price": "31.27",
            "revenue": 67628
        },
        "2016-01": {
            "month": "2016-01",
            "price": "28.74",
            "revenue": 71457
        },
        "2016-02": {
            "month": "2016-02",
            "price": "29.91",
            "revenue": 57335
        },
        "2016-03": {
            "month": "2016-03",
            "price": "30.29",
            "revenue": 51874
        },
        "2016-04": {
            "month": "2016-04",
            "price": "30.47",
            "revenue": 74910
        },
        "2016-05": {
            "month": "2016-05",
            "price": "29.98",
            "revenue": 39979
        },
        "2016-06": {
            "month": "2016-06",
            "price": "29.30",
            "revenue": 61654
        },
        "2016-07": {
            "month": "2016-07",
            "price": "29.94",
            "revenue": 30703
        },
        "2016-08": {
            "month": "2016-08",
            "price": "30.07",
            "revenue": 44318
        },
        "2016-09": {
            "month": "2016-09",
            "price": "29.58",
            "revenue": 31129
        },
        "2016-10": {
            "month": "2016-10",
            "price": "28.35",
            "revenue": 46673
        },
        "2016-11": {
            "month": "2016-11",
            "price": "27.93",
            "revenue": 88048
        },
        "2016-12": {
            "month": "2016-12",
            "price": "29.25",
            "revenue": 49114
        },
        "2017-01": {
            "month": "2017-01",
            "price": "28.88",
            "revenue": 41688
        },
        "2017-02": {
            "month": "2017-02",
            "price": "28.47",
            "revenue": 22994
        },
        "2017-03": {
            "month": "2017-03",
            "price": "27.53",
            "revenue": 47197
        },
        "2017-04": {
            "month": "2017-04",
            "price": "28.88",
            "revenue": 35086
        },
        "2017-05": {
            "month": "2017-05",
            "price": "31.20",
            "revenue": 37616
        },
        "2017-06": {
            "month": "2017-06",
            "price": "37.16",
            "revenue": 31393
        },
        "2017-07": {
            "month": "2017-07",
            "price": "30.71",
            "revenue": 30192
        },
        "2017-08": {
            "month": "2017-08",
            "price": "28.87",
            "revenue": 24840
        },
        "2017-09": {
            "month": "2017-09",
            "price": "27.27",
            "revenue": 14629
        },
        "2017-10": {
            "month": "2017-10",
            "price": "24.64",
            "revenue": 23324
        },
        "2017-11": {
            "month": "2017-11",
            "price": "22.54",
            "revenue": 14677
        },
        "2017-12": {
            "month": "2017-12",
            "price": "20.26",
            "revenue": 41974
        },
        "2018-01": {
            "month": "2018-01",
            "price": "21.17",
            "revenue": 35991
        },
        "2018-02": {
            "month": "2018-02",
            "price": "19.99",
            "revenue": 23496
        },
        "2018-03": {
            "month": "2018-03",
            "price": "21.05",
            "revenue": 41619
        },
        "2018-04": {
            "month": "2018-04",
            "price": "20.38",
            "revenue": 34783
        },
        "2018-05": {
            "month": "2018-05",
            "price": "19.63",
            "revenue": 28045
        },
        "2018-06": {
            "month": "2018-06",
            "price": "19.78",
            "revenue": 59569
        },
        "2018-07": {
            "month": "2018-07",
            "price": "18.12",
            "revenue": 38980
        },
        "2018-08": {
            "month": "2018-08",
            "price": "18.35",
            "revenue": 24793
        },
        "2018-09": {
            "month": "2018-09",
            "price": "18.56",
            "revenue": 21890
        },
        "2018-10": {
            "month": "2018-10",
            "price": "16.09",
            "revenue": 42068
        },
        "2018-11": {
            "month": "2018-11",
            "price": "14.91",
            "revenue": 20400
        },
        "2018-12": {
            "month": "2018-12",
            "price": "15.52",
            "revenue": 22429
        },
        "2019-01": {
            "month": "2019-01",
            "price": "14.97",
            "revenue": 37894
        },
        "2019-02": {
            "month": "2019-02",
            "price": "15.76",
            "revenue": 14600
        },
        "2019-03": {
            "month": "2019-03",
            "price": "15.45",
            "revenue": 19986
        },
        "2019-04": {
            "month": "2019-04",
            "price": "14.86",
            "revenue": 31911
        },
        "2019-05": {
            "month": "2019-05",
            "price": "13.95",
            "revenue": 36203
        },
        "2019-06": {
            "month": "2019-06",
            "price": "13.59",
            "revenue": 18617
        },
        "2019-07": {
            "month": "2019-07",
            "price": "14.11",
            "revenue": 23837
        },
        "2019-08": {
            "month": "2019-08",
            "price": "14.52",
            "revenue": 22941
        },
        "2019-09": {
            "month": "2019-09",
            "price": "14.39",
            "revenue": 26371
        },
        "2019-10": {
            "month": "2019-10",
            "price": "14.31",
            "revenue": 43134
        },
        "2019-11": {
            "month": "2019-11",
            "price": "14.00",
            "revenue": 29471
        },
        "2019-12": {
            "month": "2019-12",
            "price": "13.54",
            "revenue": 29546
        },
        "2020-01": {
            "month": "2020-01",
            "price": "13.41",
            "revenue": 13919
        },
        "2020-02": {
            "month": "2020-02",
            "price": "12.33",
            "revenue": 11130
        },
        "2020-03": {
            "month": "2020-03",
            "price": "9.88",
            "revenue": 15358
        },
        "2020-04": {
            "month": "2020-04",
            "price": "9.46",
            "revenue": 18729
        },
        "2020-05": {
            "month": "2020-05",
            "price": "12.44",
            "revenue": 17534
        },
        "2020-06": {
            "month": "2020-06",
            "price": "14.15",
            "revenue": 20609
        },
        "2020-07": {
            "month": "2020-07",
            "price": "13.07",
            "revenue": 13742
        },
        "2020-08": {
            "month": "2020-08",
            "price": "12.48",
            "revenue": 15212
        },
        "2020-09": {
            "month": "2020-09",
            "price": "12.84",
            "revenue": 25990
        },
        "2020-10": {
            "month": "2020-10",
            "price": "12.58",
            "revenue": 20794
        },
        "2020-11": {
            "month": "2020-11",
            "price": "12.37",
            "revenue": 11401
        },
        "2020-12": {
            "month": "2020-12",
            "price": "12.88",
            "revenue": 22642
        },
        "2021-01": {
            "month": "2021-01",
            "price": "13.80",
            "revenue": 18607
        },
        "2021-02": {
            "month": "2021-02",
            "price": "13.00",
            "revenue": 21979
        },
        "2021-03": {
            "month": "2021-03",
            "price": "14.47",
            "revenue": 19521
        },
        "2021-04": {
            "month": "2021-04",
            "price": "14.74",
            "revenue": 11273
        },
        "2021-05": {
            "month": "2021-05",
            "price": "13.37",
            "revenue": 13776
        },
        "2021-06": {
            "month": "2021-06",
            "price": "13.95",
            "revenue": 16705
        },
        "2021-07": {
            "month": "2021-07",
            "price": "13.97",
            "revenue": 17966
        },
        "2021-08": {
            "month": "2021-08",
            "price": "13.43",
            "revenue": 19629
        },
        "2021-09": {
            "month": "2021-09",
            "price": "13.51",
            "revenue": 8789
        },
        "2021-10": {
            "month": "2021-10",
            "price": "13.85",
            "revenue": 16049
        },
        "2021-11": {
            "month": "2021-11",
            "price": "14.06",
            "revenue": 12247
        },
        "2021-12": {
            "month": "2021-12",
            "price": "16.93",
            "revenue": 18041
        },
        "2022-01": {
            "month": "2022-01",
            "price": "16.21",
            "revenue": 18509
        },
        "2022-02": {
            "month": "2022-02",
            "price": "16.13",
            "revenue": 5263
        },
        "2022-03": {
            "month": "2022-03",
            "price": "17.64",
            "revenue": 13973
        },
        "2022-04": {
            "month": "2022-04",
            "price": "18.51",
            "revenue": 24528
        },
        "2022-05": {
            "month": "2022-05",
            "price": "16.66",
            "revenue": 29481
        },
        "2022-06": {
            "month": "2022-06",
            "price": "16.48",
            "revenue": 32004
        },
        "2022-07": {
            "month": "2022-07",
            "price": "16.58",
            "revenue": 28613
        },
        "2022-08": {
            "month": "2022-08",
            "price": "20.65",
            "revenue": 34087
        },
        "2022-09": {
            "month": "2022-09",
            "price": "23.41",
            "revenue": 17895
        },
        "2022-10": {
            "month": "2022-10",
            "price": "24.64",
            "revenue": 27108
        },
        "2022-11": {
            "month": "2022-11",
            "price": "28.29",
            "revenue": 14197
        },
        "2022-12": {
            "month": "2022-12",
            "price": "26.65",
            "revenue": 61444
        },
        "2023-01": {
            "month": "2023-01",
            "price": "25.27",
            "revenue": 17192
        },
        "2023-02": {
            "month": "2023-02",
            "price": "26.99",
            "revenue": 11284
        },
        "2023-03": {
            "month": "2023-03",
            "price": "25.13",
            "revenue": 5792
        },
        "2023-04": {
            "month": "2023-04",
            "price": "23.01",
            "revenue": 11917
        }
    }
}
