{
    "summary": {
        "stock_name": "虹堡",
        "stock_id": "5258",
        "category": "電腦及週邊設備",
        "main_business": "電腦及週邊設備製造業<br>資訊軟體服務業<br>產品設計業",
        "website_url": "http://www.castlestech.com",
        "ceo": "林鴻鈞",
        "pe_ratio": 16,
        "report_year_from": 2011,
        "report_year_to": 2023,
        "age": 13,
        "eps_negative_percentage": 13,
        "eps_growth_avg": {
            "last_all": 12.03,
            "last_2y": 31.57,
            "last_4y": 48.68,
            "last_8y": null,
            "last_12y": null,
            "last_16y": null,
            "last_20y": null,
            "at_2006_last_3y": null,
            "at_2007_last_3y": null,
            "at_2008_last_3y": null,
            "at_2009_last_3y": null,
            "at_2010_last_3y": null,
            "at_2011_last_3y": null,
            "at_2012_last_3y": null,
            "at_2013_last_3y": null,
            "at_2014_last_3y": null,
            "at_2015_last_3y": null,
            "at_2016_last_3y": null,
            "at_2017_last_3y": null,
            "at_2018_last_3y": null,
            "at_2019_last_3y": null,
            "at_2020_last_3y": -7.52,
            "at_2021_last_3y": 4.35,
            "at_2022_last_3y": 71.02,
            "at_2023_last_3y": 48.68,
            "at_2024_last_3y": 48.68,
            "at_2006_last_all": null,
            "at_2007_last_all": null,
            "at_2008_last_all": null,
            "at_2009_last_all": null,
            "at_2010_last_all": null,
            "at_2011_last_all": null,
            "at_2012_last_all": null,
            "at_2013_last_all": null,
            "at_2014_last_all": null,
            "at_2015_last_all": null,
            "at_2016_last_all": null,
            "at_2017_last_all": null,
            "at_2018_last_all": -61.27,
            "at_2019_last_all": -61.27,
            "at_2020_last_all": -7.52,
            "at_2021_last_all": -2.37,
            "at_2022_last_all": 18.1,
            "at_2023_last_all": 12.03,
            "at_2024_last_all": 12.03
        },
        "latest_eps": 8.46,
        "latest_price": 139,
        "latest_roe": 29.86,
        "latest_gross_margin": 29.47,
        "latest_equity": 3620331,
        "latest_revenue": 2092520,
        "latest_gross_profit": 616711,
        "latest_net_income": 261629,
        "latest_debt_ratio": 47.54,
        "latest_current_ratio": 203.75,
        "latest_account_receivable_turnover_ratio": 1.31,
        "latest_inventory_turnover_ratio": 0.66,
        "latest_reinvestment_rate": 4.79,
        "latest_research_to_sale_ratio": 6.76
    },
    "eps_dividends": {
        "2001": {
            "cash": 0,
            "stock": 0,
            "eps": 0
        },
        "2002": {
            "cash": 0,
            "stock": 0,
            "eps": 0
        },
        "2003": {
            "cash": 0,
            "stock": 0,
            "eps": 0
        },
        "2004": {
            "cash": 0,
            "stock": 0,
            "eps": 0
        },
        "2005": {
            "cash": 0,
            "stock": 0,
            "eps": 0
        },
        "2006": {
            "cash": 0,
            "stock": 0,
            "eps": 0
        },
        "2007": {
            "cash": 0,
            "stock": 0,
            "eps": 0
        },
        "2008": {
            "cash": 0,
            "stock": 0,
            "eps": 0
        },
        "2009": {
            "cash": 0,
            "stock": 0,
            "eps": 0
        },
        "2010": {
            "cash": 0,
            "stock": 0,
            "eps": 0
        },
        "2011": {
            "cash": 2,
            "stock": 3,
            "eps": 0
        },
        "2012": {
            "cash": 0,
            "stock": 0,
            "eps": 0
        },
        "2013": {
            "cash": 0.8,
            "stock": 0.5,
            "eps": 0
        },
        "2014": {
            "cash": 0.5,
            "stock": 0.7,
            "eps": 0
        },
        "2015": {
            "cash": 0.5,
            "stock": 0.3,
            "eps": 0
        },
        "2016": {
            "cash": 0.5,
            "stock": 0.5,
            "eps": 1.02
        },
        "2017": {
            "cash": 2,
            "stock": 0,
            "eps": 0.79
        },
        "2018": {
            "cash": 0.4,
            "stock": 0,
            "eps": -4.24
        },
        "2019": {
            "cash": 0,
            "stock": 0,
            "eps": 0.19
        },
        "2020": {
            "cash": 0,
            "stock": 0,
            "eps": 2.22
        },
        "2021": {
            "cash": 0.6,
            "stock": 0,
            "eps": 2.51
        },
        "2022": {
            "cash": 0.54,
            "stock": 0,
            "eps": 8.12
        },
        "2023": {
            "cash": 0.8,
            "stock": 0.5,
            "eps": 6.63
        }
    },
    "dividends": {
        "2011-01-01": {
            "cash": 1,
            "stock": 1.5
        },
        "2011-06-21": {
            "cash": 1,
            "stock": 1.5
        },
        "2013-03-28": {
            "cash": 0.8,
            "stock": 0.5
        },
        "2014-09-29": {
            "cash": 0.5,
            "stock": 0.7
        },
        "2015-10-08": {
            "cash": 0.5,
            "stock": 0.3
        },
        "2016-09-23": {
            "cash": 0.5,
            "stock": 0.5
        },
        "2017-09-08": {
            "cash": 2,
            "stock": 0
        },
        "2018-03-27": {
            "cash": 0.4,
            "stock": 0
        },
        "2021-12-20": {
            "cash": 0.6,
            "stock": 0
        },
        "2022-11-15": {
            "cash": 0.54,
            "stock": 0
        },
        "2023-11-21": {
            "cash": 0.8,
            "stock": 0.5
        }
    },
    "prices": {
        "200101": "無",
        "200102": "無",
        "200103": "無",
        "200104": "無",
        "200105": "無",
        "200106": "無",
        "200107": "無",
        "200108": "無",
        "200109": "無",
        "200110": "無",
        "200111": "無",
        "200112": "無",
        "200201": "無",
        "200202": "無",
        "200203": "無",
        "200204": "無",
        "200205": "無",
        "200206": "無",
        "200207": "無",
        "200208": "無",
        "200209": "無",
        "200210": "無",
        "200211": "無",
        "200212": "無",
        "200301": "無",
        "200302": "無",
        "200303": "無",
        "200304": "無",
        "200305": "無",
        "200306": "無",
        "200307": "無",
        "200308": "無",
        "200309": "無",
        "200310": "無",
        "200311": "無",
        "200312": "無",
        "200401": "無",
        "200402": "無",
        "200403": "無",
        "200404": "無",
        "200405": "無",
        "200406": "無",
        "200407": "無",
        "200408": "無",
        "200409": "無",
        "200410": "無",
        "200411": "無",
        "200412": "無",
        "200501": "無",
        "200502": "無",
        "200503": "無",
        "200504": "無",
        "200505": "無",
        "200506": "無",
        "200507": "無",
        "200508": "無",
        "200509": "無",
        "200510": "無",
        "200511": "無",
        "200512": "無",
        "200601": "無",
        "200602": "無",
        "200603": "無",
        "200604": "無",
        "200605": "無",
        "200606": "無",
        "200607": "無",
        "200608": "無",
        "200609": "無",
        "200610": "無",
        "200611": "無",
        "200612": "無",
        "200701": "無",
        "200702": "無",
        "200703": "無",
        "200704": "無",
        "200705": "無",
        "200706": "無",
        "200707": "無",
        "200708": "無",
        "200709": "無",
        "200710": "無",
        "200711": "無",
        "200712": "無",
        "200801": "無",
        "200802": "無",
        "200803": "無",
        "200804": "無",
        "200805": "無",
        "200806": "無",
        "200807": "無",
        "200808": "無",
        "200809": "無",
        "200810": "無",
        "200811": "無",
        "200812": "無",
        "200901": "無",
        "200902": "無",
        "200903": "無",
        "200904": "無",
        "200905": "無",
        "200906": "無",
        "200907": "無",
        "200908": "無",
        "200909": "無",
        "200910": "無",
        "200911": "無",
        "200912": "無",
        "201001": "無",
        "201002": "無",
        "201003": "無",
        "201004": "無",
        "201005": "無",
        "201006": "無",
        "201007": "無",
        "201008": "無",
        "201009": "無",
        "201010": "無",
        "201011": "無",
        "201012": "無",
        "201101": "無",
        "201102": "無",
        "201103": "無",
        "201104": "無",
        "201105": "無",
        "201106": "無",
        "201107": "無",
        "201108": "無",
        "201109": "無",
        "201110": "無",
        "201111": "31.50",
        "201112": "30.41",
        "201201": "29.21",
        "201202": "29.26",
        "201203": "28.82",
        "201204": "28.26",
        "201205": "25.64",
        "201206": "22.97",
        "201207": "20.39",
        "201208": "19.23",
        "201209": "17.33",
        "201210": "19.16",
        "201211": "19.66",
        "201212": "18.41",
        "201301": "18.15",
        "201302": "17.89",
        "201303": "17.88",
        "201304": "17.80",
        "201305": "16.72",
        "201306": "16.23",
        "201307": "15.77",
        "201308": "16.69",
        "201309": "15.24",
        "201310": "16.75",
        "201311": "17.52",
        "201312": "23.04",
        "201401": "25.01",
        "201402": "26.51",
        "201403": "27.09",
        "201404": "25.58",
        "201405": "23.92",
        "201406": "25.60",
        "201407": "24.07",
        "201408": "23.00",
        "201409": "21.83",
        "201410": "22.38",
        "201411": "20.87",
        "201412": "20.74",
        "201501": "20.74",
        "201502": "20.11",
        "201503": "20.10",
        "201504": "18.58",
        "201505": "18.07",
        "201506": "18.90",
        "201507": "20.49",
        "201508": "18.11",
        "201509": "18.30",
        "201510": "21.51",
        "201511": "25.01",
        "201512": "27.67",
        "201601": "28.81",
        "201602": "31.08",
        "201603": "36.59",
        "201604": "40.67",
        "201605": "50.08",
        "201606": "51.57",
        "201607": "56.24",
        "201608": "67.01",
        "201609": "67.48",
        "201610": "60.78",
        "201611": "51.70",
        "201612": "47.68",
        "201701": "41.81",
        "201702": "45.58",
        "201703": "40.89",
        "201704": "41.10",
        "201705": "41.42",
        "201706": "39.61",
        "201707": "38.51",
        "201708": "31.37",
        "201709": "29.38",
        "201710": "28.83",
        "201711": "28.11",
        "201712": "24.25",
        "201801": "26.22",
        "201802": "24.42",
        "201803": "22.80",
        "201804": "19.98",
        "201805": "19.66",
        "201806": "19.85",
        "201807": "19.21",
        "201808": "20.22",
        "201809": "19.94",
        "201810": "16.82",
        "201811": "15.56",
        "201812": "13.88",
        "201901": "13.63",
        "201902": "14.60",
        "201903": "14.11",
        "201904": "19.06",
        "201905": "19.37",
        "201906": "20.43",
        "201907": "22.82",
        "201908": "25.15",
        "201909": "28.18",
        "201910": "28.95",
        "201911": "28.07",
        "201912": "28.75",
        "202001": "29.38",
        "202002": "26.47",
        "202003": "20.35",
        "202004": "23.21",
        "202005": "24.22",
        "202006": "23.33",
        "202007": "23.87",
        "202008": "22.24",
        "202009": "21.84",
        "202010": "21.08",
        "202011": "22.19",
        "202012": "22.36",
        "202101": "21.83",
        "202102": "21.72",
        "202103": "21.72",
        "202104": "26.62",
        "202105": "21.45",
        "202106": "21.47",
        "202107": "23.03",
        "202108": "22.64",
        "202109": "28.64",
        "202110": "28.80",
        "202111": "33.91",
        "202112": "37.03",
        "202201": "38.84",
        "202202": "38.00",
        "202203": "38.15",
        "202204": "38.99",
        "202205": "37.74",
        "202206": "59.37",
        "202207": "60.54",
        "202208": "67.64",
        "202209": "67.00",
        "202210": "57.12",
        "202211": "66.00",
        "202212": "66.60",
        "202301": "68.06",
        "202302": "81.57",
        "202303": "92.53",
        "202304": "85.34",
        "202305": "87.09",
        "202306": "101.87",
        "202307": "124.74",
        "202308": "110.84",
        "202309": "117.95",
        "202310": "123.65",
        "202311": "142.00",
        "202312": "128.55"
    },
    "quarters": {
        "20011": {
            "year_quarter": 20011,
            "year": 2001,
            "quarter": 1,
            "eps": null,
            "eps_growth_year": null,
            "eps_4q": null,
            "eps_4q_growth_year": null,
            "roe": null,
            "roe_4q": 0,
            "gross_profit": null,
            "gross_margin": null,
            "gross_margin_4q_avg": 0,
            "net_income": null,
            "net_income_4q": null,
            "revenue": null,
            "revenue_4q": null,
            "common_shares": null,
            "book_valuer_per_share": null,
            "book_valuer_per_share_4q_avg": 0,
            "equity": null,
            "current_ratio": null,
            "debt_ratio": null,
            "inventory_turnover_ratio": null,
            "account_receivable_turnover_ratio": null,
            "reinvestment_rate": null,
            "research_to_sale_ratio": null,
            "price_fair": 0,
            "eps_avg_yearly": 0,
            "eps_latest_yearly": 0,
            "eps_growth_yearly": 0
        },
        "20012": {
            "year_quarter": 20012,
            "year": 2001,
            "quarter": 2,
            "eps": null,
            "eps_growth_year": null,
            "eps_4q": null,
            "eps_4q_growth_year": null,
            "roe": null,
            "roe_4q": 0,
            "gross_profit": null,
            "gross_margin": null,
            "gross_margin_4q_avg": 0,
            "net_income": null,
            "net_income_4q": null,
            "revenue": null,
            "revenue_4q": null,
            "common_shares": null,
            "book_valuer_per_share": null,
            "book_valuer_per_share_4q_avg": 0,
            "equity": null,
            "current_ratio": null,
            "debt_ratio": null,
            "inventory_turnover_ratio": null,
            "account_receivable_turnover_ratio": null,
            "reinvestment_rate": null,
            "research_to_sale_ratio": null,
            "price_fair": 0,
            "eps_avg_yearly": 0,
            "eps_latest_yearly": 0,
            "eps_growth_yearly": 0
        },
        "20013": {
            "year_quarter": 20013,
            "year": 2001,
            "quarter": 3,
            "eps": null,
            "eps_growth_year": null,
            "eps_4q": null,
            "eps_4q_growth_year": null,
            "roe": null,
            "roe_4q": 0,
            "gross_profit": null,
            "gross_margin": null,
            "gross_margin_4q_avg": 0,
            "net_income": null,
            "net_income_4q": null,
            "revenue": null,
            "revenue_4q": null,
            "common_shares": null,
            "book_valuer_per_share": null,
            "book_valuer_per_share_4q_avg": 0,
            "equity": null,
            "current_ratio": null,
            "debt_ratio": null,
            "inventory_turnover_ratio": null,
            "account_receivable_turnover_ratio": null,
            "reinvestment_rate": null,
            "research_to_sale_ratio": null,
            "price_fair": 0,
            "eps_avg_yearly": 0,
            "eps_latest_yearly": 0,
            "eps_growth_yearly": 0
        },
        "20014": {
            "year_quarter": 20014,
            "year": 2001,
            "quarter": 4,
            "eps": null,
            "eps_growth_year": null,
            "eps_4q": null,
            "eps_4q_growth_year": null,
            "roe": null,
            "roe_4q": 0,
            "gross_profit": null,
            "gross_margin": null,
            "gross_margin_4q_avg": 0,
            "net_income": null,
            "net_income_4q": null,
            "revenue": null,
            "revenue_4q": null,
            "common_shares": null,
            "book_valuer_per_share": null,
            "book_valuer_per_share_4q_avg": 0,
            "equity": null,
            "current_ratio": null,
            "debt_ratio": null,
            "inventory_turnover_ratio": null,
            "account_receivable_turnover_ratio": null,
            "reinvestment_rate": null,
            "research_to_sale_ratio": null,
            "price_fair": 0,
            "eps_avg_yearly": 0,
            "eps_latest_yearly": 0,
            "eps_growth_yearly": 0
        },
        "20021": {
            "year_quarter": 20021,
            "year": 2002,
            "quarter": 1,
            "eps": null,
            "eps_growth_year": null,
            "eps_4q": null,
            "eps_4q_growth_year": null,
            "roe": null,
            "roe_4q": 0,
            "gross_profit": null,
            "gross_margin": null,
            "gross_margin_4q_avg": 0,
            "net_income": null,
            "net_income_4q": null,
            "revenue": null,
            "revenue_4q": null,
            "common_shares": null,
            "book_valuer_per_share": null,
            "book_valuer_per_share_4q_avg": 0,
            "equity": null,
            "current_ratio": null,
            "debt_ratio": null,
            "inventory_turnover_ratio": null,
            "account_receivable_turnover_ratio": null,
            "reinvestment_rate": null,
            "research_to_sale_ratio": null,
            "price_fair": 0,
            "eps_avg_yearly": 0,
            "eps_latest_yearly": 0,
            "eps_growth_yearly": 0
        },
        "20022": {
            "year_quarter": 20022,
            "year": 2002,
            "quarter": 2,
            "eps": null,
            "eps_growth_year": null,
            "eps_4q": null,
            "eps_4q_growth_year": null,
            "roe": null,
            "roe_4q": 0,
            "gross_profit": null,
            "gross_margin": null,
            "gross_margin_4q_avg": 0,
            "net_income": null,
            "net_income_4q": null,
            "revenue": null,
            "revenue_4q": null,
            "common_shares": null,
            "book_valuer_per_share": null,
            "book_valuer_per_share_4q_avg": 0,
            "equity": null,
            "current_ratio": null,
            "debt_ratio": null,
            "inventory_turnover_ratio": null,
            "account_receivable_turnover_ratio": null,
            "reinvestment_rate": null,
            "research_to_sale_ratio": null,
            "price_fair": 0,
            "eps_avg_yearly": 0,
            "eps_latest_yearly": 0,
            "eps_growth_yearly": 0
        },
        "20023": {
            "year_quarter": 20023,
            "year": 2002,
            "quarter": 3,
            "eps": null,
            "eps_growth_year": null,
            "eps_4q": null,
            "eps_4q_growth_year": null,
            "roe": null,
            "roe_4q": 0,
            "gross_profit": null,
            "gross_margin": null,
            "gross_margin_4q_avg": 0,
            "net_income": null,
            "net_income_4q": null,
            "revenue": null,
            "revenue_4q": null,
            "common_shares": null,
            "book_valuer_per_share": null,
            "book_valuer_per_share_4q_avg": 0,
            "equity": null,
            "current_ratio": null,
            "debt_ratio": null,
            "inventory_turnover_ratio": null,
            "account_receivable_turnover_ratio": null,
            "reinvestment_rate": null,
            "research_to_sale_ratio": null,
            "price_fair": 0,
            "eps_avg_yearly": 0,
            "eps_latest_yearly": 0,
            "eps_growth_yearly": 0
        },
        "20024": {
            "year_quarter": 20024,
            "year": 2002,
            "quarter": 4,
            "eps": null,
            "eps_growth_year": null,
            "eps_4q": null,
            "eps_4q_growth_year": null,
            "roe": null,
            "roe_4q": 0,
            "gross_profit": null,
            "gross_margin": null,
            "gross_margin_4q_avg": 0,
            "net_income": null,
            "net_income_4q": null,
            "revenue": null,
            "revenue_4q": null,
            "common_shares": null,
            "book_valuer_per_share": null,
            "book_valuer_per_share_4q_avg": 0,
            "equity": null,
            "current_ratio": null,
            "debt_ratio": null,
            "inventory_turnover_ratio": null,
            "account_receivable_turnover_ratio": null,
            "reinvestment_rate": null,
            "research_to_sale_ratio": null,
            "price_fair": 0,
            "eps_avg_yearly": 0,
            "eps_latest_yearly": 0,
            "eps_growth_yearly": 0
        },
        "20031": {
            "year_quarter": 20031,
            "year": 2003,
            "quarter": 1,
            "eps": null,
            "eps_growth_year": null,
            "eps_4q": null,
            "eps_4q_growth_year": null,
            "roe": null,
            "roe_4q": 0,
            "gross_profit": null,
            "gross_margin": null,
            "gross_margin_4q_avg": 0,
            "net_income": null,
            "net_income_4q": null,
            "revenue": null,
            "revenue_4q": null,
            "common_shares": null,
            "book_valuer_per_share": null,
            "book_valuer_per_share_4q_avg": 0,
            "equity": null,
            "current_ratio": null,
            "debt_ratio": null,
            "inventory_turnover_ratio": null,
            "account_receivable_turnover_ratio": null,
            "reinvestment_rate": null,
            "research_to_sale_ratio": null,
            "price_fair": 0,
            "eps_avg_yearly": 0,
            "eps_latest_yearly": 0,
            "eps_growth_yearly": 0
        },
        "20032": {
            "year_quarter": 20032,
            "year": 2003,
            "quarter": 2,
            "eps": null,
            "eps_growth_year": null,
            "eps_4q": null,
            "eps_4q_growth_year": null,
            "roe": null,
            "roe_4q": 0,
            "gross_profit": null,
            "gross_margin": null,
            "gross_margin_4q_avg": 0,
            "net_income": null,
            "net_income_4q": null,
            "revenue": null,
            "revenue_4q": null,
            "common_shares": null,
            "book_valuer_per_share": null,
            "book_valuer_per_share_4q_avg": 0,
            "equity": null,
            "current_ratio": null,
            "debt_ratio": null,
            "inventory_turnover_ratio": null,
            "account_receivable_turnover_ratio": null,
            "reinvestment_rate": null,
            "research_to_sale_ratio": null,
            "price_fair": 0,
            "eps_avg_yearly": 0,
            "eps_latest_yearly": 0,
            "eps_growth_yearly": 0
        },
        "20033": {
            "year_quarter": 20033,
            "year": 2003,
            "quarter": 3,
            "eps": null,
            "eps_growth_year": null,
            "eps_4q": null,
            "eps_4q_growth_year": null,
            "roe": null,
            "roe_4q": 0,
            "gross_profit": null,
            "gross_margin": null,
            "gross_margin_4q_avg": 0,
            "net_income": null,
            "net_income_4q": null,
            "revenue": null,
            "revenue_4q": null,
            "common_shares": null,
            "book_valuer_per_share": null,
            "book_valuer_per_share_4q_avg": 0,
            "equity": null,
            "current_ratio": null,
            "debt_ratio": null,
            "inventory_turnover_ratio": null,
            "account_receivable_turnover_ratio": null,
            "reinvestment_rate": null,
            "research_to_sale_ratio": null,
            "price_fair": 0,
            "eps_avg_yearly": 0,
            "eps_latest_yearly": 0,
            "eps_growth_yearly": 0
        },
        "20034": {
            "year_quarter": 20034,
            "year": 2003,
            "quarter": 4,
            "eps": null,
            "eps_growth_year": null,
            "eps_4q": null,
            "eps_4q_growth_year": null,
            "roe": null,
            "roe_4q": 0,
            "gross_profit": null,
            "gross_margin": null,
            "gross_margin_4q_avg": 0,
            "net_income": null,
            "net_income_4q": null,
            "revenue": null,
            "revenue_4q": null,
            "common_shares": null,
            "book_valuer_per_share": null,
            "book_valuer_per_share_4q_avg": 0,
            "equity": null,
            "current_ratio": null,
            "debt_ratio": null,
            "inventory_turnover_ratio": null,
            "account_receivable_turnover_ratio": null,
            "reinvestment_rate": null,
            "research_to_sale_ratio": null,
            "price_fair": 0,
            "eps_avg_yearly": 0,
            "eps_latest_yearly": 0,
            "eps_growth_yearly": 0
        },
        "20041": {
            "year_quarter": 20041,
            "year": 2004,
            "quarter": 1,
            "eps": null,
            "eps_growth_year": null,
            "eps_4q": null,
            "eps_4q_growth_year": null,
            "roe": null,
            "roe_4q": 0,
            "gross_profit": null,
            "gross_margin": null,
            "gross_margin_4q_avg": 0,
            "net_income": null,
            "net_income_4q": null,
            "revenue": null,
            "revenue_4q": null,
            "common_shares": null,
            "book_valuer_per_share": null,
            "book_valuer_per_share_4q_avg": 0,
            "equity": null,
            "current_ratio": null,
            "debt_ratio": null,
            "inventory_turnover_ratio": null,
            "account_receivable_turnover_ratio": null,
            "reinvestment_rate": null,
            "research_to_sale_ratio": null,
            "price_fair": 0,
            "eps_avg_yearly": 0,
            "eps_latest_yearly": 0,
            "eps_growth_yearly": 0
        },
        "20042": {
            "year_quarter": 20042,
            "year": 2004,
            "quarter": 2,
            "eps": null,
            "eps_growth_year": null,
            "eps_4q": null,
            "eps_4q_growth_year": null,
            "roe": null,
            "roe_4q": 0,
            "gross_profit": null,
            "gross_margin": null,
            "gross_margin_4q_avg": 0,
            "net_income": null,
            "net_income_4q": null,
            "revenue": null,
            "revenue_4q": null,
            "common_shares": null,
            "book_valuer_per_share": null,
            "book_valuer_per_share_4q_avg": 0,
            "equity": null,
            "current_ratio": null,
            "debt_ratio": null,
            "inventory_turnover_ratio": null,
            "account_receivable_turnover_ratio": null,
            "reinvestment_rate": null,
            "research_to_sale_ratio": null,
            "price_fair": 0,
            "eps_avg_yearly": 0,
            "eps_latest_yearly": 0,
            "eps_growth_yearly": 0
        },
        "20043": {
            "year_quarter": 20043,
            "year": 2004,
            "quarter": 3,
            "eps": null,
            "eps_growth_year": null,
            "eps_4q": null,
            "eps_4q_growth_year": null,
            "roe": null,
            "roe_4q": 0,
            "gross_profit": null,
            "gross_margin": null,
            "gross_margin_4q_avg": 0,
            "net_income": null,
            "net_income_4q": null,
            "revenue": null,
            "revenue_4q": null,
            "common_shares": null,
            "book_valuer_per_share": null,
            "book_valuer_per_share_4q_avg": 0,
            "equity": null,
            "current_ratio": null,
            "debt_ratio": null,
            "inventory_turnover_ratio": null,
            "account_receivable_turnover_ratio": null,
            "reinvestment_rate": null,
            "research_to_sale_ratio": null,
            "price_fair": 0,
            "eps_avg_yearly": 0,
            "eps_latest_yearly": 0,
            "eps_growth_yearly": 0
        },
        "20044": {
            "year_quarter": 20044,
            "year": 2004,
            "quarter": 4,
            "eps": null,
            "eps_growth_year": null,
            "eps_4q": null,
            "eps_4q_growth_year": null,
            "roe": null,
            "roe_4q": 0,
            "gross_profit": null,
            "gross_margin": null,
            "gross_margin_4q_avg": 0,
            "net_income": null,
            "net_income_4q": null,
            "revenue": null,
            "revenue_4q": null,
            "common_shares": null,
            "book_valuer_per_share": null,
            "book_valuer_per_share_4q_avg": 0,
            "equity": null,
            "current_ratio": null,
            "debt_ratio": null,
            "inventory_turnover_ratio": null,
            "account_receivable_turnover_ratio": null,
            "reinvestment_rate": null,
            "research_to_sale_ratio": null,
            "price_fair": 0,
            "eps_avg_yearly": 0,
            "eps_latest_yearly": 0,
            "eps_growth_yearly": 0
        },
        "20051": {
            "year_quarter": 20051,
            "year": 2005,
            "quarter": 1,
            "eps": null,
            "eps_growth_year": null,
            "eps_4q": null,
            "eps_4q_growth_year": null,
            "roe": null,
            "roe_4q": 0,
            "gross_profit": null,
            "gross_margin": null,
            "gross_margin_4q_avg": 0,
            "net_income": null,
            "net_income_4q": null,
            "revenue": null,
            "revenue_4q": null,
            "common_shares": null,
            "book_valuer_per_share": null,
            "book_valuer_per_share_4q_avg": 0,
            "equity": null,
            "current_ratio": null,
            "debt_ratio": null,
            "inventory_turnover_ratio": null,
            "account_receivable_turnover_ratio": null,
            "reinvestment_rate": null,
            "research_to_sale_ratio": null,
            "price_fair": 0,
            "eps_avg_yearly": 0,
            "eps_latest_yearly": 0,
            "eps_growth_yearly": 0
        },
        "20052": {
            "year_quarter": 20052,
            "year": 2005,
            "quarter": 2,
            "eps": null,
            "eps_growth_year": null,
            "eps_4q": null,
            "eps_4q_growth_year": null,
            "roe": null,
            "roe_4q": 0,
            "gross_profit": null,
            "gross_margin": null,
            "gross_margin_4q_avg": 0,
            "net_income": null,
            "net_income_4q": null,
            "revenue": null,
            "revenue_4q": null,
            "common_shares": null,
            "book_valuer_per_share": null,
            "book_valuer_per_share_4q_avg": 0,
            "equity": null,
            "current_ratio": null,
            "debt_ratio": null,
            "inventory_turnover_ratio": null,
            "account_receivable_turnover_ratio": null,
            "reinvestment_rate": null,
            "research_to_sale_ratio": null,
            "price_fair": 0,
            "eps_avg_yearly": 0,
            "eps_latest_yearly": 0,
            "eps_growth_yearly": 0
        },
        "20053": {
            "year_quarter": 20053,
            "year": 2005,
            "quarter": 3,
            "eps": null,
            "eps_growth_year": null,
            "eps_4q": null,
            "eps_4q_growth_year": null,
            "roe": null,
            "roe_4q": 0,
            "gross_profit": null,
            "gross_margin": null,
            "gross_margin_4q_avg": 0,
            "net_income": null,
            "net_income_4q": null,
            "revenue": null,
            "revenue_4q": null,
            "common_shares": null,
            "book_valuer_per_share": null,
            "book_valuer_per_share_4q_avg": 0,
            "equity": null,
            "current_ratio": null,
            "debt_ratio": null,
            "inventory_turnover_ratio": null,
            "account_receivable_turnover_ratio": null,
            "reinvestment_rate": null,
            "research_to_sale_ratio": null,
            "price_fair": 0,
            "eps_avg_yearly": 0,
            "eps_latest_yearly": 0,
            "eps_growth_yearly": 0
        },
        "20054": {
            "year_quarter": 20054,
            "year": 2005,
            "quarter": 4,
            "eps": null,
            "eps_growth_year": null,
            "eps_4q": null,
            "eps_4q_growth_year": null,
            "roe": null,
            "roe_4q": 0,
            "gross_profit": null,
            "gross_margin": null,
            "gross_margin_4q_avg": 0,
            "net_income": null,
            "net_income_4q": null,
            "revenue": null,
            "revenue_4q": null,
            "common_shares": null,
            "book_valuer_per_share": null,
            "book_valuer_per_share_4q_avg": 0,
            "equity": null,
            "current_ratio": null,
            "debt_ratio": null,
            "inventory_turnover_ratio": null,
            "account_receivable_turnover_ratio": null,
            "reinvestment_rate": null,
            "research_to_sale_ratio": null,
            "price_fair": 0,
            "eps_avg_yearly": 0,
            "eps_latest_yearly": 0,
            "eps_growth_yearly": 0
        },
        "20061": {
            "year_quarter": 20061,
            "year": 2006,
            "quarter": 1,
            "eps": null,
            "eps_growth_year": null,
            "eps_4q": null,
            "eps_4q_growth_year": null,
            "roe": null,
            "roe_4q": 0,
            "gross_profit": null,
            "gross_margin": null,
            "gross_margin_4q_avg": 0,
            "net_income": null,
            "net_income_4q": null,
            "revenue": null,
            "revenue_4q": null,
            "common_shares": null,
            "book_valuer_per_share": null,
            "book_valuer_per_share_4q_avg": 0,
            "equity": null,
            "current_ratio": null,
            "debt_ratio": null,
            "inventory_turnover_ratio": null,
            "account_receivable_turnover_ratio": null,
            "reinvestment_rate": null,
            "research_to_sale_ratio": null,
            "price_fair": 0,
            "eps_avg_yearly": 0,
            "eps_latest_yearly": 0,
            "eps_growth_yearly": 0
        },
        "20062": {
            "year_quarter": 20062,
            "year": 2006,
            "quarter": 2,
            "eps": null,
            "eps_growth_year": null,
            "eps_4q": null,
            "eps_4q_growth_year": null,
            "roe": null,
            "roe_4q": 0,
            "gross_profit": null,
            "gross_margin": null,
            "gross_margin_4q_avg": 0,
            "net_income": null,
            "net_income_4q": null,
            "revenue": null,
            "revenue_4q": null,
            "common_shares": null,
            "book_valuer_per_share": null,
            "book_valuer_per_share_4q_avg": 0,
            "equity": null,
            "current_ratio": null,
            "debt_ratio": null,
            "inventory_turnover_ratio": null,
            "account_receivable_turnover_ratio": null,
            "reinvestment_rate": null,
            "research_to_sale_ratio": null,
            "price_fair": 0,
            "eps_avg_yearly": 0,
            "eps_latest_yearly": 0,
            "eps_growth_yearly": 0
        },
        "20063": {
            "year_quarter": 20063,
            "year": 2006,
            "quarter": 3,
            "eps": null,
            "eps_growth_year": null,
            "eps_4q": null,
            "eps_4q_growth_year": null,
            "roe": null,
            "roe_4q": 0,
            "gross_profit": null,
            "gross_margin": null,
            "gross_margin_4q_avg": 0,
            "net_income": null,
            "net_income_4q": null,
            "revenue": null,
            "revenue_4q": null,
            "common_shares": null,
            "book_valuer_per_share": null,
            "book_valuer_per_share_4q_avg": 0,
            "equity": null,
            "current_ratio": null,
            "debt_ratio": null,
            "inventory_turnover_ratio": null,
            "account_receivable_turnover_ratio": null,
            "reinvestment_rate": null,
            "research_to_sale_ratio": null,
            "price_fair": 0,
            "eps_avg_yearly": 0,
            "eps_latest_yearly": 0,
            "eps_growth_yearly": 0
        },
        "20064": {
            "year_quarter": 20064,
            "year": 2006,
            "quarter": 4,
            "eps": null,
            "eps_growth_year": null,
            "eps_4q": null,
            "eps_4q_growth_year": null,
            "roe": null,
            "roe_4q": 0,
            "gross_profit": null,
            "gross_margin": null,
            "gross_margin_4q_avg": 0,
            "net_income": null,
            "net_income_4q": null,
            "revenue": null,
            "revenue_4q": null,
            "common_shares": null,
            "book_valuer_per_share": null,
            "book_valuer_per_share_4q_avg": 0,
            "equity": null,
            "current_ratio": null,
            "debt_ratio": null,
            "inventory_turnover_ratio": null,
            "account_receivable_turnover_ratio": null,
            "reinvestment_rate": null,
            "research_to_sale_ratio": null,
            "price_fair": 0,
            "eps_avg_yearly": 0,
            "eps_latest_yearly": 0,
            "eps_growth_yearly": 0
        },
        "20071": {
            "year_quarter": 20071,
            "year": 2007,
            "quarter": 1,
            "eps": null,
            "eps_growth_year": null,
            "eps_4q": null,
            "eps_4q_growth_year": null,
            "roe": null,
            "roe_4q": 0,
            "gross_profit": null,
            "gross_margin": null,
            "gross_margin_4q_avg": 0,
            "net_income": null,
            "net_income_4q": null,
            "revenue": null,
            "revenue_4q": null,
            "common_shares": null,
            "book_valuer_per_share": null,
            "book_valuer_per_share_4q_avg": 0,
            "equity": null,
            "current_ratio": null,
            "debt_ratio": null,
            "inventory_turnover_ratio": null,
            "account_receivable_turnover_ratio": null,
            "reinvestment_rate": null,
            "research_to_sale_ratio": null,
            "price_fair": 0,
            "eps_avg_yearly": 0,
            "eps_latest_yearly": 0,
            "eps_growth_yearly": 0
        },
        "20072": {
            "year_quarter": 20072,
            "year": 2007,
            "quarter": 2,
            "eps": null,
            "eps_growth_year": null,
            "eps_4q": null,
            "eps_4q_growth_year": null,
            "roe": null,
            "roe_4q": 0,
            "gross_profit": null,
            "gross_margin": null,
            "gross_margin_4q_avg": 0,
            "net_income": null,
            "net_income_4q": null,
            "revenue": null,
            "revenue_4q": null,
            "common_shares": null,
            "book_valuer_per_share": null,
            "book_valuer_per_share_4q_avg": 0,
            "equity": null,
            "current_ratio": null,
            "debt_ratio": null,
            "inventory_turnover_ratio": null,
            "account_receivable_turnover_ratio": null,
            "reinvestment_rate": null,
            "research_to_sale_ratio": null,
            "price_fair": 0,
            "eps_avg_yearly": 0,
            "eps_latest_yearly": 0,
            "eps_growth_yearly": 0
        },
        "20073": {
            "year_quarter": 20073,
            "year": 2007,
            "quarter": 3,
            "eps": null,
            "eps_growth_year": null,
            "eps_4q": null,
            "eps_4q_growth_year": null,
            "roe": null,
            "roe_4q": 0,
            "gross_profit": null,
            "gross_margin": null,
            "gross_margin_4q_avg": 0,
            "net_income": null,
            "net_income_4q": null,
            "revenue": null,
            "revenue_4q": null,
            "common_shares": null,
            "book_valuer_per_share": null,
            "book_valuer_per_share_4q_avg": 0,
            "equity": null,
            "current_ratio": null,
            "debt_ratio": null,
            "inventory_turnover_ratio": null,
            "account_receivable_turnover_ratio": null,
            "reinvestment_rate": null,
            "research_to_sale_ratio": null,
            "price_fair": 0,
            "eps_avg_yearly": 0,
            "eps_latest_yearly": 0,
            "eps_growth_yearly": 0
        },
        "20074": {
            "year_quarter": 20074,
            "year": 2007,
            "quarter": 4,
            "eps": null,
            "eps_growth_year": null,
            "eps_4q": null,
            "eps_4q_growth_year": null,
            "roe": null,
            "roe_4q": 0,
            "gross_profit": null,
            "gross_margin": null,
            "gross_margin_4q_avg": 0,
            "net_income": null,
            "net_income_4q": null,
            "revenue": null,
            "revenue_4q": null,
            "common_shares": null,
            "book_valuer_per_share": null,
            "book_valuer_per_share_4q_avg": 0,
            "equity": null,
            "current_ratio": null,
            "debt_ratio": null,
            "inventory_turnover_ratio": null,
            "account_receivable_turnover_ratio": null,
            "reinvestment_rate": null,
            "research_to_sale_ratio": null,
            "price_fair": 0,
            "eps_avg_yearly": 0,
            "eps_latest_yearly": 0,
            "eps_growth_yearly": 0
        },
        "20081": {
            "year_quarter": 20081,
            "year": 2008,
            "quarter": 1,
            "eps": null,
            "eps_growth_year": null,
            "eps_4q": null,
            "eps_4q_growth_year": null,
            "roe": null,
            "roe_4q": 0,
            "gross_profit": null,
            "gross_margin": null,
            "gross_margin_4q_avg": 0,
            "net_income": null,
            "net_income_4q": null,
            "revenue": null,
            "revenue_4q": null,
            "common_shares": null,
            "book_valuer_per_share": null,
            "book_valuer_per_share_4q_avg": 0,
            "equity": null,
            "current_ratio": null,
            "debt_ratio": null,
            "inventory_turnover_ratio": null,
            "account_receivable_turnover_ratio": null,
            "reinvestment_rate": null,
            "research_to_sale_ratio": null,
            "price_fair": 0,
            "eps_avg_yearly": 0,
            "eps_latest_yearly": 0,
            "eps_growth_yearly": 0
        },
        "20082": {
            "year_quarter": 20082,
            "year": 2008,
            "quarter": 2,
            "eps": null,
            "eps_growth_year": null,
            "eps_4q": null,
            "eps_4q_growth_year": null,
            "roe": null,
            "roe_4q": 0,
            "gross_profit": null,
            "gross_margin": null,
            "gross_margin_4q_avg": 0,
            "net_income": null,
            "net_income_4q": null,
            "revenue": null,
            "revenue_4q": null,
            "common_shares": null,
            "book_valuer_per_share": null,
            "book_valuer_per_share_4q_avg": 0,
            "equity": null,
            "current_ratio": null,
            "debt_ratio": null,
            "inventory_turnover_ratio": null,
            "account_receivable_turnover_ratio": null,
            "reinvestment_rate": null,
            "research_to_sale_ratio": null,
            "price_fair": 0,
            "eps_avg_yearly": 0,
            "eps_latest_yearly": 0,
            "eps_growth_yearly": 0
        },
        "20083": {
            "year_quarter": 20083,
            "year": 2008,
            "quarter": 3,
            "eps": null,
            "eps_growth_year": null,
            "eps_4q": null,
            "eps_4q_growth_year": null,
            "roe": null,
            "roe_4q": 0,
            "gross_profit": null,
            "gross_margin": null,
            "gross_margin_4q_avg": 0,
            "net_income": null,
            "net_income_4q": null,
            "revenue": null,
            "revenue_4q": null,
            "common_shares": null,
            "book_valuer_per_share": null,
            "book_valuer_per_share_4q_avg": 0,
            "equity": null,
            "current_ratio": null,
            "debt_ratio": null,
            "inventory_turnover_ratio": null,
            "account_receivable_turnover_ratio": null,
            "reinvestment_rate": null,
            "research_to_sale_ratio": null,
            "price_fair": 0,
            "eps_avg_yearly": 0,
            "eps_latest_yearly": 0,
            "eps_growth_yearly": 0
        },
        "20084": {
            "year_quarter": 20084,
            "year": 2008,
            "quarter": 4,
            "eps": null,
            "eps_growth_year": null,
            "eps_4q": null,
            "eps_4q_growth_year": null,
            "roe": null,
            "roe_4q": 0,
            "gross_profit": null,
            "gross_margin": null,
            "gross_margin_4q_avg": 0,
            "net_income": null,
            "net_income_4q": null,
            "revenue": null,
            "revenue_4q": null,
            "common_shares": 321983,
            "book_valuer_per_share": null,
            "book_valuer_per_share_4q_avg": 0,
            "equity": 417537,
            "current_ratio": null,
            "debt_ratio": null,
            "inventory_turnover_ratio": null,
            "account_receivable_turnover_ratio": null,
            "reinvestment_rate": null,
            "research_to_sale_ratio": null,
            "price_fair": 0,
            "eps_avg_yearly": 0,
            "eps_latest_yearly": 0,
            "eps_growth_yearly": 0
        },
        "20091": {
            "year_quarter": 20091,
            "year": 2009,
            "quarter": 1,
            "eps": null,
            "eps_growth_year": null,
            "eps_4q": null,
            "eps_4q_growth_year": null,
            "roe": null,
            "roe_4q": 0,
            "gross_profit": null,
            "gross_margin": null,
            "gross_margin_4q_avg": 0,
            "net_income": null,
            "net_income_4q": null,
            "revenue": null,
            "revenue_4q": null,
            "common_shares": null,
            "book_valuer_per_share": null,
            "book_valuer_per_share_4q_avg": 0,
            "equity": null,
            "current_ratio": null,
            "debt_ratio": null,
            "inventory_turnover_ratio": null,
            "account_receivable_turnover_ratio": null,
            "reinvestment_rate": null,
            "research_to_sale_ratio": null,
            "price_fair": 0,
            "eps_avg_yearly": 0,
            "eps_latest_yearly": 0,
            "eps_growth_yearly": 0
        },
        "20092": {
            "year_quarter": 20092,
            "year": 2009,
            "quarter": 2,
            "eps": null,
            "eps_growth_year": null,
            "eps_4q": null,
            "eps_4q_growth_year": null,
            "roe": null,
            "roe_4q": 0,
            "gross_profit": null,
            "gross_margin": null,
            "gross_margin_4q_avg": 0,
            "net_income": null,
            "net_income_4q": null,
            "revenue": null,
            "revenue_4q": null,
            "common_shares": null,
            "book_valuer_per_share": null,
            "book_valuer_per_share_4q_avg": 0,
            "equity": null,
            "current_ratio": null,
            "debt_ratio": null,
            "inventory_turnover_ratio": null,
            "account_receivable_turnover_ratio": null,
            "reinvestment_rate": null,
            "research_to_sale_ratio": null,
            "price_fair": 0,
            "eps_avg_yearly": 0,
            "eps_latest_yearly": 0,
            "eps_growth_yearly": 0
        },
        "20093": {
            "year_quarter": 20093,
            "year": 2009,
            "quarter": 3,
            "eps": null,
            "eps_growth_year": null,
            "eps_4q": null,
            "eps_4q_growth_year": null,
            "roe": null,
            "roe_4q": 0,
            "gross_profit": null,
            "gross_margin": null,
            "gross_margin_4q_avg": 0,
            "net_income": null,
            "net_income_4q": null,
            "revenue": null,
            "revenue_4q": null,
            "common_shares": null,
            "book_valuer_per_share": null,
            "book_valuer_per_share_4q_avg": 0,
            "equity": null,
            "current_ratio": null,
            "debt_ratio": null,
            "inventory_turnover_ratio": null,
            "account_receivable_turnover_ratio": null,
            "reinvestment_rate": null,
            "research_to_sale_ratio": null,
            "price_fair": 0,
            "eps_avg_yearly": 0,
            "eps_latest_yearly": 0,
            "eps_growth_yearly": 0
        },
        "20094": {
            "year_quarter": 20094,
            "year": 2009,
            "quarter": 4,
            "eps": null,
            "eps_growth_year": null,
            "eps_4q": null,
            "eps_4q_growth_year": null,
            "roe": null,
            "roe_4q": 0,
            "gross_profit": null,
            "gross_margin": null,
            "gross_margin_4q_avg": 0,
            "net_income": null,
            "net_income_4q": null,
            "revenue": null,
            "revenue_4q": null,
            "common_shares": 356822,
            "book_valuer_per_share": 13.57,
            "book_valuer_per_share_4q_avg": 3.39,
            "equity": 484286,
            "current_ratio": 313.74,
            "debt_ratio": 29.87,
            "inventory_turnover_ratio": null,
            "account_receivable_turnover_ratio": null,
            "reinvestment_rate": null,
            "research_to_sale_ratio": null,
            "price_fair": 0,
            "eps_avg_yearly": 0,
            "eps_latest_yearly": 0,
            "eps_growth_yearly": 0
        },
        "20101": {
            "year_quarter": 20101,
            "year": 2010,
            "quarter": 1,
            "eps": null,
            "eps_growth_year": null,
            "eps_4q": null,
            "eps_4q_growth_year": null,
            "roe": null,
            "roe_4q": 0,
            "gross_profit": null,
            "gross_margin": null,
            "gross_margin_4q_avg": 0,
            "net_income": null,
            "net_income_4q": null,
            "revenue": null,
            "revenue_4q": null,
            "common_shares": null,
            "book_valuer_per_share": null,
            "book_valuer_per_share_4q_avg": 3.39,
            "equity": null,
            "current_ratio": null,
            "debt_ratio": null,
            "inventory_turnover_ratio": null,
            "account_receivable_turnover_ratio": null,
            "reinvestment_rate": null,
            "research_to_sale_ratio": null,
            "price_fair": 0,
            "eps_avg_yearly": 0,
            "eps_latest_yearly": 0,
            "eps_growth_yearly": 0
        },
        "20102": {
            "year_quarter": 20102,
            "year": 2010,
            "quarter": 2,
            "eps": null,
            "eps_growth_year": null,
            "eps_4q": null,
            "eps_4q_growth_year": null,
            "roe": null,
            "roe_4q": 0,
            "gross_profit": null,
            "gross_margin": null,
            "gross_margin_4q_avg": 0,
            "net_income": null,
            "net_income_4q": null,
            "revenue": null,
            "revenue_4q": null,
            "common_shares": 0,
            "book_valuer_per_share": null,
            "book_valuer_per_share_4q_avg": 3.39,
            "equity": 0,
            "current_ratio": null,
            "debt_ratio": null,
            "inventory_turnover_ratio": null,
            "account_receivable_turnover_ratio": null,
            "reinvestment_rate": null,
            "research_to_sale_ratio": null,
            "price_fair": 0,
            "eps_avg_yearly": 0,
            "eps_latest_yearly": 0,
            "eps_growth_yearly": 0
        },
        "20103": {
            "year_quarter": 20103,
            "year": 2010,
            "quarter": 3,
            "eps": null,
            "eps_growth_year": null,
            "eps_4q": null,
            "eps_4q_growth_year": null,
            "roe": null,
            "roe_4q": 0,
            "gross_profit": null,
            "gross_margin": null,
            "gross_margin_4q_avg": 0,
            "net_income": null,
            "net_income_4q": null,
            "revenue": null,
            "revenue_4q": null,
            "common_shares": null,
            "book_valuer_per_share": null,
            "book_valuer_per_share_4q_avg": 3.39,
            "equity": null,
            "current_ratio": null,
            "debt_ratio": null,
            "inventory_turnover_ratio": null,
            "account_receivable_turnover_ratio": null,
            "reinvestment_rate": null,
            "research_to_sale_ratio": null,
            "price_fair": 0,
            "eps_avg_yearly": 0,
            "eps_latest_yearly": 0,
            "eps_growth_yearly": 0
        },
        "20104": {
            "year_quarter": 20104,
            "year": 2010,
            "quarter": 4,
            "eps": null,
            "eps_growth_year": null,
            "eps_4q": null,
            "eps_4q_growth_year": null,
            "roe": null,
            "roe_4q": 0,
            "gross_profit": null,
            "gross_margin": null,
            "gross_margin_4q_avg": 0,
            "net_income": null,
            "net_income_4q": null,
            "revenue": null,
            "revenue_4q": null,
            "common_shares": 376763,
            "book_valuer_per_share": 16.17,
            "book_valuer_per_share_4q_avg": 4.04,
            "equity": 609363,
            "current_ratio": 262.14,
            "debt_ratio": 35.86,
            "inventory_turnover_ratio": null,
            "account_receivable_turnover_ratio": null,
            "reinvestment_rate": null,
            "research_to_sale_ratio": null,
            "price_fair": 0,
            "eps_avg_yearly": 0,
            "eps_latest_yearly": 0,
            "eps_growth_yearly": 0
        },
        "20111": {
            "year_quarter": 20111,
            "year": 2011,
            "quarter": 1,
            "eps": null,
            "eps_growth_year": null,
            "eps_4q": null,
            "eps_4q_growth_year": null,
            "roe": null,
            "roe_4q": 0,
            "gross_profit": null,
            "gross_margin": null,
            "gross_margin_4q_avg": 0,
            "net_income": null,
            "net_income_4q": null,
            "revenue": null,
            "revenue_4q": null,
            "common_shares": null,
            "book_valuer_per_share": null,
            "book_valuer_per_share_4q_avg": 4.04,
            "equity": null,
            "current_ratio": null,
            "debt_ratio": null,
            "inventory_turnover_ratio": null,
            "account_receivable_turnover_ratio": null,
            "reinvestment_rate": null,
            "research_to_sale_ratio": null,
            "price_fair": 0,
            "eps_avg_yearly": 0,
            "eps_latest_yearly": 0,
            "eps_growth_yearly": 0
        },
        "20112": {
            "year_quarter": 20112,
            "year": 2011,
            "quarter": 2,
            "eps": null,
            "eps_growth_year": null,
            "eps_4q": null,
            "eps_4q_growth_year": null,
            "roe": null,
            "roe_4q": 0,
            "gross_profit": null,
            "gross_margin": null,
            "gross_margin_4q_avg": 0,
            "net_income": null,
            "net_income_4q": null,
            "revenue": null,
            "revenue_4q": null,
            "common_shares": 459115,
            "book_valuer_per_share": 14.66,
            "book_valuer_per_share_4q_avg": 7.71,
            "equity": 673075,
            "current_ratio": 282.13,
            "debt_ratio": 33.55,
            "inventory_turnover_ratio": null,
            "account_receivable_turnover_ratio": null,
            "reinvestment_rate": null,
            "research_to_sale_ratio": null,
            "price_fair": 0,
            "eps_avg_yearly": 0,
            "eps_latest_yearly": 0,
            "eps_growth_yearly": 0
        },
        "20113": {
            "year_quarter": 20113,
            "year": 2011,
            "quarter": 3,
            "eps": null,
            "eps_growth_year": null,
            "eps_4q": null,
            "eps_4q_growth_year": null,
            "roe": null,
            "roe_4q": 0,
            "gross_profit": null,
            "gross_margin": null,
            "gross_margin_4q_avg": 0,
            "net_income": null,
            "net_income_4q": null,
            "revenue": null,
            "revenue_4q": null,
            "common_shares": null,
            "book_valuer_per_share": null,
            "book_valuer_per_share_4q_avg": 7.71,
            "equity": null,
            "current_ratio": null,
            "debt_ratio": null,
            "inventory_turnover_ratio": null,
            "account_receivable_turnover_ratio": null,
            "reinvestment_rate": null,
            "research_to_sale_ratio": null,
            "price_fair": 0,
            "eps_avg_yearly": 0,
            "eps_latest_yearly": 0,
            "eps_growth_yearly": 0
        },
        "20114": {
            "year_quarter": 20114,
            "year": 2011,
            "quarter": 4,
            "eps": null,
            "eps_growth_year": null,
            "eps_4q": null,
            "eps_4q_growth_year": null,
            "roe": null,
            "roe_4q": 0,
            "gross_profit": null,
            "gross_margin": null,
            "gross_margin_4q_avg": 0,
            "net_income": null,
            "net_income_4q": null,
            "revenue": null,
            "revenue_4q": null,
            "common_shares": 459115,
            "book_valuer_per_share": 15.84,
            "book_valuer_per_share_4q_avg": 7.63,
            "equity": 727349,
            "current_ratio": 323.62,
            "debt_ratio": 29.61,
            "inventory_turnover_ratio": null,
            "account_receivable_turnover_ratio": null,
            "reinvestment_rate": null,
            "research_to_sale_ratio": null,
            "price_fair": 0,
            "eps_avg_yearly": 0,
            "eps_latest_yearly": 0,
            "eps_growth_yearly": 0
        },
        "20121": {
            "year_quarter": 20121,
            "year": 2012,
            "quarter": 1,
            "eps": null,
            "eps_growth_year": null,
            "eps_4q": null,
            "eps_4q_growth_year": null,
            "roe": null,
            "roe_4q": 0,
            "gross_profit": null,
            "gross_margin": null,
            "gross_margin_4q_avg": 0,
            "net_income": null,
            "net_income_4q": null,
            "revenue": null,
            "revenue_4q": null,
            "common_shares": null,
            "book_valuer_per_share": null,
            "book_valuer_per_share_4q_avg": 7.63,
            "equity": null,
            "current_ratio": null,
            "debt_ratio": null,
            "inventory_turnover_ratio": null,
            "account_receivable_turnover_ratio": null,
            "reinvestment_rate": null,
            "research_to_sale_ratio": null,
            "price_fair": 0,
            "eps_avg_yearly": 0,
            "eps_latest_yearly": 0,
            "eps_growth_yearly": 0
        },
        "20122": {
            "year_quarter": 20122,
            "year": 2012,
            "quarter": 2,
            "eps": null,
            "eps_growth_year": null,
            "eps_4q": null,
            "eps_4q_growth_year": null,
            "roe": null,
            "roe_4q": 0,
            "gross_profit": null,
            "gross_margin": null,
            "gross_margin_4q_avg": 0,
            "net_income": null,
            "net_income_4q": null,
            "revenue": null,
            "revenue_4q": null,
            "common_shares": 459115,
            "book_valuer_per_share": 15.94,
            "book_valuer_per_share_4q_avg": 7.95,
            "equity": 731883,
            "current_ratio": 357.82,
            "debt_ratio": 26.9,
            "inventory_turnover_ratio": null,
            "account_receivable_turnover_ratio": null,
            "reinvestment_rate": null,
            "research_to_sale_ratio": null,
            "price_fair": 0,
            "eps_avg_yearly": 0,
            "eps_latest_yearly": 0,
            "eps_growth_yearly": 0
        },
        "20123": {
            "year_quarter": 20123,
            "year": 2012,
            "quarter": 3,
            "eps": null,
            "eps_growth_year": null,
            "eps_4q": null,
            "eps_4q_growth_year": null,
            "roe": null,
            "roe_4q": 0,
            "gross_profit": null,
            "gross_margin": null,
            "gross_margin_4q_avg": 0,
            "net_income": null,
            "net_income_4q": null,
            "revenue": null,
            "revenue_4q": null,
            "common_shares": null,
            "book_valuer_per_share": null,
            "book_valuer_per_share_4q_avg": 7.95,
            "equity": null,
            "current_ratio": null,
            "debt_ratio": null,
            "inventory_turnover_ratio": null,
            "account_receivable_turnover_ratio": null,
            "reinvestment_rate": null,
            "research_to_sale_ratio": null,
            "price_fair": 0,
            "eps_avg_yearly": 0,
            "eps_latest_yearly": 0,
            "eps_growth_yearly": 0
        },
        "20124": {
            "year_quarter": 20124,
            "year": 2012,
            "quarter": 4,
            "eps": null,
            "eps_growth_year": null,
            "eps_4q": null,
            "eps_4q_growth_year": null,
            "roe": null,
            "roe_4q": 0,
            "gross_profit": null,
            "gross_margin": null,
            "gross_margin_4q_avg": 0,
            "net_income": null,
            "net_income_4q": null,
            "revenue": null,
            "revenue_4q": null,
            "common_shares": 532982,
            "book_valuer_per_share": 14.76,
            "book_valuer_per_share_4q_avg": 7.68,
            "equity": 786708,
            "current_ratio": 337.27,
            "debt_ratio": 26.89,
            "inventory_turnover_ratio": null,
            "account_receivable_turnover_ratio": null,
            "reinvestment_rate": null,
            "research_to_sale_ratio": null,
            "price_fair": 0,
            "eps_avg_yearly": 0,
            "eps_latest_yearly": 0,
            "eps_growth_yearly": 0
        },
        "20131": {
            "year_quarter": 20131,
            "year": 2013,
            "quarter": 1,
            "eps": null,
            "eps_growth_year": null,
            "eps_4q": null,
            "eps_4q_growth_year": null,
            "roe": null,
            "roe_4q": 0,
            "gross_profit": null,
            "gross_margin": null,
            "gross_margin_4q_avg": 0,
            "net_income": null,
            "net_income_4q": null,
            "revenue": null,
            "revenue_4q": null,
            "common_shares": null,
            "book_valuer_per_share": null,
            "book_valuer_per_share_4q_avg": 7.68,
            "equity": null,
            "current_ratio": null,
            "debt_ratio": null,
            "inventory_turnover_ratio": null,
            "account_receivable_turnover_ratio": null,
            "reinvestment_rate": null,
            "research_to_sale_ratio": null,
            "price_fair": 0,
            "eps_avg_yearly": 0,
            "eps_latest_yearly": 0,
            "eps_growth_yearly": 0
        },
        "20132": {
            "year_quarter": 20132,
            "year": 2013,
            "quarter": 2,
            "eps": null,
            "eps_growth_year": null,
            "eps_4q": null,
            "eps_4q_growth_year": null,
            "roe": null,
            "roe_4q": 0,
            "gross_profit": null,
            "gross_margin": null,
            "gross_margin_4q_avg": 0,
            "net_income": null,
            "net_income_4q": null,
            "revenue": null,
            "revenue_4q": null,
            "common_shares": 532982,
            "book_valuer_per_share": 14.46,
            "book_valuer_per_share_4q_avg": 7.31,
            "equity": 770574,
            "current_ratio": 281.4,
            "debt_ratio": 32.52,
            "inventory_turnover_ratio": null,
            "account_receivable_turnover_ratio": null,
            "reinvestment_rate": null,
            "research_to_sale_ratio": null,
            "price_fair": 0,
            "eps_avg_yearly": 0,
            "eps_latest_yearly": 0,
            "eps_growth_yearly": 0
        },
        "20133": {
            "year_quarter": 20133,
            "year": 2013,
            "quarter": 3,
            "eps": null,
            "eps_growth_year": null,
            "eps_4q": null,
            "eps_4q_growth_year": null,
            "roe": null,
            "roe_4q": 0,
            "gross_profit": null,
            "gross_margin": null,
            "gross_margin_4q_avg": 0,
            "net_income": null,
            "net_income_4q": null,
            "revenue": null,
            "revenue_4q": null,
            "common_shares": null,
            "book_valuer_per_share": null,
            "book_valuer_per_share_4q_avg": 7.31,
            "equity": null,
            "current_ratio": null,
            "debt_ratio": null,
            "inventory_turnover_ratio": null,
            "account_receivable_turnover_ratio": null,
            "reinvestment_rate": null,
            "research_to_sale_ratio": null,
            "price_fair": 0,
            "eps_avg_yearly": 0,
            "eps_latest_yearly": 0,
            "eps_growth_yearly": 0
        },
        "20134": {
            "year_quarter": 20134,
            "year": 2013,
            "quarter": 4,
            "eps": null,
            "eps_growth_year": null,
            "eps_4q": null,
            "eps_4q_growth_year": null,
            "roe": null,
            "roe_4q": 0,
            "gross_profit": null,
            "gross_margin": null,
            "gross_margin_4q_avg": 0,
            "net_income": null,
            "net_income_4q": null,
            "revenue": null,
            "revenue_4q": null,
            "common_shares": 562649,
            "book_valuer_per_share": 14.97,
            "book_valuer_per_share_4q_avg": 7.36,
            "equity": 842202,
            "current_ratio": 227.27,
            "debt_ratio": 40.4,
            "inventory_turnover_ratio": null,
            "account_receivable_turnover_ratio": null,
            "reinvestment_rate": null,
            "research_to_sale_ratio": null,
            "price_fair": 0,
            "eps_avg_yearly": 0,
            "eps_latest_yearly": 0,
            "eps_growth_yearly": 0
        },
        "20141": {
            "year_quarter": 20141,
            "year": 2014,
            "quarter": 1,
            "eps": null,
            "eps_growth_year": null,
            "eps_4q": null,
            "eps_4q_growth_year": null,
            "roe": null,
            "roe_4q": 0,
            "gross_profit": null,
            "gross_margin": null,
            "gross_margin_4q_avg": 0,
            "net_income": null,
            "net_income_4q": null,
            "revenue": null,
            "revenue_4q": null,
            "common_shares": null,
            "book_valuer_per_share": null,
            "book_valuer_per_share_4q_avg": 7.36,
            "equity": null,
            "current_ratio": null,
            "debt_ratio": null,
            "inventory_turnover_ratio": null,
            "account_receivable_turnover_ratio": null,
            "reinvestment_rate": null,
            "research_to_sale_ratio": null,
            "price_fair": 0,
            "eps_avg_yearly": 0,
            "eps_latest_yearly": 0,
            "eps_growth_yearly": 0
        },
        "20142": {
            "year_quarter": 20142,
            "year": 2014,
            "quarter": 2,
            "eps": null,
            "eps_growth_year": null,
            "eps_4q": null,
            "eps_4q_growth_year": null,
            "roe": null,
            "roe_4q": 0,
            "gross_profit": null,
            "gross_margin": null,
            "gross_margin_4q_avg": 0,
            "net_income": null,
            "net_income_4q": null,
            "revenue": null,
            "revenue_4q": null,
            "common_shares": 562649,
            "book_valuer_per_share": 15.12,
            "book_valuer_per_share_4q_avg": 7.52,
            "equity": 876222,
            "current_ratio": 266.25,
            "debt_ratio": 34.19,
            "inventory_turnover_ratio": null,
            "account_receivable_turnover_ratio": null,
            "reinvestment_rate": null,
            "research_to_sale_ratio": null,
            "price_fair": 0,
            "eps_avg_yearly": 0,
            "eps_latest_yearly": 0,
            "eps_growth_yearly": 0
        },
        "20143": {
            "year_quarter": 20143,
            "year": 2014,
            "quarter": 3,
            "eps": null,
            "eps_growth_year": null,
            "eps_4q": null,
            "eps_4q_growth_year": null,
            "roe": null,
            "roe_4q": 0,
            "gross_profit": null,
            "gross_margin": null,
            "gross_margin_4q_avg": 0,
            "net_income": null,
            "net_income_4q": null,
            "revenue": null,
            "revenue_4q": null,
            "common_shares": null,
            "book_valuer_per_share": null,
            "book_valuer_per_share_4q_avg": 7.52,
            "equity": null,
            "current_ratio": null,
            "debt_ratio": null,
            "inventory_turnover_ratio": null,
            "account_receivable_turnover_ratio": null,
            "reinvestment_rate": null,
            "research_to_sale_ratio": null,
            "price_fair": 0,
            "eps_avg_yearly": 0,
            "eps_latest_yearly": 0,
            "eps_growth_yearly": 0
        },
        "20144": {
            "year_quarter": 20144,
            "year": 2014,
            "quarter": 4,
            "eps": null,
            "eps_growth_year": null,
            "eps_4q": null,
            "eps_4q_growth_year": null,
            "roe": null,
            "roe_4q": 0,
            "gross_profit": null,
            "gross_margin": null,
            "gross_margin_4q_avg": 0,
            "net_income": null,
            "net_income_4q": null,
            "revenue": null,
            "revenue_4q": null,
            "common_shares": 604000,
            "book_valuer_per_share": 14.84,
            "book_valuer_per_share_4q_avg": 7.49,
            "equity": 922194,
            "current_ratio": 233.88,
            "debt_ratio": 37.12,
            "inventory_turnover_ratio": null,
            "account_receivable_turnover_ratio": null,
            "reinvestment_rate": null,
            "research_to_sale_ratio": null,
            "price_fair": 0,
            "eps_avg_yearly": 0,
            "eps_latest_yearly": 0,
            "eps_growth_yearly": 0
        },
        "20151": {
            "year_quarter": 20151,
            "year": 2015,
            "quarter": 1,
            "eps": null,
            "eps_growth_year": null,
            "eps_4q": null,
            "eps_4q_growth_year": null,
            "roe": null,
            "roe_4q": 0,
            "gross_profit": null,
            "gross_margin": null,
            "gross_margin_4q_avg": 0,
            "net_income": null,
            "net_income_4q": null,
            "revenue": null,
            "revenue_4q": null,
            "common_shares": null,
            "book_valuer_per_share": null,
            "book_valuer_per_share_4q_avg": 7.49,
            "equity": null,
            "current_ratio": null,
            "debt_ratio": null,
            "inventory_turnover_ratio": null,
            "account_receivable_turnover_ratio": null,
            "reinvestment_rate": null,
            "research_to_sale_ratio": null,
            "price_fair": 0,
            "eps_avg_yearly": 0,
            "eps_latest_yearly": 0,
            "eps_growth_yearly": 0
        },
        "20152": {
            "year_quarter": 20152,
            "year": 2015,
            "quarter": 2,
            "eps": null,
            "eps_growth_year": null,
            "eps_4q": null,
            "eps_4q_growth_year": null,
            "roe": null,
            "roe_4q": 0,
            "gross_profit": null,
            "gross_margin": null,
            "gross_margin_4q_avg": 0,
            "net_income": null,
            "net_income_4q": null,
            "revenue": null,
            "revenue_4q": null,
            "common_shares": 604000,
            "book_valuer_per_share": 15.11,
            "book_valuer_per_share_4q_avg": 7.49,
            "equity": 950301,
            "current_ratio": 193.85,
            "debt_ratio": 49.72,
            "inventory_turnover_ratio": null,
            "account_receivable_turnover_ratio": null,
            "reinvestment_rate": null,
            "research_to_sale_ratio": null,
            "price_fair": 0,
            "eps_avg_yearly": 0,
            "eps_latest_yearly": 0,
            "eps_growth_yearly": 0
        },
        "20153": {
            "year_quarter": 20153,
            "year": 2015,
            "quarter": 3,
            "eps": null,
            "eps_growth_year": null,
            "eps_4q": null,
            "eps_4q_growth_year": null,
            "roe": null,
            "roe_4q": 0,
            "gross_profit": 179592,
            "gross_margin": null,
            "gross_margin_4q_avg": 0,
            "net_income": 100837,
            "net_income_4q": null,
            "revenue": 928988,
            "revenue_4q": null,
            "common_shares": 624780,
            "book_valuer_per_share": null,
            "book_valuer_per_share_4q_avg": 7.49,
            "equity": 1056624,
            "current_ratio": null,
            "debt_ratio": null,
            "inventory_turnover_ratio": null,
            "account_receivable_turnover_ratio": null,
            "reinvestment_rate": null,
            "research_to_sale_ratio": null,
            "price_fair": 0,
            "eps_avg_yearly": 0,
            "eps_latest_yearly": 0,
            "eps_growth_yearly": 0
        },
        "20154": {
            "year_quarter": 20154,
            "year": 2015,
            "quarter": 4,
            "eps": null,
            "eps_growth_year": null,
            "eps_4q": null,
            "eps_4q_growth_year": null,
            "roe": null,
            "roe_4q": 0,
            "gross_profit": 175594,
            "gross_margin": null,
            "gross_margin_4q_avg": 0,
            "net_income": -43019,
            "net_income_4q": null,
            "revenue": 675059,
            "revenue_4q": null,
            "common_shares": 624780,
            "book_valuer_per_share": 15.49,
            "book_valuer_per_share_4q_avg": 7.65,
            "equity": 1011306,
            "current_ratio": 175.59,
            "debt_ratio": 53.29,
            "inventory_turnover_ratio": null,
            "account_receivable_turnover_ratio": null,
            "reinvestment_rate": null,
            "research_to_sale_ratio": null,
            "price_fair": 0,
            "eps_avg_yearly": 0,
            "eps_latest_yearly": 0,
            "eps_growth_yearly": 0
        },
        "20161": {
            "year_quarter": 20161,
            "year": 2016,
            "quarter": 1,
            "eps": null,
            "eps_growth_year": null,
            "eps_4q": null,
            "eps_4q_growth_year": null,
            "roe": null,
            "roe_4q": 0,
            "gross_profit": null,
            "gross_margin": null,
            "gross_margin_4q_avg": 0,
            "net_income": null,
            "net_income_4q": null,
            "revenue": null,
            "revenue_4q": null,
            "common_shares": null,
            "book_valuer_per_share": null,
            "book_valuer_per_share_4q_avg": 7.65,
            "equity": null,
            "current_ratio": null,
            "debt_ratio": null,
            "inventory_turnover_ratio": null,
            "account_receivable_turnover_ratio": null,
            "reinvestment_rate": null,
            "research_to_sale_ratio": null,
            "price_fair": 0,
            "eps_avg_yearly": 0,
            "eps_latest_yearly": 0,
            "eps_growth_yearly": 0
        },
        "20162": {
            "year_quarter": 20162,
            "year": 2016,
            "quarter": 2,
            "eps": null,
            "eps_growth_year": null,
            "eps_4q": null,
            "eps_4q_growth_year": null,
            "roe": null,
            "roe_4q": 0,
            "gross_profit": null,
            "gross_margin": null,
            "gross_margin_4q_avg": 0,
            "net_income": null,
            "net_income_4q": null,
            "revenue": null,
            "revenue_4q": null,
            "common_shares": 624780,
            "book_valuer_per_share": 18.82,
            "book_valuer_per_share_4q_avg": 8.58,
            "equity": 1223300,
            "current_ratio": 189.79,
            "debt_ratio": 49.56,
            "inventory_turnover_ratio": null,
            "account_receivable_turnover_ratio": null,
            "reinvestment_rate": null,
            "research_to_sale_ratio": null,
            "price_fair": 0,
            "eps_avg_yearly": 0,
            "eps_latest_yearly": 0,
            "eps_growth_yearly": 0
        },
        "20163": {
            "year_quarter": 20163,
            "year": 2016,
            "quarter": 3,
            "eps": 0.37,
            "eps_growth_year": null,
            "eps_4q": null,
            "eps_4q_growth_year": null,
            "roe": 2.51,
            "roe_4q": 2.51,
            "gross_profit": 171556,
            "gross_margin": 30.02,
            "gross_margin_4q_avg": 7.51,
            "net_income": 31097,
            "net_income_4q": null,
            "revenue": 571500,
            "revenue_4q": null,
            "common_shares": 658704,
            "book_valuer_per_share": 18.19,
            "book_valuer_per_share_4q_avg": 13.13,
            "equity": 1250713,
            "current_ratio": 205.94,
            "debt_ratio": 45.74,
            "inventory_turnover_ratio": 0.5,
            "account_receivable_turnover_ratio": 0.73,
            "reinvestment_rate": null,
            "research_to_sale_ratio": 9.3,
            "price_fair": 0,
            "eps_avg_yearly": 0,
            "eps_latest_yearly": 0,
            "eps_growth_yearly": 0
        },
        "20164": {
            "year_quarter": 20164,
            "year": 2016,
            "quarter": 4,
            "eps": 0.65,
            "eps_growth_year": null,
            "eps_4q": null,
            "eps_4q_growth_year": null,
            "roe": 3.54,
            "roe_4q": 6.05,
            "gross_profit": 175791,
            "gross_margin": 23.89,
            "gross_margin_4q_avg": 13.48,
            "net_income": 50846,
            "net_income_4q": null,
            "revenue": 735717,
            "revenue_4q": null,
            "common_shares": 741054,
            "book_valuer_per_share": 21.13,
            "book_valuer_per_share_4q_avg": 14.54,
            "equity": 1622600,
            "current_ratio": 207.38,
            "debt_ratio": 45.82,
            "inventory_turnover_ratio": 0.81,
            "account_receivable_turnover_ratio": 0.85,
            "reinvestment_rate": null,
            "research_to_sale_ratio": 5.98,
            "price_fair": 91,
            "eps_avg_yearly": 2.6,
            "eps_latest_yearly": 2.6,
            "eps_growth_yearly": 302.7
        },
        "20171": {
            "year_quarter": 20171,
            "year": 2017,
            "quarter": 1,
            "eps": 0.11,
            "eps_growth_year": null,
            "eps_4q": null,
            "eps_4q_growth_year": null,
            "roe": 0.72,
            "roe_4q": 6.77,
            "gross_profit": 177694,
            "gross_margin": 27.01,
            "gross_margin_4q_avg": 20.23,
            "net_income": 11629,
            "net_income_4q": null,
            "revenue": 657907,
            "revenue_4q": null,
            "common_shares": 741054,
            "book_valuer_per_share": 21.17,
            "book_valuer_per_share_4q_avg": 19.83,
            "equity": 1611294,
            "current_ratio": 241.95,
            "debt_ratio": 39.64,
            "inventory_turnover_ratio": 0.75,
            "account_receivable_turnover_ratio": 0.69,
            "reinvestment_rate": null,
            "research_to_sale_ratio": 8.07,
            "price_fair": 4.56,
            "eps_avg_yearly": 1.52,
            "eps_latest_yearly": 0.44,
            "eps_growth_yearly": -14.8
        },
        "20172": {
            "year_quarter": 20172,
            "year": 2017,
            "quarter": 2,
            "eps": -0.09,
            "eps_growth_year": null,
            "eps_4q": 0.99,
            "eps_4q_growth_year": null,
            "roe": -0.25,
            "roe_4q": 6.52,
            "gross_profit": 123201,
            "gross_margin": 20.22,
            "gross_margin_4q_avg": 25.29,
            "net_income": -3833,
            "net_income_4q": null,
            "revenue": 609287,
            "revenue_4q": null,
            "common_shares": 741054,
            "book_valuer_per_share": 19.35,
            "book_valuer_per_share_4q_avg": 19.96,
            "equity": 1481722,
            "current_ratio": 204.28,
            "debt_ratio": 46.2,
            "inventory_turnover_ratio": 0.79,
            "account_receivable_turnover_ratio": 0.58,
            "reinvestment_rate": null,
            "research_to_sale_ratio": 8.94,
            "price_fair": 4.56,
            "eps_avg_yearly": 1.52,
            "eps_latest_yearly": 0.44,
            "eps_growth_yearly": -14.8
        },
        "20173": {
            "year_quarter": 20173,
            "year": 2017,
            "quarter": 3,
            "eps": 0.04,
            "eps_growth_year": -89.19,
            "eps_4q": 0.71,
            "eps_4q_growth_year": null,
            "roe": 0.11,
            "roe_4q": 4.12,
            "gross_profit": 109974,
            "gross_margin": 24.45,
            "gross_margin_4q_avg": 23.89,
            "net_income": 1680,
            "net_income_4q": null,
            "revenue": 449751,
            "revenue_4q": null,
            "common_shares": 745426,
            "book_valuer_per_share": 19.27,
            "book_valuer_per_share_4q_avg": 20.23,
            "equity": 1482796,
            "current_ratio": 200.66,
            "debt_ratio": 46.52,
            "inventory_turnover_ratio": 0.49,
            "account_receivable_turnover_ratio": 0.42,
            "reinvestment_rate": null,
            "research_to_sale_ratio": 6.16,
            "price_fair": 4.56,
            "eps_avg_yearly": 1.52,
            "eps_latest_yearly": 0.44,
            "eps_growth_yearly": -14.8
        },
        "20174": {
            "year_quarter": 20174,
            "year": 2017,
            "quarter": 4,
            "eps": 0.73,
            "eps_growth_year": 12.52,
            "eps_4q": 0.79,
            "eps_4q_growth_year": null,
            "roe": 4.8,
            "roe_4q": 5.38,
            "gross_profit": 254324,
            "gross_margin": 28.44,
            "gross_margin_4q_avg": 25.03,
            "net_income": 72938,
            "net_income_4q": null,
            "revenue": 894234,
            "revenue_4q": null,
            "common_shares": 745426,
            "book_valuer_per_share": 19.99,
            "book_valuer_per_share_4q_avg": 19.95,
            "equity": 1553220,
            "current_ratio": 175.93,
            "debt_ratio": 52.24,
            "inventory_turnover_ratio": 0.84,
            "account_receivable_turnover_ratio": 0.7,
            "reinvestment_rate": null,
            "research_to_sale_ratio": 7.46,
            "price_fair": 69.53,
            "eps_avg_yearly": 1.99,
            "eps_latest_yearly": 2.92,
            "eps_growth_yearly": 2290.13
        },
        "20181": {
            "year_quarter": 20181,
            "year": 2018,
            "quarter": 1,
            "eps": -0.32,
            "eps_growth_year": -390.91,
            "eps_4q": 0.37,
            "eps_4q_growth_year": null,
            "roe": -0.56,
            "roe_4q": 4.1000000000000005,
            "gross_profit": 160242,
            "gross_margin": 26.37,
            "gross_margin_4q_avg": 24.87,
            "net_income": -8667,
            "net_income_4q": null,
            "revenue": 607625,
            "revenue_4q": null,
            "common_shares": 745426,
            "book_valuer_per_share": 19.56,
            "book_valuer_per_share_4q_avg": 19.54,
            "equity": 1517896,
            "current_ratio": 168.14,
            "debt_ratio": 54.17,
            "inventory_turnover_ratio": 0.52,
            "account_receivable_turnover_ratio": 0.44,
            "reinvestment_rate": null,
            "research_to_sale_ratio": 11.84,
            "price_fair": 69.53,
            "eps_avg_yearly": 1.99,
            "eps_latest_yearly": 2.92,
            "eps_growth_yearly": 2290.13
        },
        "20182": {
            "year_quarter": 20182,
            "year": 2018,
            "quarter": 2,
            "eps": 0.68,
            "eps_growth_year": null,
            "eps_4q": 1.13,
            "eps_4q_growth_year": 13.91,
            "roe": 3.76,
            "roe_4q": 8.11,
            "gross_profit": 199573,
            "gross_margin": 32.4,
            "gross_margin_4q_avg": 27.92,
            "net_income": 57747,
            "net_income_4q": null,
            "revenue": 615871,
            "revenue_4q": null,
            "common_shares": 745426,
            "book_valuer_per_share": 19.89,
            "book_valuer_per_share_4q_avg": 19.68,
            "equity": 1552612,
            "current_ratio": 169.3,
            "debt_ratio": 54.82,
            "inventory_turnover_ratio": 0.42,
            "account_receivable_turnover_ratio": 0.48,
            "reinvestment_rate": null,
            "research_to_sale_ratio": 11.87,
            "price_fair": 69.53,
            "eps_avg_yearly": 1.99,
            "eps_latest_yearly": 2.92,
            "eps_growth_yearly": 2290.13
        },
        "20183": {
            "year_quarter": 20183,
            "year": 2018,
            "quarter": 3,
            "eps": -0.85,
            "eps_growth_year": -2225,
            "eps_4q": 0.24,
            "eps_4q_growth_year": -65.66,
            "roe": -4.05,
            "roe_4q": 3.9499999999999997,
            "gross_profit": 114640,
            "gross_margin": 32.61,
            "gross_margin_4q_avg": 29.96,
            "net_income": -61245,
            "net_income_4q": null,
            "revenue": 351525,
            "revenue_4q": null,
            "common_shares": 745426,
            "book_valuer_per_share": 19.04,
            "book_valuer_per_share_4q_avg": 19.62,
            "equity": 1469043,
            "current_ratio": 166.2,
            "debt_ratio": 53.92,
            "inventory_turnover_ratio": 0.22,
            "account_receivable_turnover_ratio": 0.27,
            "reinvestment_rate": null,
            "research_to_sale_ratio": 21.85,
            "price_fair": 69.53,
            "eps_avg_yearly": 1.99,
            "eps_latest_yearly": 2.92,
            "eps_growth_yearly": 2290.13
        },
        "20184": {
            "year_quarter": 20184,
            "year": 2018,
            "quarter": 4,
            "eps": -3.75,
            "eps_growth_year": -610.19,
            "eps_4q": -4.16,
            "eps_4q_growth_year": -623.09,
            "roe": -23.79,
            "roe_4q": -24.639999999999997,
            "gross_profit": 204511,
            "gross_margin": 27.17,
            "gross_margin_4q_avg": 29.64,
            "net_income": -332909,
            "net_income_4q": null,
            "revenue": 752707,
            "revenue_4q": null,
            "common_shares": 895426,
            "book_valuer_per_share": 14.27,
            "book_valuer_per_share_4q_avg": 18.19,
            "equity": 1330219,
            "current_ratio": 151.7,
            "debt_ratio": 56.46,
            "inventory_turnover_ratio": 0.51,
            "account_receivable_turnover_ratio": 0.71,
            "reinvestment_rate": null,
            "research_to_sale_ratio": 12.12,
            "price_fair": 69.53,
            "eps_avg_yearly": 1.99,
            "eps_latest_yearly": 2.92,
            "eps_growth_yearly": 2290.13
        },
        "20191": {
            "year_quarter": 20191,
            "year": 2019,
            "quarter": 1,
            "eps": -1.55,
            "eps_growth_year": null,
            "eps_4q": -5.44,
            "eps_4q_growth_year": -1587.67,
            "roe": -10.25,
            "roe_4q": -34.33,
            "gross_profit": 190217,
            "gross_margin": 26.88,
            "gross_margin_4q_avg": 29.77,
            "net_income": -129661,
            "net_income_4q": null,
            "revenue": 707570,
            "revenue_4q": null,
            "common_shares": 895426,
            "book_valuer_per_share": 12.71,
            "book_valuer_per_share_4q_avg": 16.48,
            "equity": 1200325,
            "current_ratio": 140.56,
            "debt_ratio": 59.35,
            "inventory_turnover_ratio": 0.49,
            "account_receivable_turnover_ratio": 0.81,
            "reinvestment_rate": null,
            "research_to_sale_ratio": 11.11,
            "price_fair": 69.53,
            "eps_avg_yearly": 1.99,
            "eps_latest_yearly": 2.92,
            "eps_growth_yearly": 2290.13
        },
        "20192": {
            "year_quarter": 20192,
            "year": 2019,
            "quarter": 2,
            "eps": -0.74,
            "eps_growth_year": -208.82,
            "eps_4q": -6.74,
            "eps_4q_growth_year": -695.74,
            "roe": -5.15,
            "roe_4q": -43.239999999999995,
            "gross_profit": 215702,
            "gross_margin": 25.45,
            "gross_margin_4q_avg": 28.03,
            "net_income": -60343,
            "net_income_4q": null,
            "revenue": 847557,
            "revenue_4q": null,
            "common_shares": 895426,
            "book_valuer_per_share": 11.99,
            "book_valuer_per_share_4q_avg": 14.5,
            "equity": 1141788,
            "current_ratio": 129.26,
            "debt_ratio": 63.09,
            "inventory_turnover_ratio": 0.61,
            "account_receivable_turnover_ratio": 1.05,
            "reinvestment_rate": null,
            "research_to_sale_ratio": 10.04,
            "price_fair": 69.53,
            "eps_avg_yearly": 1.99,
            "eps_latest_yearly": 2.92,
            "eps_growth_yearly": 2290.13
        },
        "20193": {
            "year_quarter": 20193,
            "year": 2019,
            "quarter": 3,
            "eps": 0.43,
            "eps_growth_year": null,
            "eps_4q": -5.6,
            "eps_4q_growth_year": -2401.15,
            "roe": 3.71,
            "roe_4q": -35.480000000000004,
            "gross_profit": 195076,
            "gross_margin": 25.02,
            "gross_margin_4q_avg": 26.13,
            "net_income": 43080,
            "net_income_4q": null,
            "revenue": 779628,
            "revenue_4q": null,
            "common_shares": 895426,
            "book_valuer_per_share": 12.39,
            "book_valuer_per_share_4q_avg": 12.84,
            "equity": 1182331,
            "current_ratio": 129.76,
            "debt_ratio": 63.61,
            "inventory_turnover_ratio": 0.51,
            "account_receivable_turnover_ratio": 1.13,
            "reinvestment_rate": null,
            "research_to_sale_ratio": 10.84,
            "price_fair": 69.53,
            "eps_avg_yearly": 1.99,
            "eps_latest_yearly": 2.92,
            "eps_growth_yearly": 2290.13
        },
        "20194": {
            "year_quarter": 20194,
            "year": 2019,
            "quarter": 4,
            "eps": 2.05,
            "eps_growth_year": null,
            "eps_4q": 0.19,
            "eps_4q_growth_year": null,
            "roe": 15.22,
            "roe_4q": 3.5299999999999994,
            "gross_profit": 375784,
            "gross_margin": 30.26,
            "gross_margin_4q_avg": 26.9,
            "net_income": 191609,
            "net_income_4q": null,
            "revenue": 1241833,
            "revenue_4q": null,
            "common_shares": 895426,
            "book_valuer_per_share": 14.34,
            "book_valuer_per_share_4q_avg": 12.86,
            "equity": 1334817,
            "current_ratio": 135.79,
            "debt_ratio": 61.68,
            "inventory_turnover_ratio": 0.7,
            "account_receivable_turnover_ratio": 1.78,
            "reinvestment_rate": null,
            "research_to_sale_ratio": 11.3,
            "price_fair": 123.9,
            "eps_avg_yearly": 3.54,
            "eps_latest_yearly": 8.2,
            "eps_growth_yearly": 2094.34
        },
        "20201": {
            "year_quarter": 20201,
            "year": 2020,
            "quarter": 1,
            "eps": 0.41,
            "eps_growth_year": null,
            "eps_4q": 2.16,
            "eps_4q_growth_year": null,
            "roe": 2.75,
            "roe_4q": 16.53,
            "gross_profit": 259299,
            "gross_margin": 29.55,
            "gross_margin_4q_avg": 27.57,
            "net_income": 37158,
            "net_income_4q": null,
            "revenue": 877532,
            "revenue_4q": null,
            "common_shares": 895426,
            "book_valuer_per_share": 14.74,
            "book_valuer_per_share_4q_avg": 13.37,
            "equity": 1370208,
            "current_ratio": 143.54,
            "debt_ratio": 59.07,
            "inventory_turnover_ratio": 0.5,
            "account_receivable_turnover_ratio": 1.24,
            "reinvestment_rate": null,
            "research_to_sale_ratio": 12.09,
            "price_fair": 110.6,
            "eps_avg_yearly": 3.16,
            "eps_latest_yearly": 1.64,
            "eps_growth_yearly": 1611.47
        },
        "20202": {
            "year_quarter": 20202,
            "year": 2020,
            "quarter": 2,
            "eps": 0.56,
            "eps_growth_year": null,
            "eps_4q": 3.48,
            "eps_4q_growth_year": null,
            "roe": 4.07,
            "roe_4q": 25.75,
            "gross_profit": 214479,
            "gross_margin": 23.95,
            "gross_margin_4q_avg": 27.2,
            "net_income": 56507,
            "net_income_4q": null,
            "revenue": 895615,
            "revenue_4q": null,
            "common_shares": 895426,
            "book_valuer_per_share": 15.2,
            "book_valuer_per_share_4q_avg": 14.17,
            "equity": 1406509,
            "current_ratio": 143.71,
            "debt_ratio": 59.17,
            "inventory_turnover_ratio": 0.52,
            "account_receivable_turnover_ratio": 1.33,
            "reinvestment_rate": null,
            "research_to_sale_ratio": 11.64,
            "price_fair": 105.23,
            "eps_avg_yearly": 3.01,
            "eps_latest_yearly": 2.24,
            "eps_growth_yearly": 1367.29
        },
        "20203": {
            "year_quarter": 20203,
            "year": 2020,
            "quarter": 3,
            "eps": 0.54,
            "eps_growth_year": 25.58,
            "eps_4q": 3.58,
            "eps_4q_growth_year": null,
            "roe": 3.69,
            "roe_4q": 25.73,
            "gross_profit": 216301,
            "gross_margin": 25.71,
            "gross_margin_4q_avg": 27.37,
            "net_income": 52840,
            "net_income_4q": null,
            "revenue": 841239,
            "revenue_4q": null,
            "common_shares": 895426,
            "book_valuer_per_share": 15.74,
            "book_valuer_per_share_4q_avg": 15.01,
            "equity": 1459000,
            "current_ratio": 156.04,
            "debt_ratio": 60.4,
            "inventory_turnover_ratio": 0.44,
            "account_receivable_turnover_ratio": 1.17,
            "reinvestment_rate": null,
            "research_to_sale_ratio": 12.35,
            "price_fair": 101,
            "eps_avg_yearly": 2.89,
            "eps_latest_yearly": 2.16,
            "eps_growth_yearly": 1169.92
        },
        "20204": {
            "year_quarter": 20204,
            "year": 2020,
            "quarter": 4,
            "eps": 0.71,
            "eps_growth_year": -65.2,
            "eps_4q": 2.23,
            "eps_4q_growth_year": 1060.26,
            "roe": 4.12,
            "roe_4q": 14.63,
            "gross_profit": 273332,
            "gross_margin": 24.4,
            "gross_margin_4q_avg": 25.9,
            "net_income": 61498,
            "net_income_4q": null,
            "revenue": 1120128,
            "revenue_4q": null,
            "common_shares": 895426,
            "book_valuer_per_share": 16.49,
            "book_valuer_per_share_4q_avg": 15.54,
            "equity": 1523035,
            "current_ratio": 162.23,
            "debt_ratio": 58.08,
            "inventory_turnover_ratio": 0.63,
            "account_receivable_turnover_ratio": 1.34,
            "reinvestment_rate": null,
            "research_to_sale_ratio": 8.77,
            "price_fair": 102.2,
            "eps_avg_yearly": 2.92,
            "eps_latest_yearly": 2.84,
            "eps_growth_yearly": 1144.66
        },
        "20211": {
            "year_quarter": 20211,
            "year": 2021,
            "quarter": 1,
            "eps": 0.1,
            "eps_growth_year": -75.61,
            "eps_4q": 1.91,
            "eps_4q_growth_year": -11.26,
            "roe": 0.64,
            "roe_4q": 12.52,
            "gross_profit": 224124,
            "gross_margin": 28.21,
            "gross_margin_4q_avg": 25.57,
            "net_income": 9705,
            "net_income_4q": null,
            "revenue": 794622,
            "revenue_4q": null,
            "common_shares": 895426,
            "book_valuer_per_share": 16.55,
            "book_valuer_per_share_4q_avg": 16,
            "equity": 1529635,
            "current_ratio": 163.84,
            "debt_ratio": 57.25,
            "inventory_turnover_ratio": 0.46,
            "account_receivable_turnover_ratio": 0.93,
            "reinvestment_rate": null,
            "research_to_sale_ratio": 13.3,
            "price_fair": 102,
            "eps_avg_yearly": 2.91,
            "eps_latest_yearly": 0.4,
            "eps_growth_yearly": 1143.04
        },
        "20212": {
            "year_quarter": 20212,
            "year": 2021,
            "quarter": 2,
            "eps": 0.56,
            "eps_growth_year": 0,
            "eps_4q": 1.91,
            "eps_4q_growth_year": -45.2,
            "roe": 3.44,
            "roe_4q": 11.889999999999999,
            "gross_profit": 241108,
            "gross_margin": 25.02,
            "gross_margin_4q_avg": 25.84,
            "net_income": 53397,
            "net_income_4q": null,
            "revenue": 963723,
            "revenue_4q": null,
            "common_shares": 895426,
            "book_valuer_per_share": 17.04,
            "book_valuer_per_share_4q_avg": 16.46,
            "equity": 1575455,
            "current_ratio": 158.02,
            "debt_ratio": 59.49,
            "inventory_turnover_ratio": 0.54,
            "account_receivable_turnover_ratio": 1.18,
            "reinvestment_rate": null,
            "research_to_sale_ratio": 12.07,
            "price_fair": 99.05,
            "eps_avg_yearly": 2.83,
            "eps_latest_yearly": 2.24,
            "eps_growth_yearly": 1230.16
        },
        "20213": {
            "year_quarter": 20213,
            "year": 2021,
            "quarter": 3,
            "eps": 0.57,
            "eps_growth_year": 5.56,
            "eps_4q": 1.94,
            "eps_4q_growth_year": -45.83,
            "roe": 3.72,
            "roe_4q": 11.92,
            "gross_profit": 346238,
            "gross_margin": 28.8,
            "gross_margin_4q_avg": 26.61,
            "net_income": 58614,
            "net_income_4q": null,
            "revenue": 1202293,
            "revenue_4q": null,
            "common_shares": 895426,
            "book_valuer_per_share": 16.98,
            "book_valuer_per_share_4q_avg": 16.77,
            "equity": 1577262,
            "current_ratio": 150.57,
            "debt_ratio": 62.92,
            "inventory_turnover_ratio": 0.57,
            "account_receivable_turnover_ratio": 1.31,
            "reinvestment_rate": 664.67,
            "research_to_sale_ratio": 11,
            "price_fair": 96.91,
            "eps_avg_yearly": 2.77,
            "eps_latest_yearly": 2.28,
            "eps_growth_yearly": 1094.27
        },
        "20214": {
            "year_quarter": 20214,
            "year": 2021,
            "quarter": 4,
            "eps": 1.28,
            "eps_growth_year": 79.88,
            "eps_4q": 2.51,
            "eps_4q_growth_year": 12.51,
            "roe": 7.01,
            "roe_4q": 14.81,
            "gross_profit": 423871,
            "gross_margin": 28.36,
            "gross_margin_4q_avg": 27.6,
            "net_income": 114380,
            "net_income_4q": null,
            "revenue": 1494678,
            "revenue_4q": null,
            "common_shares": 895426,
            "book_valuer_per_share": 18.2,
            "book_valuer_per_share_4q_avg": 17.19,
            "equity": 1685866,
            "current_ratio": 149.32,
            "debt_ratio": 63.22,
            "inventory_turnover_ratio": 0.66,
            "account_receivable_turnover_ratio": 1.47,
            "reinvestment_rate": 36.46,
            "research_to_sale_ratio": 8.89,
            "price_fair": 105.47,
            "eps_avg_yearly": 3.01,
            "eps_latest_yearly": 5.12,
            "eps_growth_yearly": 382.96
        },
        "20221": {
            "year_quarter": 20221,
            "year": 2022,
            "quarter": 1,
            "eps": 1.59,
            "eps_growth_year": 1490,
            "eps_4q": 4,
            "eps_4q_growth_year": 108.89,
            "roe": 8.41,
            "roe_4q": 22.580000000000002,
            "gross_profit": 414844,
            "gross_margin": 29.46,
            "gross_margin_4q_avg": 27.91,
            "net_income": 148439,
            "net_income_4q": null,
            "revenue": 1408192,
            "revenue_4q": null,
            "common_shares": 895426,
            "book_valuer_per_share": 19.89,
            "book_valuer_per_share_4q_avg": 18.03,
            "equity": 1846157,
            "current_ratio": 155.49,
            "debt_ratio": 61.25,
            "inventory_turnover_ratio": 0.56,
            "account_receivable_turnover_ratio": 1.35,
            "reinvestment_rate": 9.87,
            "research_to_sale_ratio": 8.55,
            "price_fair": 117.18,
            "eps_avg_yearly": 3.35,
            "eps_latest_yearly": 6.36,
            "eps_growth_yearly": 354.36
        },
        "20222": {
            "year_quarter": 20222,
            "year": 2022,
            "quarter": 2,
            "eps": 1.65,
            "eps_growth_year": 194.64,
            "eps_4q": 5.1,
            "eps_4q_growth_year": 167.2,
            "roe": 7.8,
            "roe_4q": 26.939999999999998,
            "gross_profit": 521773,
            "gross_margin": 32.65,
            "gross_margin_4q_avg": 29.82,
            "net_income": 148185,
            "net_income_4q": null,
            "revenue": 1598132,
            "revenue_4q": null,
            "common_shares": 895426,
            "book_valuer_per_share": 21.04,
            "book_valuer_per_share_4q_avg": 19.03,
            "equity": 1953109,
            "current_ratio": 152.72,
            "debt_ratio": 62.46,
            "inventory_turnover_ratio": 0.54,
            "account_receivable_turnover_ratio": 1.44,
            "reinvestment_rate": 7.91,
            "research_to_sale_ratio": 7.63,
            "price_fair": 127.53,
            "eps_avg_yearly": 3.64,
            "eps_latest_yearly": 6.6,
            "eps_growth_yearly": 323.51
        },
        "20223": {
            "year_quarter": 20223,
            "year": 2022,
            "quarter": 3,
            "eps": 2.49,
            "eps_growth_year": 336.84,
            "eps_4q": 6.47,
            "eps_4q_growth_year": 233.06,
            "roe": 10.83,
            "roe_4q": 34.05,
            "gross_profit": 617961,
            "gross_margin": 30.85,
            "gross_margin_4q_avg": 30.33,
            "net_income": 252516,
            "net_income_4q": null,
            "revenue": 2003227,
            "revenue_4q": null,
            "common_shares": 995426,
            "book_valuer_per_share": 26.36,
            "book_valuer_per_share_4q_avg": 21.37,
            "equity": 2712119,
            "current_ratio": 178.86,
            "debt_ratio": 55.23,
            "inventory_turnover_ratio": 0.64,
            "account_receivable_turnover_ratio": 1.51,
            "reinvestment_rate": 6.3,
            "research_to_sale_ratio": 7.97,
            "price_fair": 145.95,
            "eps_avg_yearly": 4.17,
            "eps_latest_yearly": 9.96,
            "eps_growth_yearly": 313.52
        },
        "20224": {
            "year_quarter": 20224,
            "year": 2022,
            "quarter": 4,
            "eps": 2.39,
            "eps_growth_year": 86.59,
            "eps_4q": 7.71,
            "eps_4q_growth_year": 206.93,
            "roe": 9.04,
            "roe_4q": 36.08,
            "gross_profit": 788346,
            "gross_margin": 32.98,
            "gross_margin_4q_avg": 31.49,
            "net_income": 256175,
            "net_income_4q": null,
            "revenue": 2390445,
            "revenue_4q": null,
            "common_shares": 995426,
            "book_valuer_per_share": 28.65,
            "book_valuer_per_share_4q_avg": 23.99,
            "equity": 2955001,
            "current_ratio": 182.37,
            "debt_ratio": 53.62,
            "inventory_turnover_ratio": 0.71,
            "account_receivable_turnover_ratio": 1.4,
            "reinvestment_rate": 2.55,
            "research_to_sale_ratio": 7.8,
            "price_fair": 160.46,
            "eps_avg_yearly": 4.58,
            "eps_latest_yearly": 9.56,
            "eps_growth_yearly": 288.17
        },
        "20231": {
            "year_quarter": 20231,
            "year": 2023,
            "quarter": 1,
            "eps": 2.18,
            "eps_growth_year": 37.11,
            "eps_4q": 8.47,
            "eps_4q_growth_year": 111.7,
            "roe": 7.41,
            "roe_4q": 35.08,
            "gross_profit": 593303,
            "gross_margin": 34.35,
            "gross_margin_4q_avg": 32.71,
            "net_income": 226346,
            "net_income_4q": null,
            "revenue": 1727019,
            "revenue_4q": null,
            "common_shares": 995426,
            "book_valuer_per_share": 30.82,
            "book_valuer_per_share_4q_avg": 26.72,
            "equity": 3158280,
            "current_ratio": 189.31,
            "debt_ratio": 51.16,
            "inventory_turnover_ratio": 0.48,
            "account_receivable_turnover_ratio": 1.03,
            "reinvestment_rate": 2.53,
            "research_to_sale_ratio": 9.2,
            "price_fair": 170.8,
            "eps_avg_yearly": 4.88,
            "eps_latest_yearly": 8.72,
            "eps_growth_yearly": 265.08
        },
        "20232": {
            "year_quarter": 20232,
            "year": 2023,
            "quarter": 2,
            "eps": 2,
            "eps_growth_year": 21.21,
            "eps_4q": 8.3,
            "eps_4q_growth_year": 62.75,
            "roe": 6.2,
            "roe_4q": 33.48,
            "gross_profit": 628628,
            "gross_margin": 31.93,
            "gross_margin_4q_avg": 32.53,
            "net_income": 201237,
            "net_income_4q": null,
            "revenue": 1968862,
            "revenue_4q": null,
            "common_shares": 995426,
            "book_valuer_per_share": 32.56,
            "book_valuer_per_share_4q_avg": 29.6,
            "equity": 3335413,
            "current_ratio": 190.83,
            "debt_ratio": 50.75,
            "inventory_turnover_ratio": 0.56,
            "account_receivable_turnover_ratio": 1.42,
            "reinvestment_rate": 4.89,
            "research_to_sale_ratio": 7.79,
            "price_fair": 178.08,
            "eps_avg_yearly": 5.09,
            "eps_latest_yearly": 8,
            "eps_growth_yearly": 245.2
        },
        "20233": {
            "year_quarter": 20233,
            "year": 2023,
            "quarter": 3,
            "eps": 2.45,
            "eps_growth_year": -1.61,
            "eps_4q": 8.46,
            "eps_4q_growth_year": 30.75,
            "roe": 7.52,
            "roe_4q": 30.169999999999998,
            "gross_profit": 616711,
            "gross_margin": 29.47,
            "gross_margin_4q_avg": 32.18,
            "net_income": 261629,
            "net_income_4q": null,
            "revenue": 2092520,
            "revenue_4q": null,
            "common_shares": 995426,
            "book_valuer_per_share": 35.33,
            "book_valuer_per_share_4q_avg": 31.84,
            "equity": 3620331,
            "current_ratio": 203.75,
            "debt_ratio": 47.54,
            "inventory_turnover_ratio": 0.66,
            "account_receivable_turnover_ratio": 1.31,
            "reinvestment_rate": 4.79,
            "research_to_sale_ratio": 6.76,
            "price_fair": 188.39,
            "eps_avg_yearly": 5.38,
            "eps_latest_yearly": 9.8,
            "eps_growth_yearly": 235.5
        }
    },
    "months": {
        "2011-11": {
            "month": "2011-11",
            "price": "31.50",
            "revenue": 97991
        },
        "2011-12": {
            "month": "2011-12",
            "price": "30.41",
            "revenue": 140985
        },
        "2012-01": {
            "month": "2012-01",
            "price": "29.21",
            "revenue": 37797
        },
        "2012-02": {
            "month": "2012-02",
            "price": "29.26",
            "revenue": 55729
        },
        "2012-03": {
            "month": "2012-03",
            "price": "28.82",
            "revenue": 152002
        },
        "2012-04": {
            "month": "2012-04",
            "price": "28.26",
            "revenue": 93221
        },
        "2012-05": {
            "month": "2012-05",
            "price": "25.64",
            "revenue": 141380
        },
        "2012-06": {
            "month": "2012-06",
            "price": "22.97",
            "revenue": 44541
        },
        "2012-07": {
            "month": "2012-07",
            "price": "20.39",
            "revenue": 65602
        },
        "2012-08": {
            "month": "2012-08",
            "price": "19.23",
            "revenue": 125663
        },
        "2012-09": {
            "month": "2012-09",
            "price": "17.33",
            "revenue": 135666
        },
        "2012-10": {
            "month": "2012-10",
            "price": "19.16",
            "revenue": 97899
        },
        "2012-11": {
            "month": "2012-11",
            "price": "19.66",
            "revenue": 134582
        },
        "2012-12": {
            "month": "2012-12",
            "price": "18.41",
            "revenue": 143800
        },
        "2013-01": {
            "month": "2013-01",
            "price": "18.15",
            "revenue": 96340
        },
        "2013-02": {
            "month": "2013-02",
            "price": "17.89",
            "revenue": 58627
        },
        "2013-03": {
            "month": "2013-03",
            "price": "17.88",
            "revenue": 87052
        },
        "2013-04": {
            "month": "2013-04",
            "price": "17.80",
            "revenue": 83604
        },
        "2013-05": {
            "month": "2013-05",
            "price": "16.72",
            "revenue": 69456
        },
        "2013-06": {
            "month": "2013-06",
            "price": "16.23",
            "revenue": 55424
        },
        "2013-07": {
            "month": "2013-07",
            "price": "15.77",
            "revenue": 94226
        },
        "2013-08": {
            "month": "2013-08",
            "price": "16.69",
            "revenue": 104388
        },
        "2013-09": {
            "month": "2013-09",
            "price": "15.24",
            "revenue": 195541
        },
        "2013-10": {
            "month": "2013-10",
            "price": "16.75",
            "revenue": 189212
        },
        "2013-11": {
            "month": "2013-11",
            "price": "17.52",
            "revenue": 338704
        },
        "2013-12": {
            "month": "2013-12",
            "price": "23.04",
            "revenue": 198929
        },
        "2014-01": {
            "month": "2014-01",
            "price": "25.01",
            "revenue": 304722
        },
        "2014-02": {
            "month": "2014-02",
            "price": "26.51",
            "revenue": 49581
        },
        "2014-03": {
            "month": "2014-03",
            "price": "27.09",
            "revenue": 152762
        },
        "2014-04": {
            "month": "2014-04",
            "price": "25.58",
            "revenue": 110256
        },
        "2014-05": {
            "month": "2014-05",
            "price": "23.92",
            "revenue": 80209
        },
        "2014-06": {
            "month": "2014-06",
            "price": "25.60",
            "revenue": 126858
        },
        "2014-07": {
            "month": "2014-07",
            "price": "24.07",
            "revenue": 148721
        },
        "2014-08": {
            "month": "2014-08",
            "price": "23.00",
            "revenue": 182262
        },
        "2014-09": {
            "month": "2014-09",
            "price": "21.83",
            "revenue": 151752
        },
        "2014-10": {
            "month": "2014-10",
            "price": "22.38",
            "revenue": 149664
        },
        "2014-11": {
            "month": "2014-11",
            "price": "20.87",
            "revenue": 192759
        },
        "2014-12": {
            "month": "2014-12",
            "price": "20.74",
            "revenue": 130193
        },
        "2015-01": {
            "month": "2015-01",
            "price": "20.74",
            "revenue": 121911
        },
        "2015-02": {
            "month": "2015-02",
            "price": "20.11",
            "revenue": 58578
        },
        "2015-03": {
            "month": "2015-03",
            "price": "20.10",
            "revenue": 127657
        },
        "2015-04": {
            "month": "2015-04",
            "price": "18.58",
            "revenue": 221172
        },
        "2015-05": {
            "month": "2015-05",
            "price": "18.07",
            "revenue": 211750
        },
        "2015-06": {
            "month": "2015-06",
            "price": "18.90",
            "revenue": 259587
        },
        "2015-07": {
            "month": "2015-07",
            "price": "20.49",
            "revenue": 230311
        },
        "2015-08": {
            "month": "2015-08",
            "price": "18.11",
            "revenue": 299010
        },
        "2015-09": {
            "month": "2015-09",
            "price": "18.30",
            "revenue": 378210
        },
        "2015-10": {
            "month": "2015-10",
            "price": "21.51",
            "revenue": 258016
        },
        "2015-11": {
            "month": "2015-11",
            "price": "25.01",
            "revenue": 228373
        },
        "2015-12": {
            "month": "2015-12",
            "price": "27.67",
            "revenue": 191112
        },
        "2016-01": {
            "month": "2016-01",
            "price": "28.81",
            "revenue": 331221
        },
        "2016-02": {
            "month": "2016-02",
            "price": "31.08",
            "revenue": 316677
        },
        "2016-03": {
            "month": "2016-03",
            "price": "36.59",
            "revenue": 465604
        },
        "2016-04": {
            "month": "2016-04",
            "price": "40.67",
            "revenue": 288565
        },
        "2016-05": {
            "month": "2016-05",
            "price": "50.08",
            "revenue": 241783
        },
        "2016-06": {
            "month": "2016-06",
            "price": "51.57",
            "revenue": 222401
        },
        "2016-07": {
            "month": "2016-07",
            "price": "56.24",
            "revenue": 187022
        },
        "2016-08": {
            "month": "2016-08",
            "price": "67.01",
            "revenue": 253861
        },
        "2016-09": {
            "month": "2016-09",
            "price": "67.48",
            "revenue": 134952
        },
        "2016-10": {
            "month": "2016-10",
            "price": "60.78",
            "revenue": 258899
        },
        "2016-11": {
            "month": "2016-11",
            "price": "51.70",
            "revenue": 254610
        },
        "2016-12": {
            "month": "2016-12",
            "price": "47.68",
            "revenue": 220554
        },
        "2017-01": {
            "month": "2017-01",
            "price": "41.81",
            "revenue": 222863
        },
        "2017-02": {
            "month": "2017-02",
            "price": "45.58",
            "revenue": 193444
        },
        "2017-03": {
            "month": "2017-03",
            "price": "40.89",
            "revenue": 235326
        },
        "2017-04": {
            "month": "2017-04",
            "price": "41.10",
            "revenue": 219173
        },
        "2017-05": {
            "month": "2017-05",
            "price": "41.42",
            "revenue": 210281
        },
        "2017-06": {
            "month": "2017-06",
            "price": "39.61",
            "revenue": 180962
        },
        "2017-07": {
            "month": "2017-07",
            "price": "38.51",
            "revenue": 116588
        },
        "2017-08": {
            "month": "2017-08",
            "price": "31.37",
            "revenue": 138000
        },
        "2017-09": {
            "month": "2017-09",
            "price": "29.38",
            "revenue": 184780
        },
        "2017-10": {
            "month": "2017-10",
            "price": "28.83",
            "revenue": 233011
        },
        "2017-11": {
            "month": "2017-11",
            "price": "28.11",
            "revenue": 297326
        },
        "2017-12": {
            "month": "2017-12",
            "price": "24.25",
            "revenue": 361826
        },
        "2018-01": {
            "month": "2018-01",
            "price": "26.22",
            "revenue": 210270
        },
        "2018-02": {
            "month": "2018-02",
            "price": "24.42",
            "revenue": 180954
        },
        "2018-03": {
            "month": "2018-03",
            "price": "22.80",
            "revenue": 215466
        },
        "2018-04": {
            "month": "2018-04",
            "price": "19.98",
            "revenue": 214026
        },
        "2018-05": {
            "month": "2018-05",
            "price": "19.66",
            "revenue": 211223
        },
        "2018-06": {
            "month": "2018-06",
            "price": "19.85",
            "revenue": 187993
        },
        "2018-07": {
            "month": "2018-07",
            "price": "19.21",
            "revenue": 119764
        },
        "2018-08": {
            "month": "2018-08",
            "price": "20.22",
            "revenue": 139543
        },
        "2018-09": {
            "month": "2018-09",
            "price": "19.94",
            "revenue": 178453
        },
        "2018-10": {
            "month": "2018-10",
            "price": "16.82",
            "revenue": 211663
        },
        "2018-11": {
            "month": "2018-11",
            "price": "15.56",
            "revenue": 234752
        },
        "2018-12": {
            "month": "2018-12",
            "price": "13.88",
            "revenue": 249374
        },
        "2019-01": {
            "month": "2019-01",
            "price": "13.63",
            "revenue": 261508
        },
        "2019-02": {
            "month": "2019-02",
            "price": "14.60",
            "revenue": 180407
        },
        "2019-03": {
            "month": "2019-03",
            "price": "14.11",
            "revenue": 256573
        },
        "2019-04": {
            "month": "2019-04",
            "price": "19.06",
            "revenue": 270260
        },
        "2019-05": {
            "month": "2019-05",
            "price": "19.37",
            "revenue": 280186
        },
        "2019-06": {
            "month": "2019-06",
            "price": "20.43",
            "revenue": 284858
        },
        "2019-07": {
            "month": "2019-07",
            "price": "22.82",
            "revenue": 230975
        },
        "2019-08": {
            "month": "2019-08",
            "price": "25.15",
            "revenue": 268093
        },
        "2019-09": {
            "month": "2019-09",
            "price": "28.18",
            "revenue": 292070
        },
        "2019-10": {
            "month": "2019-10",
            "price": "28.95",
            "revenue": 346004
        },
        "2019-11": {
            "month": "2019-11",
            "price": "28.07",
            "revenue": 400588
        },
        "2019-12": {
            "month": "2019-12",
            "price": "28.75",
            "revenue": 431039
        },
        "2020-01": {
            "month": "2020-01",
            "price": "29.38",
            "revenue": 330018
        },
        "2020-02": {
            "month": "2020-02",
            "price": "26.47",
            "revenue": 260307
        },
        "2020-03": {
            "month": "2020-03",
            "price": "20.35",
            "revenue": 276445
        },
        "2020-04": {
            "month": "2020-04",
            "price": "23.21",
            "revenue": 281664
        },
        "2020-05": {
            "month": "2020-05",
            "price": "24.22",
            "revenue": 263992
        },
        "2020-06": {
            "month": "2020-06",
            "price": "23.33",
            "revenue": 348947
        },
        "2020-07": {
            "month": "2020-07",
            "price": "23.87",
            "revenue": 254254
        },
        "2020-08": {
            "month": "2020-08",
            "price": "22.24",
            "revenue": 254670
        },
        "2020-09": {
            "month": "2020-09",
            "price": "21.84",
            "revenue": 329433
        },
        "2020-10": {
            "month": "2020-10",
            "price": "21.08",
            "revenue": 301324
        },
        "2020-11": {
            "month": "2020-11",
            "price": "22.19",
            "revenue": 319111
        },
        "2020-12": {
            "month": "2020-12",
            "price": "22.36",
            "revenue": 492091
        },
        "2021-01": {
            "month": "2021-01",
            "price": "21.83",
            "revenue": 268534
        },
        "2021-02": {
            "month": "2021-02",
            "price": "21.72",
            "revenue": 163448
        },
        "2021-03": {
            "month": "2021-03",
            "price": "21.72",
            "revenue": 363113
        },
        "2021-04": {
            "month": "2021-04",
            "price": "26.62",
            "revenue": 283512
        },
        "2021-05": {
            "month": "2021-05",
            "price": "21.45",
            "revenue": 291274
        },
        "2021-06": {
            "month": "2021-06",
            "price": "21.47",
            "revenue": 394399
        },
        "2021-07": {
            "month": "2021-07",
            "price": "23.03",
            "revenue": 326731
        },
        "2021-08": {
            "month": "2021-08",
            "price": "22.64",
            "revenue": 424736
        },
        "2021-09": {
            "month": "2021-09",
            "price": "28.64",
            "revenue": 439701
        },
        "2021-10": {
            "month": "2021-10",
            "price": "28.80",
            "revenue": 440279
        },
        "2021-11": {
            "month": "2021-11",
            "price": "33.91",
            "revenue": 455269
        },
        "2021-12": {
            "month": "2021-12",
            "price": "37.03",
            "revenue": 620426
        },
        "2022-01": {
            "month": "2022-01",
            "price": "38.84",
            "revenue": 501757
        },
        "2022-02": {
            "month": "2022-02",
            "price": "38.00",
            "revenue": 399724
        },
        "2022-03": {
            "month": "2022-03",
            "price": "38.15",
            "revenue": 506289
        },
        "2022-04": {
            "month": "2022-04",
            "price": "38.99",
            "revenue": 421135
        },
        "2022-05": {
            "month": "2022-05",
            "price": "37.74",
            "revenue": 470569
        },
        "2022-06": {
            "month": "2022-06",
            "price": "59.37",
            "revenue": 666067
        },
        "2022-07": {
            "month": "2022-07",
            "price": "60.54",
            "revenue": 616095
        },
        "2022-08": {
            "month": "2022-08",
            "price": "67.64",
            "revenue": 634941
        },
        "2022-09": {
            "month": "2022-09",
            "price": "67.00",
            "revenue": 760606
        },
        "2022-10": {
            "month": "2022-10",
            "price": "57.12",
            "revenue": 761168
        },
        "2022-11": {
            "month": "2022-11",
            "price": "66.00",
            "revenue": 775227
        },
        "2022-12": {
            "month": "2022-12",
            "price": "66.60",
            "revenue": 862455
        },
        "2023-01": {
            "month": "2023-01",
            "price": "68.06",
            "revenue": 552444
        },
        "2023-02": {
            "month": "2023-02",
            "price": "81.57",
            "revenue": 551253
        },
        "2023-03": {
            "month": "2023-03",
            "price": "92.53",
            "revenue": 610392
        },
        "2023-04": {
            "month": "2023-04",
            "price": "85.34",
            "revenue": 575385
        },
        "2023-05": {
            "month": "2023-05",
            "price": "87.09",
            "revenue": 611961
        },
        "2023-06": {
            "month": "2023-06",
            "price": "101.87",
            "revenue": 775241
        },
        "2023-07": {
            "month": "2023-07",
            "price": "124.74",
            "revenue": 657750
        },
        "2023-08": {
            "month": "2023-08",
            "price": "110.84",
            "revenue": 645268
        },
        "2023-09": {
            "month": "2023-09",
            "price": "117.95",
            "revenue": 784999
        },
        "2023-10": {
            "month": "2023-10",
            "price": "123.65",
            "revenue": 745075
        },
        "2023-11": {
            "month": "2023-11",
            "price": "142.00",
            "revenue": 671774
        },
        "2023-12": {
            "month": "2023-12",
            "price": "128.55",
            "revenue": 875717
        }
    }
}
