{
    "summary": {
        "stock_name": "奕智博",
        "stock_id": "5259",
        "category": "光電",
        "main_business": "光電玻璃製造業<br>玻璃製品製造業",
        "website_url": "",
        "ceo": "黃必成",
        "pe_ratio": 0,
        "report_year_from": 2010,
        "report_year_to": 2019,
        "age": 13,
        "eps_negative_percentage": 100,
        "eps_growth_avg": {
            "last_all": null,
            "last_2y": null,
            "last_4y": null,
            "last_8y": null,
            "last_12y": null,
            "last_16y": null,
            "last_20y": null,
            "at_2006_last_3y": null,
            "at_2007_last_3y": null,
            "at_2008_last_3y": null,
            "at_2009_last_3y": null,
            "at_2010_last_3y": null,
            "at_2011_last_3y": null,
            "at_2012_last_3y": null,
            "at_2013_last_3y": null,
            "at_2014_last_3y": null,
            "at_2015_last_3y": null,
            "at_2016_last_3y": null,
            "at_2017_last_3y": null,
            "at_2018_last_3y": null,
            "at_2019_last_3y": null,
            "at_2020_last_3y": null,
            "at_2021_last_3y": null,
            "at_2022_last_3y": null,
            "at_2023_last_3y": null,
            "at_2006_last_all": null,
            "at_2007_last_all": null,
            "at_2008_last_all": null,
            "at_2009_last_all": null,
            "at_2010_last_all": null,
            "at_2011_last_all": null,
            "at_2012_last_all": null,
            "at_2013_last_all": null,
            "at_2014_last_all": null,
            "at_2015_last_all": null,
            "at_2016_last_all": null,
            "at_2017_last_all": null,
            "at_2018_last_all": null,
            "at_2019_last_all": null,
            "at_2020_last_all": null,
            "at_2021_last_all": null,
            "at_2022_last_all": null,
            "at_2023_last_all": null
        },
        "latest_eps": 0,
        "latest_price": 6.1,
        "latest_roe": 0,
        "latest_gross_margin": -280.63,
        "latest_equity": 11185,
        "latest_revenue": 7835,
        "latest_gross_profit": -21987,
        "latest_net_income": -27915,
        "latest_debt_ratio": 98.33,
        "latest_current_ratio": 49.23,
        "latest_account_receivable_turnover_ratio": 0.1,
        "latest_inventory_turnover_ratio": 0.18,
        "latest_reinvestment_rate": null,
        "latest_research_to_sale_ratio": 1.12
    },
    "eps_dividends": {
        "2001": {
            "cash": 0,
            "stock": 0,
            "eps": 0
        },
        "2002": {
            "cash": 0,
            "stock": 0,
            "eps": 0
        },
        "2003": {
            "cash": 0,
            "stock": 0,
            "eps": 0
        },
        "2004": {
            "cash": 0,
            "stock": 0,
            "eps": 0
        },
        "2005": {
            "cash": 0,
            "stock": 0,
            "eps": 0
        },
        "2006": {
            "cash": 0,
            "stock": 0,
            "eps": 0
        },
        "2007": {
            "cash": 0,
            "stock": 0,
            "eps": 0
        },
        "2008": {
            "cash": 0,
            "stock": 0,
            "eps": 0
        },
        "2009": {
            "cash": 0,
            "stock": 0,
            "eps": 0
        },
        "2010": {
            "cash": 0,
            "stock": 0,
            "eps": 0
        },
        "2011": {
            "cash": 0.2,
            "stock": 0,
            "eps": 0
        },
        "2012": {
            "cash": 0,
            "stock": 0,
            "eps": 0
        },
        "2013": {
            "cash": 0.2,
            "stock": 0.1,
            "eps": -0.98
        },
        "2014": {
            "cash": 0,
            "stock": 0,
            "eps": -2.49
        },
        "2015": {
            "cash": 0,
            "stock": 0,
            "eps": -8.47
        },
        "2016": {
            "cash": 0,
            "stock": 0,
            "eps": -5.97
        },
        "2017": {
            "cash": 0,
            "stock": 0,
            "eps": -4.97
        },
        "2018": {
            "cash": 0,
            "stock": 0,
            "eps": -2.07
        },
        "2019": {
            "cash": 0,
            "stock": 0,
            "eps": -1.37
        }
    },
    "dividends": {
        "2011-01-01": {
            "cash": 0.2,
            "stock": 0
        },
        "2013-03-29": {
            "cash": 0.2,
            "stock": 0.1
        }
    },
    "prices": {
        "200101": "無",
        "200102": "無",
        "200103": "無",
        "200104": "無",
        "200105": "無",
        "200106": "無",
        "200107": "無",
        "200108": "無",
        "200109": "無",
        "200110": "無",
        "200111": "無",
        "200112": "無",
        "200201": "無",
        "200202": "無",
        "200203": "無",
        "200204": "無",
        "200205": "無",
        "200206": "無",
        "200207": "無",
        "200208": "無",
        "200209": "無",
        "200210": "無",
        "200211": "無",
        "200212": "無",
        "200301": "無",
        "200302": "無",
        "200303": "無",
        "200304": "無",
        "200305": "無",
        "200306": "無",
        "200307": "無",
        "200308": "無",
        "200309": "無",
        "200310": "無",
        "200311": "無",
        "200312": "無",
        "200401": "無",
        "200402": "無",
        "200403": "無",
        "200404": "無",
        "200405": "無",
        "200406": "無",
        "200407": "無",
        "200408": "無",
        "200409": "無",
        "200410": "無",
        "200411": "無",
        "200412": "無",
        "200501": "無",
        "200502": "無",
        "200503": "無",
        "200504": "無",
        "200505": "無",
        "200506": "無",
        "200507": "無",
        "200508": "無",
        "200509": "無",
        "200510": "無",
        "200511": "無",
        "200512": "無",
        "200601": "無",
        "200602": "無",
        "200603": "無",
        "200604": "無",
        "200605": "無",
        "200606": "無",
        "200607": "無",
        "200608": "無",
        "200609": "無",
        "200610": "無",
        "200611": "無",
        "200612": "無",
        "200701": "無",
        "200702": "無",
        "200703": "無",
        "200704": "無",
        "200705": "無",
        "200706": "無",
        "200707": "無",
        "200708": "無",
        "200709": "無",
        "200710": "無",
        "200711": "無",
        "200712": "無",
        "200801": "無",
        "200802": "無",
        "200803": "無",
        "200804": "無",
        "200805": "無",
        "200806": "無",
        "200807": "無",
        "200808": "無",
        "200809": "無",
        "200810": "無",
        "200811": "無",
        "200812": "無",
        "200901": "無",
        "200902": "無",
        "200903": "無",
        "200904": "無",
        "200905": "無",
        "200906": "無",
        "200907": "無",
        "200908": "無",
        "200909": "無",
        "200910": "無",
        "200911": "無",
        "200912": "無",
        "201001": "無",
        "201002": "無",
        "201003": "無",
        "201004": "無",
        "201005": "無",
        "201006": "無",
        "201007": "無",
        "201008": "無",
        "201009": "無",
        "201010": "無",
        "201011": "無",
        "201012": "無",
        "201101": "無",
        "201102": "無",
        "201103": "無",
        "201104": "無",
        "201105": "無",
        "201106": "無",
        "201107": "無",
        "201108": "無",
        "201109": "無",
        "201110": "無",
        "201111": "21.49",
        "201112": "17.45",
        "201201": "14.05",
        "201202": "19.21",
        "201203": "20.94",
        "201204": "19.93",
        "201205": "19.55",
        "201206": "17.27",
        "201207": "無",
        "201208": "16.70",
        "201209": "16.00",
        "201210": "15.96",
        "201211": "15.52",
        "201212": "15.78",
        "201301": "26.91",
        "201302": "28.24",
        "201303": "39.83",
        "201304": "38.70",
        "201305": "39.42",
        "201306": "38.88",
        "201307": "32.30",
        "201308": "24.74",
        "201309": "24.62",
        "201310": "23.71",
        "201311": "21.94",
        "201312": "17.42",
        "201401": "19.21",
        "201402": "18.62",
        "201403": "17.55",
        "201404": "16.16",
        "201405": "14.12",
        "201406": "14.86",
        "201407": "14.93",
        "201408": "13.75",
        "201409": "12.33",
        "201410": "9.37",
        "201411": "8.66",
        "201412": "10.35",
        "201501": "18.06",
        "201502": "18.04",
        "201503": "18.90",
        "201504": "17.93",
        "201505": "17.58",
        "201506": "21.23",
        "201507": "15.45",
        "201508": "9.18",
        "201509": "8.61",
        "201510": "8.81",
        "201511": "8.20",
        "201512": "6.98",
        "201601": "5.47",
        "201602": "5.50",
        "201603": "5.81",
        "201604": "2.82",
        "201605": "1.85",
        "201606": "1.49",
        "201607": "2.72",
        "201608": "2.30",
        "201609": "2.09",
        "201610": "2.02",
        "201611": "4.06",
        "201612": "4.73",
        "201701": "5.09",
        "201702": "5.53",
        "201703": "5.28",
        "201704": "4.46",
        "201705": "3.83",
        "201706": "3.82",
        "201707": "4.00",
        "201708": "3.99",
        "201709": "4.64",
        "201710": "5.55",
        "201711": "7.25",
        "201712": "10.76",
        "201801": "10.51",
        "201802": "10.45",
        "201803": "10.09",
        "201804": "9.94",
        "201805": "9.43",
        "201806": "7.10",
        "201807": "5.23",
        "201808": "5.16",
        "201809": "7.78",
        "201810": "7.98",
        "201811": "7.52",
        "201812": "9.09",
        "201901": "10.26",
        "201902": "9.06",
        "201903": "8.05",
        "201904": "8.15",
        "201905": "無",
        "201906": "無",
        "201907": "14.76",
        "201908": "18.64",
        "201909": "18.14",
        "201910": "9.84",
        "201911": "7.83",
        "201912": "無",
        "202001": "無",
        "202002": "無",
        "202003": "無",
        "202004": "無",
        "202005": "無",
        "202006": "無",
        "202007": "無",
        "202008": "無",
        "202009": "無",
        "202010": "無",
        "202011": "無",
        "202012": "無",
        "202101": "無",
        "202102": "無",
        "202103": "無",
        "202104": "無",
        "202105": "無",
        "202106": "無",
        "202107": "無",
        "202108": "無",
        "202109": "無",
        "202110": "無",
        "202111": "無",
        "202112": "無",
        "202201": "無",
        "202202": "無",
        "202203": "無",
        "202204": "無",
        "202205": "無",
        "202206": "無",
        "202207": "無",
        "202208": "無",
        "202209": "無",
        "202210": "無",
        "202211": "無",
        "202212": "無",
        "202301": "無",
        "202302": "無",
        "202303": "無",
        "202304": "無",
        "202305": "無",
        "202306": "無",
        "202307": "無",
        "202308": "無",
        "202309": "無",
        "202310": "無"
    },
    "quarters": {
        "20011": {
            "year_quarter": 20011,
            "year": 2001,
            "quarter": 1,
            "eps": null,
            "eps_growth_year": null,
            "eps_4q": null,
            "eps_4q_growth_year": null,
            "roe": null,
            "roe_4q": 0,
            "gross_profit": null,
            "gross_margin": null,
            "gross_margin_4q_avg": 0,
            "net_income": null,
            "net_income_4q": null,
            "revenue": null,
            "revenue_4q": null,
            "common_shares": null,
            "book_valuer_per_share": null,
            "book_valuer_per_share_4q_avg": 0,
            "equity": null,
            "current_ratio": null,
            "debt_ratio": null,
            "inventory_turnover_ratio": null,
            "account_receivable_turnover_ratio": null,
            "reinvestment_rate": null,
            "research_to_sale_ratio": null,
            "price_fair": 0,
            "eps_avg_yearly": 0,
            "eps_latest_yearly": 0,
            "eps_growth_yearly": 0
        },
        "20012": {
            "year_quarter": 20012,
            "year": 2001,
            "quarter": 2,
            "eps": null,
            "eps_growth_year": null,
            "eps_4q": null,
            "eps_4q_growth_year": null,
            "roe": null,
            "roe_4q": 0,
            "gross_profit": null,
            "gross_margin": null,
            "gross_margin_4q_avg": 0,
            "net_income": null,
            "net_income_4q": null,
            "revenue": null,
            "revenue_4q": null,
            "common_shares": null,
            "book_valuer_per_share": null,
            "book_valuer_per_share_4q_avg": 0,
            "equity": null,
            "current_ratio": null,
            "debt_ratio": null,
            "inventory_turnover_ratio": null,
            "account_receivable_turnover_ratio": null,
            "reinvestment_rate": null,
            "research_to_sale_ratio": null,
            "price_fair": 0,
            "eps_avg_yearly": 0,
            "eps_latest_yearly": 0,
            "eps_growth_yearly": 0
        },
        "20013": {
            "year_quarter": 20013,
            "year": 2001,
            "quarter": 3,
            "eps": null,
            "eps_growth_year": null,
            "eps_4q": null,
            "eps_4q_growth_year": null,
            "roe": null,
            "roe_4q": 0,
            "gross_profit": null,
            "gross_margin": null,
            "gross_margin_4q_avg": 0,
            "net_income": null,
            "net_income_4q": null,
            "revenue": null,
            "revenue_4q": null,
            "common_shares": null,
            "book_valuer_per_share": null,
            "book_valuer_per_share_4q_avg": 0,
            "equity": null,
            "current_ratio": null,
            "debt_ratio": null,
            "inventory_turnover_ratio": null,
            "account_receivable_turnover_ratio": null,
            "reinvestment_rate": null,
            "research_to_sale_ratio": null,
            "price_fair": 0,
            "eps_avg_yearly": 0,
            "eps_latest_yearly": 0,
            "eps_growth_yearly": 0
        },
        "20014": {
            "year_quarter": 20014,
            "year": 2001,
            "quarter": 4,
            "eps": null,
            "eps_growth_year": null,
            "eps_4q": null,
            "eps_4q_growth_year": null,
            "roe": null,
            "roe_4q": 0,
            "gross_profit": null,
            "gross_margin": null,
            "gross_margin_4q_avg": 0,
            "net_income": null,
            "net_income_4q": null,
            "revenue": null,
            "revenue_4q": null,
            "common_shares": null,
            "book_valuer_per_share": null,
            "book_valuer_per_share_4q_avg": 0,
            "equity": null,
            "current_ratio": null,
            "debt_ratio": null,
            "inventory_turnover_ratio": null,
            "account_receivable_turnover_ratio": null,
            "reinvestment_rate": null,
            "research_to_sale_ratio": null,
            "price_fair": 0,
            "eps_avg_yearly": 0,
            "eps_latest_yearly": 0,
            "eps_growth_yearly": 0
        },
        "20021": {
            "year_quarter": 20021,
            "year": 2002,
            "quarter": 1,
            "eps": null,
            "eps_growth_year": null,
            "eps_4q": null,
            "eps_4q_growth_year": null,
            "roe": null,
            "roe_4q": 0,
            "gross_profit": null,
            "gross_margin": null,
            "gross_margin_4q_avg": 0,
            "net_income": null,
            "net_income_4q": null,
            "revenue": null,
            "revenue_4q": null,
            "common_shares": null,
            "book_valuer_per_share": null,
            "book_valuer_per_share_4q_avg": 0,
            "equity": null,
            "current_ratio": null,
            "debt_ratio": null,
            "inventory_turnover_ratio": null,
            "account_receivable_turnover_ratio": null,
            "reinvestment_rate": null,
            "research_to_sale_ratio": null,
            "price_fair": 0,
            "eps_avg_yearly": 0,
            "eps_latest_yearly": 0,
            "eps_growth_yearly": 0
        },
        "20022": {
            "year_quarter": 20022,
            "year": 2002,
            "quarter": 2,
            "eps": null,
            "eps_growth_year": null,
            "eps_4q": null,
            "eps_4q_growth_year": null,
            "roe": null,
            "roe_4q": 0,
            "gross_profit": null,
            "gross_margin": null,
            "gross_margin_4q_avg": 0,
            "net_income": null,
            "net_income_4q": null,
            "revenue": null,
            "revenue_4q": null,
            "common_shares": null,
            "book_valuer_per_share": null,
            "book_valuer_per_share_4q_avg": 0,
            "equity": null,
            "current_ratio": null,
            "debt_ratio": null,
            "inventory_turnover_ratio": null,
            "account_receivable_turnover_ratio": null,
            "reinvestment_rate": null,
            "research_to_sale_ratio": null,
            "price_fair": 0,
            "eps_avg_yearly": 0,
            "eps_latest_yearly": 0,
            "eps_growth_yearly": 0
        },
        "20023": {
            "year_quarter": 20023,
            "year": 2002,
            "quarter": 3,
            "eps": null,
            "eps_growth_year": null,
            "eps_4q": null,
            "eps_4q_growth_year": null,
            "roe": null,
            "roe_4q": 0,
            "gross_profit": null,
            "gross_margin": null,
            "gross_margin_4q_avg": 0,
            "net_income": null,
            "net_income_4q": null,
            "revenue": null,
            "revenue_4q": null,
            "common_shares": null,
            "book_valuer_per_share": null,
            "book_valuer_per_share_4q_avg": 0,
            "equity": null,
            "current_ratio": null,
            "debt_ratio": null,
            "inventory_turnover_ratio": null,
            "account_receivable_turnover_ratio": null,
            "reinvestment_rate": null,
            "research_to_sale_ratio": null,
            "price_fair": 0,
            "eps_avg_yearly": 0,
            "eps_latest_yearly": 0,
            "eps_growth_yearly": 0
        },
        "20024": {
            "year_quarter": 20024,
            "year": 2002,
            "quarter": 4,
            "eps": null,
            "eps_growth_year": null,
            "eps_4q": null,
            "eps_4q_growth_year": null,
            "roe": null,
            "roe_4q": 0,
            "gross_profit": null,
            "gross_margin": null,
            "gross_margin_4q_avg": 0,
            "net_income": null,
            "net_income_4q": null,
            "revenue": null,
            "revenue_4q": null,
            "common_shares": null,
            "book_valuer_per_share": null,
            "book_valuer_per_share_4q_avg": 0,
            "equity": null,
            "current_ratio": null,
            "debt_ratio": null,
            "inventory_turnover_ratio": null,
            "account_receivable_turnover_ratio": null,
            "reinvestment_rate": null,
            "research_to_sale_ratio": null,
            "price_fair": 0,
            "eps_avg_yearly": 0,
            "eps_latest_yearly": 0,
            "eps_growth_yearly": 0
        },
        "20031": {
            "year_quarter": 20031,
            "year": 2003,
            "quarter": 1,
            "eps": null,
            "eps_growth_year": null,
            "eps_4q": null,
            "eps_4q_growth_year": null,
            "roe": null,
            "roe_4q": 0,
            "gross_profit": null,
            "gross_margin": null,
            "gross_margin_4q_avg": 0,
            "net_income": null,
            "net_income_4q": null,
            "revenue": null,
            "revenue_4q": null,
            "common_shares": null,
            "book_valuer_per_share": null,
            "book_valuer_per_share_4q_avg": 0,
            "equity": null,
            "current_ratio": null,
            "debt_ratio": null,
            "inventory_turnover_ratio": null,
            "account_receivable_turnover_ratio": null,
            "reinvestment_rate": null,
            "research_to_sale_ratio": null,
            "price_fair": 0,
            "eps_avg_yearly": 0,
            "eps_latest_yearly": 0,
            "eps_growth_yearly": 0
        },
        "20032": {
            "year_quarter": 20032,
            "year": 2003,
            "quarter": 2,
            "eps": null,
            "eps_growth_year": null,
            "eps_4q": null,
            "eps_4q_growth_year": null,
            "roe": null,
            "roe_4q": 0,
            "gross_profit": null,
            "gross_margin": null,
            "gross_margin_4q_avg": 0,
            "net_income": null,
            "net_income_4q": null,
            "revenue": null,
            "revenue_4q": null,
            "common_shares": null,
            "book_valuer_per_share": null,
            "book_valuer_per_share_4q_avg": 0,
            "equity": null,
            "current_ratio": null,
            "debt_ratio": null,
            "inventory_turnover_ratio": null,
            "account_receivable_turnover_ratio": null,
            "reinvestment_rate": null,
            "research_to_sale_ratio": null,
            "price_fair": 0,
            "eps_avg_yearly": 0,
            "eps_latest_yearly": 0,
            "eps_growth_yearly": 0
        },
        "20033": {
            "year_quarter": 20033,
            "year": 2003,
            "quarter": 3,
            "eps": null,
            "eps_growth_year": null,
            "eps_4q": null,
            "eps_4q_growth_year": null,
            "roe": null,
            "roe_4q": 0,
            "gross_profit": null,
            "gross_margin": null,
            "gross_margin_4q_avg": 0,
            "net_income": null,
            "net_income_4q": null,
            "revenue": null,
            "revenue_4q": null,
            "common_shares": null,
            "book_valuer_per_share": null,
            "book_valuer_per_share_4q_avg": 0,
            "equity": null,
            "current_ratio": null,
            "debt_ratio": null,
            "inventory_turnover_ratio": null,
            "account_receivable_turnover_ratio": null,
            "reinvestment_rate": null,
            "research_to_sale_ratio": null,
            "price_fair": 0,
            "eps_avg_yearly": 0,
            "eps_latest_yearly": 0,
            "eps_growth_yearly": 0
        },
        "20034": {
            "year_quarter": 20034,
            "year": 2003,
            "quarter": 4,
            "eps": null,
            "eps_growth_year": null,
            "eps_4q": null,
            "eps_4q_growth_year": null,
            "roe": null,
            "roe_4q": 0,
            "gross_profit": null,
            "gross_margin": null,
            "gross_margin_4q_avg": 0,
            "net_income": null,
            "net_income_4q": null,
            "revenue": null,
            "revenue_4q": null,
            "common_shares": null,
            "book_valuer_per_share": null,
            "book_valuer_per_share_4q_avg": 0,
            "equity": null,
            "current_ratio": null,
            "debt_ratio": null,
            "inventory_turnover_ratio": null,
            "account_receivable_turnover_ratio": null,
            "reinvestment_rate": null,
            "research_to_sale_ratio": null,
            "price_fair": 0,
            "eps_avg_yearly": 0,
            "eps_latest_yearly": 0,
            "eps_growth_yearly": 0
        },
        "20041": {
            "year_quarter": 20041,
            "year": 2004,
            "quarter": 1,
            "eps": null,
            "eps_growth_year": null,
            "eps_4q": null,
            "eps_4q_growth_year": null,
            "roe": null,
            "roe_4q": 0,
            "gross_profit": null,
            "gross_margin": null,
            "gross_margin_4q_avg": 0,
            "net_income": null,
            "net_income_4q": null,
            "revenue": null,
            "revenue_4q": null,
            "common_shares": null,
            "book_valuer_per_share": null,
            "book_valuer_per_share_4q_avg": 0,
            "equity": null,
            "current_ratio": null,
            "debt_ratio": null,
            "inventory_turnover_ratio": null,
            "account_receivable_turnover_ratio": null,
            "reinvestment_rate": null,
            "research_to_sale_ratio": null,
            "price_fair": 0,
            "eps_avg_yearly": 0,
            "eps_latest_yearly": 0,
            "eps_growth_yearly": 0
        },
        "20042": {
            "year_quarter": 20042,
            "year": 2004,
            "quarter": 2,
            "eps": null,
            "eps_growth_year": null,
            "eps_4q": null,
            "eps_4q_growth_year": null,
            "roe": null,
            "roe_4q": 0,
            "gross_profit": null,
            "gross_margin": null,
            "gross_margin_4q_avg": 0,
            "net_income": null,
            "net_income_4q": null,
            "revenue": null,
            "revenue_4q": null,
            "common_shares": null,
            "book_valuer_per_share": null,
            "book_valuer_per_share_4q_avg": 0,
            "equity": null,
            "current_ratio": null,
            "debt_ratio": null,
            "inventory_turnover_ratio": null,
            "account_receivable_turnover_ratio": null,
            "reinvestment_rate": null,
            "research_to_sale_ratio": null,
            "price_fair": 0,
            "eps_avg_yearly": 0,
            "eps_latest_yearly": 0,
            "eps_growth_yearly": 0
        },
        "20043": {
            "year_quarter": 20043,
            "year": 2004,
            "quarter": 3,
            "eps": null,
            "eps_growth_year": null,
            "eps_4q": null,
            "eps_4q_growth_year": null,
            "roe": null,
            "roe_4q": 0,
            "gross_profit": null,
            "gross_margin": null,
            "gross_margin_4q_avg": 0,
            "net_income": null,
            "net_income_4q": null,
            "revenue": null,
            "revenue_4q": null,
            "common_shares": null,
            "book_valuer_per_share": null,
            "book_valuer_per_share_4q_avg": 0,
            "equity": null,
            "current_ratio": null,
            "debt_ratio": null,
            "inventory_turnover_ratio": null,
            "account_receivable_turnover_ratio": null,
            "reinvestment_rate": null,
            "research_to_sale_ratio": null,
            "price_fair": 0,
            "eps_avg_yearly": 0,
            "eps_latest_yearly": 0,
            "eps_growth_yearly": 0
        },
        "20044": {
            "year_quarter": 20044,
            "year": 2004,
            "quarter": 4,
            "eps": null,
            "eps_growth_year": null,
            "eps_4q": null,
            "eps_4q_growth_year": null,
            "roe": null,
            "roe_4q": 0,
            "gross_profit": null,
            "gross_margin": null,
            "gross_margin_4q_avg": 0,
            "net_income": null,
            "net_income_4q": null,
            "revenue": null,
            "revenue_4q": null,
            "common_shares": null,
            "book_valuer_per_share": null,
            "book_valuer_per_share_4q_avg": 0,
            "equity": null,
            "current_ratio": null,
            "debt_ratio": null,
            "inventory_turnover_ratio": null,
            "account_receivable_turnover_ratio": null,
            "reinvestment_rate": null,
            "research_to_sale_ratio": null,
            "price_fair": 0,
            "eps_avg_yearly": 0,
            "eps_latest_yearly": 0,
            "eps_growth_yearly": 0
        },
        "20051": {
            "year_quarter": 20051,
            "year": 2005,
            "quarter": 1,
            "eps": null,
            "eps_growth_year": null,
            "eps_4q": null,
            "eps_4q_growth_year": null,
            "roe": null,
            "roe_4q": 0,
            "gross_profit": null,
            "gross_margin": null,
            "gross_margin_4q_avg": 0,
            "net_income": null,
            "net_income_4q": null,
            "revenue": null,
            "revenue_4q": null,
            "common_shares": null,
            "book_valuer_per_share": null,
            "book_valuer_per_share_4q_avg": 0,
            "equity": null,
            "current_ratio": null,
            "debt_ratio": null,
            "inventory_turnover_ratio": null,
            "account_receivable_turnover_ratio": null,
            "reinvestment_rate": null,
            "research_to_sale_ratio": null,
            "price_fair": 0,
            "eps_avg_yearly": 0,
            "eps_latest_yearly": 0,
            "eps_growth_yearly": 0
        },
        "20052": {
            "year_quarter": 20052,
            "year": 2005,
            "quarter": 2,
            "eps": null,
            "eps_growth_year": null,
            "eps_4q": null,
            "eps_4q_growth_year": null,
            "roe": null,
            "roe_4q": 0,
            "gross_profit": null,
            "gross_margin": null,
            "gross_margin_4q_avg": 0,
            "net_income": null,
            "net_income_4q": null,
            "revenue": null,
            "revenue_4q": null,
            "common_shares": null,
            "book_valuer_per_share": null,
            "book_valuer_per_share_4q_avg": 0,
            "equity": null,
            "current_ratio": null,
            "debt_ratio": null,
            "inventory_turnover_ratio": null,
            "account_receivable_turnover_ratio": null,
            "reinvestment_rate": null,
            "research_to_sale_ratio": null,
            "price_fair": 0,
            "eps_avg_yearly": 0,
            "eps_latest_yearly": 0,
            "eps_growth_yearly": 0
        },
        "20053": {
            "year_quarter": 20053,
            "year": 2005,
            "quarter": 3,
            "eps": null,
            "eps_growth_year": null,
            "eps_4q": null,
            "eps_4q_growth_year": null,
            "roe": null,
            "roe_4q": 0,
            "gross_profit": null,
            "gross_margin": null,
            "gross_margin_4q_avg": 0,
            "net_income": null,
            "net_income_4q": null,
            "revenue": null,
            "revenue_4q": null,
            "common_shares": null,
            "book_valuer_per_share": null,
            "book_valuer_per_share_4q_avg": 0,
            "equity": null,
            "current_ratio": null,
            "debt_ratio": null,
            "inventory_turnover_ratio": null,
            "account_receivable_turnover_ratio": null,
            "reinvestment_rate": null,
            "research_to_sale_ratio": null,
            "price_fair": 0,
            "eps_avg_yearly": 0,
            "eps_latest_yearly": 0,
            "eps_growth_yearly": 0
        },
        "20054": {
            "year_quarter": 20054,
            "year": 2005,
            "quarter": 4,
            "eps": null,
            "eps_growth_year": null,
            "eps_4q": null,
            "eps_4q_growth_year": null,
            "roe": null,
            "roe_4q": 0,
            "gross_profit": null,
            "gross_margin": null,
            "gross_margin_4q_avg": 0,
            "net_income": null,
            "net_income_4q": null,
            "revenue": null,
            "revenue_4q": null,
            "common_shares": null,
            "book_valuer_per_share": null,
            "book_valuer_per_share_4q_avg": 0,
            "equity": null,
            "current_ratio": null,
            "debt_ratio": null,
            "inventory_turnover_ratio": null,
            "account_receivable_turnover_ratio": null,
            "reinvestment_rate": null,
            "research_to_sale_ratio": null,
            "price_fair": 0,
            "eps_avg_yearly": 0,
            "eps_latest_yearly": 0,
            "eps_growth_yearly": 0
        },
        "20061": {
            "year_quarter": 20061,
            "year": 2006,
            "quarter": 1,
            "eps": null,
            "eps_growth_year": null,
            "eps_4q": null,
            "eps_4q_growth_year": null,
            "roe": null,
            "roe_4q": 0,
            "gross_profit": null,
            "gross_margin": null,
            "gross_margin_4q_avg": 0,
            "net_income": null,
            "net_income_4q": null,
            "revenue": null,
            "revenue_4q": null,
            "common_shares": null,
            "book_valuer_per_share": null,
            "book_valuer_per_share_4q_avg": 0,
            "equity": null,
            "current_ratio": null,
            "debt_ratio": null,
            "inventory_turnover_ratio": null,
            "account_receivable_turnover_ratio": null,
            "reinvestment_rate": null,
            "research_to_sale_ratio": null,
            "price_fair": 0,
            "eps_avg_yearly": 0,
            "eps_latest_yearly": 0,
            "eps_growth_yearly": 0
        },
        "20062": {
            "year_quarter": 20062,
            "year": 2006,
            "quarter": 2,
            "eps": null,
            "eps_growth_year": null,
            "eps_4q": null,
            "eps_4q_growth_year": null,
            "roe": null,
            "roe_4q": 0,
            "gross_profit": null,
            "gross_margin": null,
            "gross_margin_4q_avg": 0,
            "net_income": null,
            "net_income_4q": null,
            "revenue": null,
            "revenue_4q": null,
            "common_shares": null,
            "book_valuer_per_share": null,
            "book_valuer_per_share_4q_avg": 0,
            "equity": null,
            "current_ratio": null,
            "debt_ratio": null,
            "inventory_turnover_ratio": null,
            "account_receivable_turnover_ratio": null,
            "reinvestment_rate": null,
            "research_to_sale_ratio": null,
            "price_fair": 0,
            "eps_avg_yearly": 0,
            "eps_latest_yearly": 0,
            "eps_growth_yearly": 0
        },
        "20063": {
            "year_quarter": 20063,
            "year": 2006,
            "quarter": 3,
            "eps": null,
            "eps_growth_year": null,
            "eps_4q": null,
            "eps_4q_growth_year": null,
            "roe": null,
            "roe_4q": 0,
            "gross_profit": null,
            "gross_margin": null,
            "gross_margin_4q_avg": 0,
            "net_income": null,
            "net_income_4q": null,
            "revenue": null,
            "revenue_4q": null,
            "common_shares": null,
            "book_valuer_per_share": null,
            "book_valuer_per_share_4q_avg": 0,
            "equity": null,
            "current_ratio": null,
            "debt_ratio": null,
            "inventory_turnover_ratio": null,
            "account_receivable_turnover_ratio": null,
            "reinvestment_rate": null,
            "research_to_sale_ratio": null,
            "price_fair": 0,
            "eps_avg_yearly": 0,
            "eps_latest_yearly": 0,
            "eps_growth_yearly": 0
        },
        "20064": {
            "year_quarter": 20064,
            "year": 2006,
            "quarter": 4,
            "eps": null,
            "eps_growth_year": null,
            "eps_4q": null,
            "eps_4q_growth_year": null,
            "roe": null,
            "roe_4q": 0,
            "gross_profit": null,
            "gross_margin": null,
            "gross_margin_4q_avg": 0,
            "net_income": null,
            "net_income_4q": null,
            "revenue": null,
            "revenue_4q": null,
            "common_shares": 93000,
            "book_valuer_per_share": 15.48,
            "book_valuer_per_share_4q_avg": 3.87,
            "equity": 143947,
            "current_ratio": 154.48,
            "debt_ratio": 55.15,
            "inventory_turnover_ratio": null,
            "account_receivable_turnover_ratio": null,
            "reinvestment_rate": null,
            "research_to_sale_ratio": null,
            "price_fair": 0,
            "eps_avg_yearly": 0,
            "eps_latest_yearly": 0,
            "eps_growth_yearly": 0
        },
        "20071": {
            "year_quarter": 20071,
            "year": 2007,
            "quarter": 1,
            "eps": null,
            "eps_growth_year": null,
            "eps_4q": null,
            "eps_4q_growth_year": null,
            "roe": null,
            "roe_4q": 0,
            "gross_profit": null,
            "gross_margin": null,
            "gross_margin_4q_avg": 0,
            "net_income": null,
            "net_income_4q": null,
            "revenue": null,
            "revenue_4q": null,
            "common_shares": null,
            "book_valuer_per_share": null,
            "book_valuer_per_share_4q_avg": 3.87,
            "equity": null,
            "current_ratio": null,
            "debt_ratio": null,
            "inventory_turnover_ratio": null,
            "account_receivable_turnover_ratio": null,
            "reinvestment_rate": null,
            "research_to_sale_ratio": null,
            "price_fair": 0,
            "eps_avg_yearly": 0,
            "eps_latest_yearly": 0,
            "eps_growth_yearly": 0
        },
        "20072": {
            "year_quarter": 20072,
            "year": 2007,
            "quarter": 2,
            "eps": null,
            "eps_growth_year": null,
            "eps_4q": null,
            "eps_4q_growth_year": null,
            "roe": null,
            "roe_4q": 0,
            "gross_profit": null,
            "gross_margin": null,
            "gross_margin_4q_avg": 0,
            "net_income": null,
            "net_income_4q": null,
            "revenue": null,
            "revenue_4q": null,
            "common_shares": null,
            "book_valuer_per_share": null,
            "book_valuer_per_share_4q_avg": 3.87,
            "equity": null,
            "current_ratio": null,
            "debt_ratio": null,
            "inventory_turnover_ratio": null,
            "account_receivable_turnover_ratio": null,
            "reinvestment_rate": null,
            "research_to_sale_ratio": null,
            "price_fair": 0,
            "eps_avg_yearly": 0,
            "eps_latest_yearly": 0,
            "eps_growth_yearly": 0
        },
        "20073": {
            "year_quarter": 20073,
            "year": 2007,
            "quarter": 3,
            "eps": null,
            "eps_growth_year": null,
            "eps_4q": null,
            "eps_4q_growth_year": null,
            "roe": null,
            "roe_4q": 0,
            "gross_profit": null,
            "gross_margin": null,
            "gross_margin_4q_avg": 0,
            "net_income": null,
            "net_income_4q": null,
            "revenue": null,
            "revenue_4q": null,
            "common_shares": null,
            "book_valuer_per_share": null,
            "book_valuer_per_share_4q_avg": 3.87,
            "equity": null,
            "current_ratio": null,
            "debt_ratio": null,
            "inventory_turnover_ratio": null,
            "account_receivable_turnover_ratio": null,
            "reinvestment_rate": null,
            "research_to_sale_ratio": null,
            "price_fair": 0,
            "eps_avg_yearly": 0,
            "eps_latest_yearly": 0,
            "eps_growth_yearly": 0
        },
        "20074": {
            "year_quarter": 20074,
            "year": 2007,
            "quarter": 4,
            "eps": null,
            "eps_growth_year": null,
            "eps_4q": null,
            "eps_4q_growth_year": null,
            "roe": null,
            "roe_4q": 0,
            "gross_profit": null,
            "gross_margin": null,
            "gross_margin_4q_avg": 0,
            "net_income": null,
            "net_income_4q": null,
            "revenue": null,
            "revenue_4q": null,
            "common_shares": 239135,
            "book_valuer_per_share": 12.6,
            "book_valuer_per_share_4q_avg": 3.15,
            "equity": 301323,
            "current_ratio": 127.52,
            "debt_ratio": 54.67,
            "inventory_turnover_ratio": null,
            "account_receivable_turnover_ratio": null,
            "reinvestment_rate": null,
            "research_to_sale_ratio": null,
            "price_fair": 0,
            "eps_avg_yearly": 0,
            "eps_latest_yearly": 0,
            "eps_growth_yearly": 0
        },
        "20081": {
            "year_quarter": 20081,
            "year": 2008,
            "quarter": 1,
            "eps": null,
            "eps_growth_year": null,
            "eps_4q": null,
            "eps_4q_growth_year": null,
            "roe": null,
            "roe_4q": 0,
            "gross_profit": null,
            "gross_margin": null,
            "gross_margin_4q_avg": 0,
            "net_income": null,
            "net_income_4q": null,
            "revenue": null,
            "revenue_4q": null,
            "common_shares": null,
            "book_valuer_per_share": null,
            "book_valuer_per_share_4q_avg": 3.15,
            "equity": null,
            "current_ratio": null,
            "debt_ratio": null,
            "inventory_turnover_ratio": null,
            "account_receivable_turnover_ratio": null,
            "reinvestment_rate": null,
            "research_to_sale_ratio": null,
            "price_fair": 0,
            "eps_avg_yearly": 0,
            "eps_latest_yearly": 0,
            "eps_growth_yearly": 0
        },
        "20082": {
            "year_quarter": 20082,
            "year": 2008,
            "quarter": 2,
            "eps": null,
            "eps_growth_year": null,
            "eps_4q": null,
            "eps_4q_growth_year": null,
            "roe": null,
            "roe_4q": 0,
            "gross_profit": null,
            "gross_margin": null,
            "gross_margin_4q_avg": 0,
            "net_income": null,
            "net_income_4q": null,
            "revenue": null,
            "revenue_4q": null,
            "common_shares": null,
            "book_valuer_per_share": null,
            "book_valuer_per_share_4q_avg": 3.15,
            "equity": null,
            "current_ratio": null,
            "debt_ratio": null,
            "inventory_turnover_ratio": null,
            "account_receivable_turnover_ratio": null,
            "reinvestment_rate": null,
            "research_to_sale_ratio": null,
            "price_fair": 0,
            "eps_avg_yearly": 0,
            "eps_latest_yearly": 0,
            "eps_growth_yearly": 0
        },
        "20083": {
            "year_quarter": 20083,
            "year": 2008,
            "quarter": 3,
            "eps": null,
            "eps_growth_year": null,
            "eps_4q": null,
            "eps_4q_growth_year": null,
            "roe": null,
            "roe_4q": 0,
            "gross_profit": null,
            "gross_margin": null,
            "gross_margin_4q_avg": 0,
            "net_income": null,
            "net_income_4q": null,
            "revenue": null,
            "revenue_4q": null,
            "common_shares": null,
            "book_valuer_per_share": null,
            "book_valuer_per_share_4q_avg": 3.15,
            "equity": null,
            "current_ratio": null,
            "debt_ratio": null,
            "inventory_turnover_ratio": null,
            "account_receivable_turnover_ratio": null,
            "reinvestment_rate": null,
            "research_to_sale_ratio": null,
            "price_fair": 0,
            "eps_avg_yearly": 0,
            "eps_latest_yearly": 0,
            "eps_growth_yearly": 0
        },
        "20084": {
            "year_quarter": 20084,
            "year": 2008,
            "quarter": 4,
            "eps": null,
            "eps_growth_year": null,
            "eps_4q": null,
            "eps_4q_growth_year": null,
            "roe": null,
            "roe_4q": 0,
            "gross_profit": null,
            "gross_margin": null,
            "gross_margin_4q_avg": 0,
            "net_income": null,
            "net_income_4q": null,
            "revenue": null,
            "revenue_4q": null,
            "common_shares": 299301,
            "book_valuer_per_share": 9.78,
            "book_valuer_per_share_4q_avg": 2.45,
            "equity": 292644,
            "current_ratio": 139.92,
            "debt_ratio": 46.02,
            "inventory_turnover_ratio": null,
            "account_receivable_turnover_ratio": null,
            "reinvestment_rate": null,
            "research_to_sale_ratio": null,
            "price_fair": 0,
            "eps_avg_yearly": 0,
            "eps_latest_yearly": 0,
            "eps_growth_yearly": 0
        },
        "20091": {
            "year_quarter": 20091,
            "year": 2009,
            "quarter": 1,
            "eps": null,
            "eps_growth_year": null,
            "eps_4q": null,
            "eps_4q_growth_year": null,
            "roe": null,
            "roe_4q": 0,
            "gross_profit": null,
            "gross_margin": null,
            "gross_margin_4q_avg": 0,
            "net_income": null,
            "net_income_4q": null,
            "revenue": null,
            "revenue_4q": null,
            "common_shares": null,
            "book_valuer_per_share": null,
            "book_valuer_per_share_4q_avg": 2.45,
            "equity": null,
            "current_ratio": null,
            "debt_ratio": null,
            "inventory_turnover_ratio": null,
            "account_receivable_turnover_ratio": null,
            "reinvestment_rate": null,
            "research_to_sale_ratio": null,
            "price_fair": 0,
            "eps_avg_yearly": 0,
            "eps_latest_yearly": 0,
            "eps_growth_yearly": 0
        },
        "20092": {
            "year_quarter": 20092,
            "year": 2009,
            "quarter": 2,
            "eps": null,
            "eps_growth_year": null,
            "eps_4q": null,
            "eps_4q_growth_year": null,
            "roe": null,
            "roe_4q": 0,
            "gross_profit": null,
            "gross_margin": null,
            "gross_margin_4q_avg": 0,
            "net_income": null,
            "net_income_4q": null,
            "revenue": null,
            "revenue_4q": null,
            "common_shares": null,
            "book_valuer_per_share": null,
            "book_valuer_per_share_4q_avg": 2.45,
            "equity": null,
            "current_ratio": null,
            "debt_ratio": null,
            "inventory_turnover_ratio": null,
            "account_receivable_turnover_ratio": null,
            "reinvestment_rate": null,
            "research_to_sale_ratio": null,
            "price_fair": 0,
            "eps_avg_yearly": 0,
            "eps_latest_yearly": 0,
            "eps_growth_yearly": 0
        },
        "20093": {
            "year_quarter": 20093,
            "year": 2009,
            "quarter": 3,
            "eps": null,
            "eps_growth_year": null,
            "eps_4q": null,
            "eps_4q_growth_year": null,
            "roe": null,
            "roe_4q": 0,
            "gross_profit": null,
            "gross_margin": null,
            "gross_margin_4q_avg": 0,
            "net_income": null,
            "net_income_4q": null,
            "revenue": null,
            "revenue_4q": null,
            "common_shares": null,
            "book_valuer_per_share": null,
            "book_valuer_per_share_4q_avg": 2.45,
            "equity": null,
            "current_ratio": null,
            "debt_ratio": null,
            "inventory_turnover_ratio": null,
            "account_receivable_turnover_ratio": null,
            "reinvestment_rate": null,
            "research_to_sale_ratio": null,
            "price_fair": 0,
            "eps_avg_yearly": 0,
            "eps_latest_yearly": 0,
            "eps_growth_yearly": 0
        },
        "20094": {
            "year_quarter": 20094,
            "year": 2009,
            "quarter": 4,
            "eps": null,
            "eps_growth_year": null,
            "eps_4q": null,
            "eps_4q_growth_year": null,
            "roe": null,
            "roe_4q": 0,
            "gross_profit": null,
            "gross_margin": null,
            "gross_margin_4q_avg": 0,
            "net_income": null,
            "net_income_4q": null,
            "revenue": null,
            "revenue_4q": null,
            "common_shares": 299301,
            "book_valuer_per_share": 9.13,
            "book_valuer_per_share_4q_avg": 2.28,
            "equity": 273191,
            "current_ratio": 108.62,
            "debt_ratio": 55.54,
            "inventory_turnover_ratio": null,
            "account_receivable_turnover_ratio": null,
            "reinvestment_rate": null,
            "research_to_sale_ratio": null,
            "price_fair": 0,
            "eps_avg_yearly": 0,
            "eps_latest_yearly": 0,
            "eps_growth_yearly": 0
        },
        "20101": {
            "year_quarter": 20101,
            "year": 2010,
            "quarter": 1,
            "eps": null,
            "eps_growth_year": null,
            "eps_4q": null,
            "eps_4q_growth_year": null,
            "roe": null,
            "roe_4q": 0,
            "gross_profit": null,
            "gross_margin": null,
            "gross_margin_4q_avg": 0,
            "net_income": null,
            "net_income_4q": null,
            "revenue": null,
            "revenue_4q": null,
            "common_shares": null,
            "book_valuer_per_share": null,
            "book_valuer_per_share_4q_avg": 2.28,
            "equity": null,
            "current_ratio": null,
            "debt_ratio": null,
            "inventory_turnover_ratio": null,
            "account_receivable_turnover_ratio": null,
            "reinvestment_rate": null,
            "research_to_sale_ratio": null,
            "price_fair": 0,
            "eps_avg_yearly": 0,
            "eps_latest_yearly": 0,
            "eps_growth_yearly": 0
        },
        "20102": {
            "year_quarter": 20102,
            "year": 2010,
            "quarter": 2,
            "eps": null,
            "eps_growth_year": null,
            "eps_4q": null,
            "eps_4q_growth_year": null,
            "roe": null,
            "roe_4q": 0,
            "gross_profit": null,
            "gross_margin": null,
            "gross_margin_4q_avg": 0,
            "net_income": null,
            "net_income_4q": null,
            "revenue": null,
            "revenue_4q": null,
            "common_shares": null,
            "book_valuer_per_share": null,
            "book_valuer_per_share_4q_avg": 2.28,
            "equity": null,
            "current_ratio": null,
            "debt_ratio": null,
            "inventory_turnover_ratio": null,
            "account_receivable_turnover_ratio": null,
            "reinvestment_rate": null,
            "research_to_sale_ratio": null,
            "price_fair": 0,
            "eps_avg_yearly": 0,
            "eps_latest_yearly": 0,
            "eps_growth_yearly": 0
        },
        "20103": {
            "year_quarter": 20103,
            "year": 2010,
            "quarter": 3,
            "eps": null,
            "eps_growth_year": null,
            "eps_4q": null,
            "eps_4q_growth_year": null,
            "roe": null,
            "roe_4q": 0,
            "gross_profit": null,
            "gross_margin": null,
            "gross_margin_4q_avg": 0,
            "net_income": null,
            "net_income_4q": null,
            "revenue": null,
            "revenue_4q": null,
            "common_shares": null,
            "book_valuer_per_share": null,
            "book_valuer_per_share_4q_avg": 2.28,
            "equity": null,
            "current_ratio": null,
            "debt_ratio": null,
            "inventory_turnover_ratio": null,
            "account_receivable_turnover_ratio": null,
            "reinvestment_rate": null,
            "research_to_sale_ratio": null,
            "price_fair": 0,
            "eps_avg_yearly": 0,
            "eps_latest_yearly": 0,
            "eps_growth_yearly": 0
        },
        "20104": {
            "year_quarter": 20104,
            "year": 2010,
            "quarter": 4,
            "eps": null,
            "eps_growth_year": null,
            "eps_4q": null,
            "eps_4q_growth_year": null,
            "roe": null,
            "roe_4q": 0,
            "gross_profit": null,
            "gross_margin": null,
            "gross_margin_4q_avg": 0,
            "net_income": null,
            "net_income_4q": null,
            "revenue": null,
            "revenue_4q": null,
            "common_shares": 391561,
            "book_valuer_per_share": 9.91,
            "book_valuer_per_share_4q_avg": 2.48,
            "equity": 388066,
            "current_ratio": 119.26,
            "debt_ratio": 47.97,
            "inventory_turnover_ratio": null,
            "account_receivable_turnover_ratio": null,
            "reinvestment_rate": null,
            "research_to_sale_ratio": null,
            "price_fair": 0,
            "eps_avg_yearly": 0,
            "eps_latest_yearly": 0,
            "eps_growth_yearly": 0
        },
        "20111": {
            "year_quarter": 20111,
            "year": 2011,
            "quarter": 1,
            "eps": null,
            "eps_growth_year": null,
            "eps_4q": null,
            "eps_4q_growth_year": null,
            "roe": null,
            "roe_4q": 0,
            "gross_profit": null,
            "gross_margin": null,
            "gross_margin_4q_avg": 0,
            "net_income": null,
            "net_income_4q": null,
            "revenue": null,
            "revenue_4q": null,
            "common_shares": null,
            "book_valuer_per_share": null,
            "book_valuer_per_share_4q_avg": 2.48,
            "equity": null,
            "current_ratio": null,
            "debt_ratio": null,
            "inventory_turnover_ratio": null,
            "account_receivable_turnover_ratio": null,
            "reinvestment_rate": null,
            "research_to_sale_ratio": null,
            "price_fair": 0,
            "eps_avg_yearly": 0,
            "eps_latest_yearly": 0,
            "eps_growth_yearly": 0
        },
        "20112": {
            "year_quarter": 20112,
            "year": 2011,
            "quarter": 2,
            "eps": null,
            "eps_growth_year": null,
            "eps_4q": null,
            "eps_4q_growth_year": null,
            "roe": null,
            "roe_4q": 0,
            "gross_profit": null,
            "gross_margin": null,
            "gross_margin_4q_avg": 0,
            "net_income": null,
            "net_income_4q": null,
            "revenue": null,
            "revenue_4q": null,
            "common_shares": 541561,
            "book_valuer_per_share": null,
            "book_valuer_per_share_4q_avg": 2.48,
            "equity": 763486,
            "current_ratio": null,
            "debt_ratio": null,
            "inventory_turnover_ratio": null,
            "account_receivable_turnover_ratio": null,
            "reinvestment_rate": null,
            "research_to_sale_ratio": null,
            "price_fair": 0,
            "eps_avg_yearly": 0,
            "eps_latest_yearly": 0,
            "eps_growth_yearly": 0
        },
        "20113": {
            "year_quarter": 20113,
            "year": 2011,
            "quarter": 3,
            "eps": null,
            "eps_growth_year": null,
            "eps_4q": null,
            "eps_4q_growth_year": null,
            "roe": null,
            "roe_4q": 0,
            "gross_profit": null,
            "gross_margin": null,
            "gross_margin_4q_avg": 0,
            "net_income": null,
            "net_income_4q": null,
            "revenue": null,
            "revenue_4q": null,
            "common_shares": null,
            "book_valuer_per_share": null,
            "book_valuer_per_share_4q_avg": 2.48,
            "equity": null,
            "current_ratio": null,
            "debt_ratio": null,
            "inventory_turnover_ratio": null,
            "account_receivable_turnover_ratio": null,
            "reinvestment_rate": null,
            "research_to_sale_ratio": null,
            "price_fair": 0,
            "eps_avg_yearly": 0,
            "eps_latest_yearly": 0,
            "eps_growth_yearly": 0
        },
        "20114": {
            "year_quarter": 20114,
            "year": 2011,
            "quarter": 4,
            "eps": null,
            "eps_growth_year": null,
            "eps_4q": null,
            "eps_4q_growth_year": null,
            "roe": null,
            "roe_4q": 0,
            "gross_profit": null,
            "gross_margin": null,
            "gross_margin_4q_avg": 0,
            "net_income": null,
            "net_income_4q": null,
            "revenue": null,
            "revenue_4q": null,
            "common_shares": 541561,
            "book_valuer_per_share": 14.51,
            "book_valuer_per_share_4q_avg": 3.63,
            "equity": 785906,
            "current_ratio": 221.76,
            "debt_ratio": 41.25,
            "inventory_turnover_ratio": null,
            "account_receivable_turnover_ratio": null,
            "reinvestment_rate": null,
            "research_to_sale_ratio": null,
            "price_fair": 0,
            "eps_avg_yearly": 0,
            "eps_latest_yearly": 0,
            "eps_growth_yearly": 0
        },
        "20121": {
            "year_quarter": 20121,
            "year": 2012,
            "quarter": 1,
            "eps": null,
            "eps_growth_year": null,
            "eps_4q": null,
            "eps_4q_growth_year": null,
            "roe": null,
            "roe_4q": 0,
            "gross_profit": 5456,
            "gross_margin": null,
            "gross_margin_4q_avg": 0,
            "net_income": -2195,
            "net_income_4q": null,
            "revenue": 113764,
            "revenue_4q": null,
            "common_shares": 541561,
            "book_valuer_per_share": null,
            "book_valuer_per_share_4q_avg": 3.63,
            "equity": 783357,
            "current_ratio": null,
            "debt_ratio": null,
            "inventory_turnover_ratio": null,
            "account_receivable_turnover_ratio": null,
            "reinvestment_rate": null,
            "research_to_sale_ratio": null,
            "price_fair": 0,
            "eps_avg_yearly": 0,
            "eps_latest_yearly": 0,
            "eps_growth_yearly": 0
        },
        "20122": {
            "year_quarter": 20122,
            "year": 2012,
            "quarter": 2,
            "eps": null,
            "eps_growth_year": null,
            "eps_4q": null,
            "eps_4q_growth_year": null,
            "roe": null,
            "roe_4q": 0,
            "gross_profit": 21158,
            "gross_margin": null,
            "gross_margin_4q_avg": 0,
            "net_income": 6423,
            "net_income_4q": null,
            "revenue": 184703,
            "revenue_4q": null,
            "common_shares": 541561,
            "book_valuer_per_share": 14.44,
            "book_valuer_per_share_4q_avg": 7.24,
            "equity": 785009,
            "current_ratio": 135.8,
            "debt_ratio": 53.03,
            "inventory_turnover_ratio": null,
            "account_receivable_turnover_ratio": null,
            "reinvestment_rate": null,
            "research_to_sale_ratio": null,
            "price_fair": 0,
            "eps_avg_yearly": 0,
            "eps_latest_yearly": 0,
            "eps_growth_yearly": 0
        },
        "20123": {
            "year_quarter": 20123,
            "year": 2012,
            "quarter": 3,
            "eps": null,
            "eps_growth_year": null,
            "eps_4q": null,
            "eps_4q_growth_year": null,
            "roe": null,
            "roe_4q": 0,
            "gross_profit": 32843,
            "gross_margin": null,
            "gross_margin_4q_avg": 0,
            "net_income": 15063,
            "net_income_4q": null,
            "revenue": 184897,
            "revenue_4q": null,
            "common_shares": 543489,
            "book_valuer_per_share": null,
            "book_valuer_per_share_4q_avg": 7.24,
            "equity": 798223,
            "current_ratio": null,
            "debt_ratio": null,
            "inventory_turnover_ratio": null,
            "account_receivable_turnover_ratio": null,
            "reinvestment_rate": null,
            "research_to_sale_ratio": null,
            "price_fair": 0,
            "eps_avg_yearly": 0,
            "eps_latest_yearly": 0,
            "eps_growth_yearly": 0
        },
        "20124": {
            "year_quarter": 20124,
            "year": 2012,
            "quarter": 4,
            "eps": null,
            "eps_growth_year": null,
            "eps_4q": null,
            "eps_4q_growth_year": null,
            "roe": null,
            "roe_4q": 0,
            "gross_profit": 65528,
            "gross_margin": null,
            "gross_margin_4q_avg": 0,
            "net_income": 46711,
            "net_income_4q": null,
            "revenue": 243320,
            "revenue_4q": null,
            "common_shares": 643489,
            "book_valuer_per_share": 15.66,
            "book_valuer_per_share_4q_avg": 7.53,
            "equity": 1007688,
            "current_ratio": 115.13,
            "debt_ratio": 50.36,
            "inventory_turnover_ratio": null,
            "account_receivable_turnover_ratio": null,
            "reinvestment_rate": null,
            "research_to_sale_ratio": null,
            "price_fair": 0,
            "eps_avg_yearly": 0,
            "eps_latest_yearly": 0,
            "eps_growth_yearly": 0
        },
        "20131": {
            "year_quarter": 20131,
            "year": 2013,
            "quarter": 1,
            "eps": 0.28,
            "eps_growth_year": null,
            "eps_4q": 0.28,
            "eps_4q_growth_year": null,
            "roe": 1.75,
            "roe_4q": 1.75,
            "gross_profit": 39620,
            "gross_margin": 16.58,
            "gross_margin_4q_avg": 4.15,
            "net_income": 17849,
            "net_income_4q": null,
            "revenue": 239022,
            "revenue_4q": null,
            "common_shares": 647471,
            "book_valuer_per_share": 15.88,
            "book_valuer_per_share_4q_avg": 11.5,
            "equity": 1028031,
            "current_ratio": 90.31,
            "debt_ratio": 55.93,
            "inventory_turnover_ratio": 1.9,
            "account_receivable_turnover_ratio": 0.72,
            "reinvestment_rate": null,
            "research_to_sale_ratio": 1.25,
            "price_fair": 0,
            "eps_avg_yearly": 0,
            "eps_latest_yearly": 0,
            "eps_growth_yearly": 0
        },
        "20132": {
            "year_quarter": 20132,
            "year": 2013,
            "quarter": 2,
            "eps": -0.45,
            "eps_growth_year": null,
            "eps_4q": -0.17,
            "eps_4q_growth_year": null,
            "roe": -2.89,
            "roe_4q": -1.1400000000000001,
            "gross_profit": -6999,
            "gross_margin": -3.27,
            "gross_margin_4q_avg": 3.33,
            "net_income": -29165,
            "net_income_4q": null,
            "revenue": 213778,
            "revenue_4q": null,
            "common_shares": 647471,
            "book_valuer_per_share": 15.25,
            "book_valuer_per_share_4q_avg": 11.7,
            "equity": 987187,
            "current_ratio": 94.15,
            "debt_ratio": 58.99,
            "inventory_turnover_ratio": 1.7,
            "account_receivable_turnover_ratio": 0.71,
            "reinvestment_rate": null,
            "research_to_sale_ratio": 1.42,
            "price_fair": 0,
            "eps_avg_yearly": 0,
            "eps_latest_yearly": 0,
            "eps_growth_yearly": 0
        },
        "20133": {
            "year_quarter": 20133,
            "year": 2013,
            "quarter": 3,
            "eps": -0.17,
            "eps_growth_year": null,
            "eps_4q": -0.35,
            "eps_4q_growth_year": null,
            "roe": -1.15,
            "roe_4q": -2.29,
            "gross_profit": 6202,
            "gross_margin": 3.21,
            "gross_margin_4q_avg": 4.13,
            "net_income": -11276,
            "net_income_4q": null,
            "revenue": 193222,
            "revenue_4q": null,
            "common_shares": 653946,
            "book_valuer_per_share": 14.93,
            "book_valuer_per_share_4q_avg": 15.43,
            "equity": 976252,
            "current_ratio": 91.65,
            "debt_ratio": 57.6,
            "inventory_turnover_ratio": 1.42,
            "account_receivable_turnover_ratio": 0.7,
            "reinvestment_rate": null,
            "research_to_sale_ratio": 1.73,
            "price_fair": 0,
            "eps_avg_yearly": 0,
            "eps_latest_yearly": 0,
            "eps_growth_yearly": 0
        },
        "20134": {
            "year_quarter": 20134,
            "year": 2013,
            "quarter": 4,
            "eps": -0.64,
            "eps_growth_year": null,
            "eps_4q": -0.95,
            "eps_4q_growth_year": null,
            "roe": -4.54,
            "roe_4q": -6.83,
            "gross_profit": -33538,
            "gross_margin": -28.48,
            "gross_margin_4q_avg": -2.99,
            "net_income": -45665,
            "net_income_4q": null,
            "revenue": 117758,
            "revenue_4q": null,
            "common_shares": 716946,
            "book_valuer_per_share": 14.44,
            "book_valuer_per_share_4q_avg": 15.13,
            "equity": 1035625,
            "current_ratio": 97.52,
            "debt_ratio": 53.62,
            "inventory_turnover_ratio": 1.14,
            "account_receivable_turnover_ratio": 0.56,
            "reinvestment_rate": null,
            "research_to_sale_ratio": 2.46,
            "price_fair": 0,
            "eps_avg_yearly": 0,
            "eps_latest_yearly": 0,
            "eps_growth_yearly": 0
        },
        "20141": {
            "year_quarter": 20141,
            "year": 2014,
            "quarter": 1,
            "eps": -0.48,
            "eps_growth_year": -271.43,
            "eps_4q": -1.68,
            "eps_4q_growth_year": -711.13,
            "roe": -3.41,
            "roe_4q": -11.99,
            "gross_profit": -22406,
            "gross_margin": -19.6,
            "gross_margin_4q_avg": -12.04,
            "net_income": -34680,
            "net_income_4q": null,
            "revenue": 114327,
            "revenue_4q": null,
            "common_shares": 716946,
            "book_valuer_per_share": 13.92,
            "book_valuer_per_share_4q_avg": 14.64,
            "equity": 997776,
            "current_ratio": 76.52,
            "debt_ratio": 53.73,
            "inventory_turnover_ratio": 1.07,
            "account_receivable_turnover_ratio": 0.84,
            "reinvestment_rate": null,
            "research_to_sale_ratio": 2.04,
            "price_fair": 0,
            "eps_avg_yearly": 0,
            "eps_latest_yearly": 0,
            "eps_growth_yearly": 0
        },
        "20142": {
            "year_quarter": 20142,
            "year": 2014,
            "quarter": 2,
            "eps": -0.48,
            "eps_growth_year": null,
            "eps_4q": -1.74,
            "eps_4q_growth_year": null,
            "roe": -3.49,
            "roe_4q": -12.590000000000002,
            "gross_profit": -21982,
            "gross_margin": -14.21,
            "gross_margin_4q_avg": -14.77,
            "net_income": -34152,
            "net_income_4q": null,
            "revenue": 154666,
            "revenue_4q": null,
            "common_shares": 716946,
            "book_valuer_per_share": 13.35,
            "book_valuer_per_share_4q_avg": 14.16,
            "equity": 961969,
            "current_ratio": 63.23,
            "debt_ratio": 55.17,
            "inventory_turnover_ratio": 1.81,
            "account_receivable_turnover_ratio": 1,
            "reinvestment_rate": null,
            "research_to_sale_ratio": 1.3,
            "price_fair": 0,
            "eps_avg_yearly": 0,
            "eps_latest_yearly": 0,
            "eps_growth_yearly": 0
        },
        "20143": {
            "year_quarter": 20143,
            "year": 2014,
            "quarter": 3,
            "eps": -0.54,
            "eps_growth_year": null,
            "eps_4q": -2.13,
            "eps_4q_growth_year": null,
            "roe": -4.14,
            "roe_4q": -15.579999999999998,
            "gross_profit": -16178,
            "gross_margin": -11.33,
            "gross_margin_4q_avg": -18.41,
            "net_income": -39032,
            "net_income_4q": null,
            "revenue": 142774,
            "revenue_4q": null,
            "common_shares": 720336,
            "book_valuer_per_share": 12.8,
            "book_valuer_per_share_4q_avg": 13.63,
            "equity": 922009,
            "current_ratio": 52.69,
            "debt_ratio": 56.13,
            "inventory_turnover_ratio": 2.16,
            "account_receivable_turnover_ratio": 0.85,
            "reinvestment_rate": null,
            "research_to_sale_ratio": 1.25,
            "price_fair": 0,
            "eps_avg_yearly": 0,
            "eps_latest_yearly": 0,
            "eps_growth_yearly": 0
        },
        "20144": {
            "year_quarter": 20144,
            "year": 2014,
            "quarter": 4,
            "eps": -0.99,
            "eps_growth_year": null,
            "eps_4q": -2.49,
            "eps_4q_growth_year": null,
            "roe": -8.04,
            "roe_4q": -19.08,
            "gross_profit": -32174,
            "gross_margin": -24.1,
            "gross_margin_4q_avg": -17.31,
            "net_income": -71482,
            "net_income_4q": null,
            "revenue": 133525,
            "revenue_4q": null,
            "common_shares": 720336,
            "book_valuer_per_share": 11.89,
            "book_valuer_per_share_4q_avg": 12.99,
            "equity": 856616,
            "current_ratio": 96.91,
            "debt_ratio": 59.16,
            "inventory_turnover_ratio": 2.31,
            "account_receivable_turnover_ratio": 0.91,
            "reinvestment_rate": null,
            "research_to_sale_ratio": 1.24,
            "price_fair": 0,
            "eps_avg_yearly": 0,
            "eps_latest_yearly": 0,
            "eps_growth_yearly": 0
        },
        "20151": {
            "year_quarter": 20151,
            "year": 2015,
            "quarter": 1,
            "eps": -0.56,
            "eps_growth_year": null,
            "eps_4q": -2.57,
            "eps_4q_growth_year": null,
            "roe": -4.86,
            "roe_4q": -20.53,
            "gross_profit": -21652,
            "gross_margin": -11.85,
            "gross_margin_4q_avg": -15.37,
            "net_income": -40595,
            "net_income_4q": null,
            "revenue": 182723,
            "revenue_4q": null,
            "common_shares": 720336,
            "book_valuer_per_share": 11.29,
            "book_valuer_per_share_4q_avg": 12.33,
            "equity": 813229,
            "current_ratio": 83.37,
            "debt_ratio": 40.89,
            "inventory_turnover_ratio": 2.62,
            "account_receivable_turnover_ratio": 1.06,
            "reinvestment_rate": null,
            "research_to_sale_ratio": 1.06,
            "price_fair": 0,
            "eps_avg_yearly": 0,
            "eps_latest_yearly": 0,
            "eps_growth_yearly": 0
        },
        "20152": {
            "year_quarter": 20152,
            "year": 2015,
            "quarter": 2,
            "eps": -0.58,
            "eps_growth_year": null,
            "eps_4q": -2.67,
            "eps_4q_growth_year": null,
            "roe": -4.96,
            "roe_4q": -22,
            "gross_profit": -12951,
            "gross_margin": -4.03,
            "gross_margin_4q_avg": -12.83,
            "net_income": -41541,
            "net_income_4q": null,
            "revenue": 321453,
            "revenue_4q": null,
            "common_shares": 720336,
            "book_valuer_per_share": 11.97,
            "book_valuer_per_share_4q_avg": 11.99,
            "equity": 862348,
            "current_ratio": 114.28,
            "debt_ratio": 50.04,
            "inventory_turnover_ratio": 3.42,
            "account_receivable_turnover_ratio": 1.11,
            "reinvestment_rate": null,
            "research_to_sale_ratio": 0.6,
            "price_fair": 0,
            "eps_avg_yearly": 0,
            "eps_latest_yearly": 0,
            "eps_growth_yearly": 0
        },
        "20153": {
            "year_quarter": 20153,
            "year": 2015,
            "quarter": 3,
            "eps": -2.55,
            "eps_growth_year": null,
            "eps_4q": -4.68,
            "eps_4q_growth_year": null,
            "roe": -23.75,
            "roe_4q": -41.61,
            "gross_profit": -48919,
            "gross_margin": -28.86,
            "gross_margin_4q_avg": -17.21,
            "net_income": -183688,
            "net_income_4q": null,
            "revenue": 169485,
            "revenue_4q": null,
            "common_shares": 720336,
            "book_valuer_per_share": 9.51,
            "book_valuer_per_share_4q_avg": 11.17,
            "equity": 684818,
            "current_ratio": 88.56,
            "debt_ratio": 48.14,
            "inventory_turnover_ratio": 2.27,
            "account_receivable_turnover_ratio": 0.61,
            "reinvestment_rate": null,
            "research_to_sale_ratio": 1.12,
            "price_fair": 0,
            "eps_avg_yearly": 0,
            "eps_latest_yearly": 0,
            "eps_growth_yearly": 0
        },
        "20154": {
            "year_quarter": 20154,
            "year": 2015,
            "quarter": 4,
            "eps": -4.78,
            "eps_growth_year": null,
            "eps_4q": -8.47,
            "eps_4q_growth_year": null,
            "roe": -67.27,
            "roe_4q": -100.83999999999999,
            "gross_profit": -41152,
            "gross_margin": -28.19,
            "gross_margin_4q_avg": -18.23,
            "net_income": -344162,
            "net_income_4q": null,
            "revenue": 145961,
            "revenue_4q": null,
            "common_shares": 720336,
            "book_valuer_per_share": 4.7,
            "book_valuer_per_share_4q_avg": 9.37,
            "equity": 338467,
            "current_ratio": 78.94,
            "debt_ratio": 63.41,
            "inventory_turnover_ratio": 2.85,
            "account_receivable_turnover_ratio": 0.98,
            "reinvestment_rate": null,
            "research_to_sale_ratio": 1.12,
            "price_fair": 0,
            "eps_avg_yearly": 0,
            "eps_latest_yearly": 0,
            "eps_growth_yearly": 0
        },
        "20161": {
            "year_quarter": 20161,
            "year": 2016,
            "quarter": 1,
            "eps": -2.77,
            "eps_growth_year": null,
            "eps_4q": -10.67,
            "eps_4q_growth_year": null,
            "roe": -84.7,
            "roe_4q": -180.68,
            "gross_profit": -44932,
            "gross_margin": -52.65,
            "gross_margin_4q_avg": -28.43,
            "net_income": -199520,
            "net_income_4q": null,
            "revenue": 85347,
            "revenue_4q": null,
            "common_shares": 720336,
            "book_valuer_per_share": 1.84,
            "book_valuer_per_share_4q_avg": 7.01,
            "equity": 132669,
            "current_ratio": 63.48,
            "debt_ratio": 81.07,
            "inventory_turnover_ratio": 3.26,
            "account_receivable_turnover_ratio": 0.8,
            "reinvestment_rate": null,
            "research_to_sale_ratio": 1.42,
            "price_fair": 0,
            "eps_avg_yearly": 0,
            "eps_latest_yearly": 0,
            "eps_growth_yearly": 0
        },
        "20162": {
            "year_quarter": 20162,
            "year": 2016,
            "quarter": 2,
            "eps": -0.35,
            "eps_growth_year": null,
            "eps_4q": -10.44,
            "eps_4q_growth_year": null,
            "roe": -20.8,
            "roe_4q": -196.51999999999998,
            "gross_profit": -4054,
            "gross_margin": -5.66,
            "gross_margin_4q_avg": -28.84,
            "net_income": -24996,
            "net_income_4q": null,
            "revenue": 71602,
            "revenue_4q": null,
            "common_shares": 720336,
            "book_valuer_per_share": 1.49,
            "book_valuer_per_share_4q_avg": 4.39,
            "equity": 107673,
            "current_ratio": 58.25,
            "debt_ratio": 84.08,
            "inventory_turnover_ratio": 2.37,
            "account_receivable_turnover_ratio": 0.78,
            "reinvestment_rate": null,
            "research_to_sale_ratio": 1.3,
            "price_fair": 0,
            "eps_avg_yearly": 0,
            "eps_latest_yearly": 0,
            "eps_growth_yearly": 0
        },
        "20163": {
            "year_quarter": 20163,
            "year": 2016,
            "quarter": 3,
            "eps": -1.08,
            "eps_growth_year": null,
            "eps_4q": -24.27,
            "eps_4q_growth_year": null,
            "roe": -28.18,
            "roe_4q": -200.95,
            "gross_profit": -13951,
            "gross_margin": -20.07,
            "gross_margin_4q_avg": -26.64,
            "net_income": -26592,
            "net_income_4q": null,
            "revenue": 69515,
            "revenue_4q": null,
            "common_shares": 245256,
            "book_valuer_per_share": 3.31,
            "book_valuer_per_share_4q_avg": 2.84,
            "equity": 81081,
            "current_ratio": 55.57,
            "debt_ratio": 87.8,
            "inventory_turnover_ratio": 2.66,
            "account_receivable_turnover_ratio": 0.77,
            "reinvestment_rate": null,
            "research_to_sale_ratio": 1.08,
            "price_fair": 0,
            "eps_avg_yearly": 0,
            "eps_latest_yearly": 0,
            "eps_growth_yearly": 0
        },
        "20164": {
            "year_quarter": 20164,
            "year": 2016,
            "quarter": 4,
            "eps": -1.77,
            "eps_growth_year": null,
            "eps_4q": -12.01,
            "eps_4q_growth_year": null,
            "roe": -72.72,
            "roe_4q": -206.4,
            "gross_profit": -29135,
            "gross_margin": -62.14,
            "gross_margin_4q_avg": -35.13,
            "net_income": -43445,
            "net_income_4q": null,
            "revenue": 46889,
            "revenue_4q": null,
            "common_shares": 245256,
            "book_valuer_per_share": 1.57,
            "book_valuer_per_share_4q_avg": 2.05,
            "equity": 38405,
            "current_ratio": 50.65,
            "debt_ratio": 93.73,
            "inventory_turnover_ratio": 2.74,
            "account_receivable_turnover_ratio": 0.59,
            "reinvestment_rate": null,
            "research_to_sale_ratio": 1.18,
            "price_fair": 0,
            "eps_avg_yearly": 0,
            "eps_latest_yearly": 0,
            "eps_growth_yearly": 0
        },
        "20171": {
            "year_quarter": 20171,
            "year": 2017,
            "quarter": 1,
            "eps": -1.02,
            "eps_growth_year": null,
            "eps_4q": -3.72,
            "eps_4q_growth_year": null,
            "roe": -80.15,
            "roe_4q": -201.85000000000002,
            "gross_profit": -16045,
            "gross_margin": -30.36,
            "gross_margin_4q_avg": -29.56,
            "net_income": -33420,
            "net_income_4q": null,
            "revenue": 52843,
            "revenue_4q": null,
            "common_shares": 345256,
            "book_valuer_per_share": 1.3,
            "book_valuer_per_share_4q_avg": 1.92,
            "equity": 44985,
            "current_ratio": 65.24,
            "debt_ratio": 92.53,
            "inventory_turnover_ratio": 2.49,
            "account_receivable_turnover_ratio": 0.81,
            "reinvestment_rate": null,
            "research_to_sale_ratio": 1,
            "price_fair": 0,
            "eps_avg_yearly": 0,
            "eps_latest_yearly": 0,
            "eps_growth_yearly": 0
        },
        "20172": {
            "year_quarter": 20172,
            "year": 2017,
            "quarter": 2,
            "eps": -0.7,
            "eps_growth_year": null,
            "eps_4q": -3.69,
            "eps_4q_growth_year": null,
            "roe": -72.86,
            "roe_4q": -253.91,
            "gross_profit": -7952,
            "gross_margin": -14.64,
            "gross_margin_4q_avg": -31.8,
            "net_income": -24025,
            "net_income_4q": null,
            "revenue": 54327,
            "revenue_4q": null,
            "common_shares": 345256,
            "book_valuer_per_share": 0.61,
            "book_valuer_per_share_4q_avg": 1.7,
            "equity": 20960,
            "current_ratio": 22.79,
            "debt_ratio": 96.35,
            "inventory_turnover_ratio": 2.42,
            "account_receivable_turnover_ratio": 0.86,
            "reinvestment_rate": null,
            "research_to_sale_ratio": 1,
            "price_fair": 0,
            "eps_avg_yearly": 0,
            "eps_latest_yearly": 0,
            "eps_growth_yearly": 0
        },
        "20173": {
            "year_quarter": 20173,
            "year": 2017,
            "quarter": 3,
            "eps": -1.88,
            "eps_growth_year": null,
            "eps_4q": -6.33,
            "eps_4q_growth_year": null,
            "roe": -234.96,
            "roe_4q": -460.69000000000005,
            "gross_profit": -14751,
            "gross_margin": -29.7,
            "gross_margin_4q_avg": -34.21,
            "net_income": -39931,
            "net_income_4q": null,
            "revenue": 49659,
            "revenue_4q": null,
            "common_shares": 222628,
            "book_valuer_per_share": 0.59,
            "book_valuer_per_share_4q_avg": 1.02,
            "equity": 13029,
            "current_ratio": 28.92,
            "debt_ratio": 97.88,
            "inventory_turnover_ratio": 2.79,
            "account_receivable_turnover_ratio": 0.58,
            "reinvestment_rate": null,
            "research_to_sale_ratio": 1.07,
            "price_fair": 0,
            "eps_avg_yearly": 0,
            "eps_latest_yearly": 0,
            "eps_growth_yearly": 0
        },
        "20174": {
            "year_quarter": 20174,
            "year": 2017,
            "quarter": 4,
            "eps": -1.37,
            "eps_growth_year": null,
            "eps_4q": -4.7,
            "eps_4q_growth_year": null,
            "roe": -174.85,
            "roe_4q": -562.82,
            "gross_profit": -20986,
            "gross_margin": -45.21,
            "gross_margin_4q_avg": -29.98,
            "net_income": -40207,
            "net_income_4q": null,
            "revenue": 46421,
            "revenue_4q": null,
            "common_shares": 292628,
            "book_valuer_per_share": 1.13,
            "book_valuer_per_share_4q_avg": 0.91,
            "equity": 32962,
            "current_ratio": 29.64,
            "debt_ratio": 94.5,
            "inventory_turnover_ratio": 3.91,
            "account_receivable_turnover_ratio": 0.41,
            "reinvestment_rate": null,
            "research_to_sale_ratio": 1.19,
            "price_fair": 0,
            "eps_avg_yearly": 0,
            "eps_latest_yearly": 0,
            "eps_growth_yearly": 0
        },
        "20181": {
            "year_quarter": 20181,
            "year": 2018,
            "quarter": 1,
            "eps": -1.06,
            "eps_growth_year": null,
            "eps_4q": -4.62,
            "eps_4q_growth_year": null,
            "roe": -177.19,
            "roe_4q": -659.86,
            "gross_profit": -9379,
            "gross_margin": -19.13,
            "gross_margin_4q_avg": -27.17,
            "net_income": -30969,
            "net_income_4q": null,
            "revenue": 49028,
            "revenue_4q": null,
            "common_shares": 292628,
            "book_valuer_per_share": 0.07,
            "book_valuer_per_share_4q_avg": 0.6,
            "equity": 1993,
            "current_ratio": 33.69,
            "debt_ratio": 99.68,
            "inventory_turnover_ratio": 4.55,
            "account_receivable_turnover_ratio": 0.36,
            "reinvestment_rate": null,
            "research_to_sale_ratio": 1.16,
            "price_fair": 0,
            "eps_avg_yearly": 0,
            "eps_latest_yearly": 0,
            "eps_growth_yearly": 0
        },
        "20182": {
            "year_quarter": 20182,
            "year": 2018,
            "quarter": 2,
            "eps": -0.16,
            "eps_growth_year": null,
            "eps_4q": -3.71,
            "eps_4q_growth_year": null,
            "roe": -72.6,
            "roe_4q": -659.6,
            "gross_profit": -2611,
            "gross_margin": -5.1,
            "gross_margin_4q_avg": -24.79,
            "net_income": -4790,
            "net_income_4q": null,
            "revenue": 51160,
            "revenue_4q": null,
            "common_shares": 312628,
            "book_valuer_per_share": 0.36,
            "book_valuer_per_share_4q_avg": 0.54,
            "equity": 11203,
            "current_ratio": 41.87,
            "debt_ratio": 98.37,
            "inventory_turnover_ratio": 4.72,
            "account_receivable_turnover_ratio": 0.27,
            "reinvestment_rate": null,
            "research_to_sale_ratio": 1.15,
            "price_fair": 0,
            "eps_avg_yearly": 0,
            "eps_latest_yearly": 0,
            "eps_growth_yearly": 0
        },
        "20183": {
            "year_quarter": 20183,
            "year": 2018,
            "quarter": 3,
            "eps": -0.85,
            "eps_growth_year": null,
            "eps_4q": -2.96,
            "eps_4q_growth_year": null,
            "roe": -237.79,
            "roe_4q": -662.43,
            "gross_profit": -41713,
            "gross_margin": -378.28,
            "gross_margin_4q_avg": -111.93,
            "net_income": -28465,
            "net_income_4q": null,
            "revenue": 11027,
            "revenue_4q": null,
            "common_shares": 352628,
            "book_valuer_per_share": 0.36,
            "book_valuer_per_share_4q_avg": 0.48,
            "equity": 12738,
            "current_ratio": 40.64,
            "debt_ratio": 97.94,
            "inventory_turnover_ratio": 6.28,
            "account_receivable_turnover_ratio": 0.06,
            "reinvestment_rate": null,
            "research_to_sale_ratio": 11.79,
            "price_fair": 0,
            "eps_avg_yearly": 0,
            "eps_latest_yearly": 0,
            "eps_growth_yearly": 0
        },
        "20184": {
            "year_quarter": 20184,
            "year": 2018,
            "quarter": 4,
            "eps": null,
            "eps_growth_year": null,
            "eps_4q": null,
            "eps_4q_growth_year": null,
            "roe": null,
            "roe_4q": -487.58,
            "gross_profit": null,
            "gross_margin": null,
            "gross_margin_4q_avg": -100.63,
            "net_income": null,
            "net_income_4q": null,
            "revenue": null,
            "revenue_4q": null,
            "common_shares": null,
            "book_valuer_per_share": null,
            "book_valuer_per_share_4q_avg": 0.2,
            "equity": null,
            "current_ratio": null,
            "debt_ratio": null,
            "inventory_turnover_ratio": null,
            "account_receivable_turnover_ratio": null,
            "reinvestment_rate": null,
            "research_to_sale_ratio": null,
            "price_fair": 0,
            "eps_avg_yearly": 0,
            "eps_latest_yearly": 0,
            "eps_growth_yearly": 0
        },
        "20191": {
            "year_quarter": 20191,
            "year": 2019,
            "quarter": 1,
            "eps": -0.69,
            "eps_growth_year": null,
            "eps_4q": null,
            "eps_4q_growth_year": null,
            "roe": -870.87,
            "roe_4q": -1181.26,
            "gross_profit": -20256,
            "gross_margin": -414.06,
            "gross_margin_4q_avg": -199.36,
            "net_income": -26997,
            "net_income_4q": null,
            "revenue": 4892,
            "revenue_4q": null,
            "common_shares": 392628,
            "book_valuer_per_share": 0.08,
            "book_valuer_per_share_4q_avg": 0.2,
            "equity": 3100,
            "current_ratio": 51.1,
            "debt_ratio": 99.57,
            "inventory_turnover_ratio": 0.17,
            "account_receivable_turnover_ratio": 0.04,
            "reinvestment_rate": null,
            "research_to_sale_ratio": 6.19,
            "price_fair": 0,
            "eps_avg_yearly": 0,
            "eps_latest_yearly": 0,
            "eps_growth_yearly": 0
        },
        "20192": {
            "year_quarter": 20192,
            "year": 2019,
            "quarter": 2,
            "eps": -0.68,
            "eps_growth_year": null,
            "eps_4q": null,
            "eps_4q_growth_year": null,
            "roe": -390.83,
            "roe_4q": -1499.49,
            "gross_profit": -21987,
            "gross_margin": -280.63,
            "gross_margin_4q_avg": -268.24,
            "net_income": -27915,
            "net_income_4q": null,
            "revenue": 7835,
            "revenue_4q": null,
            "common_shares": 422628,
            "book_valuer_per_share": 0.26,
            "book_valuer_per_share_4q_avg": 0.18,
            "equity": 11185,
            "current_ratio": 49.23,
            "debt_ratio": 98.33,
            "inventory_turnover_ratio": 0.18,
            "account_receivable_turnover_ratio": 0.1,
            "reinvestment_rate": null,
            "research_to_sale_ratio": 1.12,
            "price_fair": 0,
            "eps_avg_yearly": 0,
            "eps_latest_yearly": 0,
            "eps_growth_yearly": 0
        }
    },
    "months": {
        "2011-11": {
            "month": "2011-11",
            "price": "21.49",
            "revenue": 27156
        },
        "2011-12": {
            "month": "2011-12",
            "price": "17.45",
            "revenue": 29721
        },
        "2012-01": {
            "month": "2012-01",
            "price": "14.05",
            "revenue": 27389
        },
        "2012-02": {
            "month": "2012-02",
            "price": "19.21",
            "revenue": 48740
        },
        "2012-03": {
            "month": "2012-03",
            "price": "20.94",
            "revenue": 37636
        },
        "2012-04": {
            "month": "2012-04",
            "price": "19.93",
            "revenue": 49080
        },
        "2012-05": {
            "month": "2012-05",
            "price": "19.55",
            "revenue": 73059
        },
        "2012-06": {
            "month": "2012-06",
            "price": "17.27",
            "revenue": 62564
        },
        "2012-08": {
            "month": "2012-08",
            "price": "16.70",
            "revenue": 55676
        },
        "2012-09": {
            "month": "2012-09",
            "price": "16.00",
            "revenue": 62968
        },
        "2012-10": {
            "month": "2012-10",
            "price": "15.96",
            "revenue": 85014
        },
        "2012-11": {
            "month": "2012-11",
            "price": "15.52",
            "revenue": 99878
        },
        "2012-12": {
            "month": "2012-12",
            "price": "15.78",
            "revenue": 68556
        },
        "2013-01": {
            "month": "2013-01",
            "price": "26.91",
            "revenue": 100056
        },
        "2013-02": {
            "month": "2013-02",
            "price": "28.24",
            "revenue": 70678
        },
        "2013-03": {
            "month": "2013-03",
            "price": "39.83",
            "revenue": 69207
        },
        "2013-04": {
            "month": "2013-04",
            "price": "38.70",
            "revenue": 81827
        },
        "2013-05": {
            "month": "2013-05",
            "price": "39.42",
            "revenue": 81614
        },
        "2013-06": {
            "month": "2013-06",
            "price": "38.88",
            "revenue": 52791
        },
        "2013-07": {
            "month": "2013-07",
            "price": "32.30",
            "revenue": 66396
        },
        "2013-08": {
            "month": "2013-08",
            "price": "24.74",
            "revenue": 68426
        },
        "2013-09": {
            "month": "2013-09",
            "price": "24.62",
            "revenue": 64705
        },
        "2013-10": {
            "month": "2013-10",
            "price": "23.71",
            "revenue": 60337
        },
        "2013-11": {
            "month": "2013-11",
            "price": "21.94",
            "revenue": 30122
        },
        "2013-12": {
            "month": "2013-12",
            "price": "17.42",
            "revenue": 27298
        },
        "2014-01": {
            "month": "2014-01",
            "price": "19.21",
            "revenue": 33232
        },
        "2014-02": {
            "month": "2014-02",
            "price": "18.62",
            "revenue": 35568
        },
        "2014-03": {
            "month": "2014-03",
            "price": "17.55",
            "revenue": 44555
        },
        "2014-04": {
            "month": "2014-04",
            "price": "16.16",
            "revenue": 52216
        },
        "2014-05": {
            "month": "2014-05",
            "price": "14.12",
            "revenue": 53695
        },
        "2014-06": {
            "month": "2014-06",
            "price": "14.86",
            "revenue": 48755
        },
        "2014-07": {
            "month": "2014-07",
            "price": "14.93",
            "revenue": 46081
        },
        "2014-08": {
            "month": "2014-08",
            "price": "13.75",
            "revenue": 47073
        },
        "2014-09": {
            "month": "2014-09",
            "price": "12.33",
            "revenue": 49620
        },
        "2014-10": {
            "month": "2014-10",
            "price": "9.37",
            "revenue": 38571
        },
        "2014-11": {
            "month": "2014-11",
            "price": "8.66",
            "revenue": 38179
        },
        "2014-12": {
            "month": "2014-12",
            "price": "10.35",
            "revenue": 56775
        },
        "2015-01": {
            "month": "2015-01",
            "price": "18.06",
            "revenue": 60504
        },
        "2015-02": {
            "month": "2015-02",
            "price": "18.04",
            "revenue": 49847
        },
        "2015-03": {
            "month": "2015-03",
            "price": "18.90",
            "revenue": 72371
        },
        "2015-04": {
            "month": "2015-04",
            "price": "17.93",
            "revenue": 58068
        },
        "2015-05": {
            "month": "2015-05",
            "price": "17.58",
            "revenue": 162502
        },
        "2015-06": {
            "month": "2015-06",
            "price": "21.23",
            "revenue": 100884
        },
        "2015-07": {
            "month": "2015-07",
            "price": "15.45",
            "revenue": 91583
        },
        "2015-08": {
            "month": "2015-08",
            "price": "9.18",
            "revenue": 47907
        },
        "2015-09": {
            "month": "2015-09",
            "price": "8.61",
            "revenue": 29994
        },
        "2015-10": {
            "month": "2015-10",
            "price": "8.81",
            "revenue": 59987
        },
        "2015-11": {
            "month": "2015-11",
            "price": "8.20",
            "revenue": 40069
        },
        "2015-12": {
            "month": "2015-12",
            "price": "6.98",
            "revenue": 45906
        },
        "2016-01": {
            "month": "2016-01",
            "price": "5.47",
            "revenue": 39965
        },
        "2016-02": {
            "month": "2016-02",
            "price": "5.50",
            "revenue": 17341
        },
        "2016-03": {
            "month": "2016-03",
            "price": "5.81",
            "revenue": 28041
        },
        "2016-04": {
            "month": "2016-04",
            "price": "2.82",
            "revenue": 29568
        },
        "2016-05": {
            "month": "2016-05",
            "price": "1.85",
            "revenue": 20966
        },
        "2016-06": {
            "month": "2016-06",
            "price": "1.49",
            "revenue": 21068
        },
        "2016-07": {
            "month": "2016-07",
            "price": "2.72",
            "revenue": 25125
        },
        "2016-08": {
            "month": "2016-08",
            "price": "2.30",
            "revenue": 21416
        },
        "2016-09": {
            "month": "2016-09",
            "price": "2.09",
            "revenue": 22975
        },
        "2016-10": {
            "month": "2016-10",
            "price": "2.02",
            "revenue": 13983
        },
        "2016-11": {
            "month": "2016-11",
            "price": "4.06",
            "revenue": 15951
        },
        "2016-12": {
            "month": "2016-12",
            "price": "4.73",
            "revenue": 16955
        },
        "2017-01": {
            "month": "2017-01",
            "price": "5.09",
            "revenue": 14333
        },
        "2017-02": {
            "month": "2017-02",
            "price": "5.53",
            "revenue": 15806
        },
        "2017-03": {
            "month": "2017-03",
            "price": "5.28",
            "revenue": 22704
        },
        "2017-04": {
            "month": "2017-04",
            "price": "4.46",
            "revenue": 21390
        },
        "2017-05": {
            "month": "2017-05",
            "price": "3.83",
            "revenue": 18566
        },
        "2017-06": {
            "month": "2017-06",
            "price": "3.82",
            "revenue": 14371
        },
        "2017-07": {
            "month": "2017-07",
            "price": "4.00",
            "revenue": 22388
        },
        "2017-08": {
            "month": "2017-08",
            "price": "3.99",
            "revenue": 33741
        },
        "2017-09": {
            "month": "2017-09",
            "price": "4.64",
            "revenue": 16700
        },
        "2017-10": {
            "month": "2017-10",
            "price": "5.55",
            "revenue": 16903
        },
        "2017-11": {
            "month": "2017-11",
            "price": "7.25",
            "revenue": 13185
        },
        "2017-12": {
            "month": "2017-12",
            "price": "10.76",
            "revenue": 16333
        },
        "2018-01": {
            "month": "2018-01",
            "price": "10.51",
            "revenue": 16810
        },
        "2018-02": {
            "month": "2018-02",
            "price": "10.45",
            "revenue": 15978
        },
        "2018-03": {
            "month": "2018-03",
            "price": "10.09",
            "revenue": 16240
        },
        "2018-04": {
            "month": "2018-04",
            "price": "9.94",
            "revenue": 22185
        },
        "2018-05": {
            "month": "2018-05",
            "price": "9.43",
            "revenue": 19705
        },
        "2018-06": {
            "month": "2018-06",
            "price": "7.10",
            "revenue": 9270
        },
        "2018-07": {
            "month": "2018-07",
            "price": "5.23",
            "revenue": 3364
        },
        "2018-08": {
            "month": "2018-08",
            "price": "5.16",
            "revenue": 1749
        },
        "2018-09": {
            "month": "2018-09",
            "price": "7.78",
            "revenue": 5915
        },
        "2018-10": {
            "month": "2018-10",
            "price": "7.98",
            "revenue": 7713
        },
        "2018-11": {
            "month": "2018-11",
            "price": "7.52",
            "revenue": 6624
        },
        "2018-12": {
            "month": "2018-12",
            "price": "9.09",
            "revenue": 2278
        },
        "2019-01": {
            "month": "2019-01",
            "price": "10.26",
            "revenue": 3066
        },
        "2019-02": {
            "month": "2019-02",
            "price": "9.06",
            "revenue": 1454
        },
        "2019-03": {
            "month": "2019-03",
            "price": "8.05",
            "revenue": 237
        },
        "2019-04": {
            "month": "2019-04",
            "price": "8.15",
            "revenue": 0
        },
        "2019-07": {
            "month": "2019-07",
            "price": "14.76",
            "revenue": 1250
        },
        "2019-08": {
            "month": "2019-08",
            "price": "18.64",
            "revenue": 27178
        },
        "2019-09": {
            "month": "2019-09",
            "price": "18.14",
            "revenue": 14884
        },
        "2019-10": {
            "month": "2019-10",
            "price": "9.84",
            "revenue": 11200
        },
        "2019-11": {
            "month": "2019-11",
            "price": "7.83",
            "revenue": 0
        }
    }
}
