{
    "summary": {
        "stock_name": "智崴",
        "stock_id": "5263",
        "category": "文化創意",
        "main_business": "體感模擬遊樂設備",
        "website_url": "https://www.brogent.com/",
        "ceo": "歐陽志宏",
        "pe_ratio": -41,
        "report_year_from": 2009,
        "report_year_to": 2023,
        "age": 15,
        "eps_negative_percentage": 42,
        "eps_growth_avg": {
            "last_all": -22.78,
            "last_2y": null,
            "last_4y": -33.13,
            "last_8y": -9.9,
            "last_12y": null,
            "last_16y": null,
            "last_20y": null,
            "at_2006_last_3y": null,
            "at_2007_last_3y": null,
            "at_2008_last_3y": null,
            "at_2009_last_3y": null,
            "at_2010_last_3y": null,
            "at_2011_last_3y": null,
            "at_2012_last_3y": null,
            "at_2013_last_3y": null,
            "at_2014_last_3y": null,
            "at_2015_last_3y": null,
            "at_2016_last_3y": -58.67,
            "at_2017_last_3y": 7.99,
            "at_2018_last_3y": 1.71,
            "at_2019_last_3y": 26.61,
            "at_2020_last_3y": 4.15,
            "at_2021_last_3y": -27.8,
            "at_2022_last_3y": -33.13,
            "at_2023_last_3y": -100,
            "at_2024_last_3y": -100,
            "at_2006_last_all": null,
            "at_2007_last_all": null,
            "at_2008_last_all": null,
            "at_2009_last_all": null,
            "at_2010_last_all": null,
            "at_2011_last_all": null,
            "at_2012_last_all": null,
            "at_2013_last_all": null,
            "at_2014_last_all": -100,
            "at_2015_last_all": -82.93,
            "at_2016_last_all": -58.67,
            "at_2017_last_all": -19.01,
            "at_2018_last_all": -18.63,
            "at_2019_last_all": -9.9,
            "at_2020_last_all": -22.78,
            "at_2021_last_all": -22.78,
            "at_2022_last_all": -22.78,
            "at_2023_last_all": -22.78,
            "at_2024_last_all": -22.78
        },
        "latest_eps": -2.77,
        "latest_price": 112.5,
        "latest_roe": -5.67,
        "latest_gross_margin": 48.65,
        "latest_equity": 3149174,
        "latest_revenue": 255520,
        "latest_gross_profit": 124304,
        "latest_net_income": -71312,
        "latest_debt_ratio": 37.64,
        "latest_current_ratio": 288.59,
        "latest_account_receivable_turnover_ratio": 0.39,
        "latest_inventory_turnover_ratio": 0.53,
        "latest_reinvestment_rate": null,
        "latest_research_to_sale_ratio": 9.33
    },
    "eps_dividends": {
        "2001": {
            "cash": 0,
            "stock": 0,
            "eps": 0
        },
        "2002": {
            "cash": 0,
            "stock": 0,
            "eps": 0
        },
        "2003": {
            "cash": 0,
            "stock": 0,
            "eps": 0
        },
        "2004": {
            "cash": 0,
            "stock": 0,
            "eps": 0
        },
        "2005": {
            "cash": 0,
            "stock": 0,
            "eps": 0
        },
        "2006": {
            "cash": 0,
            "stock": 0,
            "eps": 0
        },
        "2007": {
            "cash": 0,
            "stock": 0,
            "eps": 0
        },
        "2008": {
            "cash": 0,
            "stock": 0,
            "eps": 0
        },
        "2009": {
            "cash": 0,
            "stock": 0,
            "eps": 0
        },
        "2010": {
            "cash": 0,
            "stock": 0,
            "eps": 0
        },
        "2011": {
            "cash": 0,
            "stock": 0,
            "eps": 0
        },
        "2012": {
            "cash": 0,
            "stock": 0,
            "eps": 1.87
        },
        "2013": {
            "cash": 1,
            "stock": 0.5,
            "eps": -0.34
        },
        "2014": {
            "cash": 0,
            "stock": 1,
            "eps": 7.5
        },
        "2015": {
            "cash": 2,
            "stock": 1,
            "eps": 2.56
        },
        "2016": {
            "cash": 2.5,
            "stock": 0,
            "eps": 2.3
        },
        "2017": {
            "cash": 2.5,
            "stock": 0,
            "eps": 6.01
        },
        "2018": {
            "cash": 4,
            "stock": 2,
            "eps": 4.98
        },
        "2019": {
            "cash": 4,
            "stock": 0.5,
            "eps": 6.66
        },
        "2020": {
            "cash": 5.6,
            "stock": 0,
            "eps": -0.88
        },
        "2021": {
            "cash": 0,
            "stock": 0,
            "eps": -2.28
        },
        "2022": {
            "cash": 0,
            "stock": 0,
            "eps": -0.96
        },
        "2023": {
            "cash": 1.5,
            "stock": 0,
            "eps": -2.78
        },
        "2024": {
            "cash": 0.5,
            "stock": 0,
            "eps": 0
        }
    },
    "dividends": {
        "2013-06-19": {
            "cash": 1,
            "stock": 0.5
        },
        "2014-06-11": {
            "cash": 0,
            "stock": 1
        },
        "2015-08-05": {
            "cash": 2,
            "stock": 1
        },
        "2016-08-04": {
            "cash": 2.5,
            "stock": 0
        },
        "2017-08-04": {
            "cash": 2.5,
            "stock": 0
        },
        "2018-08-15": {
            "cash": 4,
            "stock": 2
        },
        "2019-08-16": {
            "cash": 4,
            "stock": 0.5
        },
        "2020-08-21": {
            "cash": 5.6,
            "stock": 0
        },
        "2023-08-04": {
            "cash": 1.5,
            "stock": 0
        },
        "2024-03-12": {
            "cash": 0.5,
            "stock": 0
        }
    },
    "prices": {
        "200101": "無",
        "200102": "無",
        "200103": "無",
        "200104": "無",
        "200105": "無",
        "200106": "無",
        "200107": "無",
        "200108": "無",
        "200109": "無",
        "200110": "無",
        "200111": "無",
        "200112": "無",
        "200201": "無",
        "200202": "無",
        "200203": "無",
        "200204": "無",
        "200205": "無",
        "200206": "無",
        "200207": "無",
        "200208": "無",
        "200209": "無",
        "200210": "無",
        "200211": "無",
        "200212": "無",
        "200301": "無",
        "200302": "無",
        "200303": "無",
        "200304": "無",
        "200305": "無",
        "200306": "無",
        "200307": "無",
        "200308": "無",
        "200309": "無",
        "200310": "無",
        "200311": "無",
        "200312": "無",
        "200401": "無",
        "200402": "無",
        "200403": "無",
        "200404": "無",
        "200405": "無",
        "200406": "無",
        "200407": "無",
        "200408": "無",
        "200409": "無",
        "200410": "無",
        "200411": "無",
        "200412": "無",
        "200501": "無",
        "200502": "無",
        "200503": "無",
        "200504": "無",
        "200505": "無",
        "200506": "無",
        "200507": "無",
        "200508": "無",
        "200509": "無",
        "200510": "無",
        "200511": "無",
        "200512": "無",
        "200601": "無",
        "200602": "無",
        "200603": "無",
        "200604": "無",
        "200605": "無",
        "200606": "無",
        "200607": "無",
        "200608": "無",
        "200609": "無",
        "200610": "無",
        "200611": "無",
        "200612": "無",
        "200701": "無",
        "200702": "無",
        "200703": "無",
        "200704": "無",
        "200705": "無",
        "200706": "無",
        "200707": "無",
        "200708": "無",
        "200709": "無",
        "200710": "無",
        "200711": "無",
        "200712": "無",
        "200801": "無",
        "200802": "無",
        "200803": "無",
        "200804": "無",
        "200805": "無",
        "200806": "無",
        "200807": "無",
        "200808": "無",
        "200809": "無",
        "200810": "無",
        "200811": "無",
        "200812": "無",
        "200901": "無",
        "200902": "無",
        "200903": "無",
        "200904": "無",
        "200905": "無",
        "200906": "無",
        "200907": "無",
        "200908": "無",
        "200909": "無",
        "200910": "無",
        "200911": "無",
        "200912": "無",
        "201001": "無",
        "201002": "無",
        "201003": "無",
        "201004": "無",
        "201005": "無",
        "201006": "無",
        "201007": "無",
        "201008": "無",
        "201009": "無",
        "201010": "無",
        "201011": "無",
        "201012": "無",
        "201101": "無",
        "201102": "無",
        "201103": "無",
        "201104": "無",
        "201105": "無",
        "201106": "無",
        "201107": "無",
        "201108": "無",
        "201109": "無",
        "201110": "無",
        "201111": "無",
        "201112": "36.63",
        "201201": "46.43",
        "201202": "51.88",
        "201203": "59.10",
        "201204": "57.40",
        "201205": "56.75",
        "201206": "56.38",
        "201207": "56.11",
        "201208": "53.96",
        "201209": "56.59",
        "201210": "69.22",
        "201211": "78.63",
        "201212": "79.95",
        "201301": "85.06",
        "201302": "83.58",
        "201303": "83.70",
        "201304": "77.06",
        "201305": "76.19",
        "201306": "74.67",
        "201307": "77.53",
        "201308": "74.37",
        "201309": "74.50",
        "201310": "76.60",
        "201311": "84.69",
        "201312": "133.57",
        "201401": "249.28",
        "201402": "328.74",
        "201403": "429.50",
        "201404": "564.67",
        "201405": "525.26",
        "201406": "602.15",
        "201407": "478.80",
        "201408": "386.38",
        "201409": "413.90",
        "201410": "409.91",
        "201411": "387.32",
        "201412": "399.08",
        "201501": "396.72",
        "201502": "379.65",
        "201503": "386.59",
        "201504": "392.05",
        "201505": "374.60",
        "201506": "361.52",
        "201507": "275.41",
        "201508": "252.24",
        "201509": "272.52",
        "201510": "289.26",
        "201511": "282.81",
        "201512": "342.67",
        "201601": "284.40",
        "201602": "281.42",
        "201603": "286.48",
        "201604": "273.68",
        "201605": "231.81",
        "201606": "231.43",
        "201607": "229.02",
        "201608": "219.09",
        "201609": "206.05",
        "201610": "214.08",
        "201611": "189.00",
        "201612": "193.14",
        "201701": "222.38",
        "201702": "224.11",
        "201703": "205.48",
        "201704": "200.72",
        "201705": "188.68",
        "201706": "213.00",
        "201707": "258.10",
        "201708": "247.11",
        "201709": "279.34",
        "201710": "262.68",
        "201711": "273.00",
        "201712": "258.95",
        "201801": "252.14",
        "201802": "219.15",
        "201803": "222.76",
        "201804": "229.94",
        "201805": "219.64",
        "201806": "200.68",
        "201807": "197.20",
        "201808": "183.78",
        "201809": "163.21",
        "201810": "152.64",
        "201811": "146.61",
        "201812": "169.36",
        "201901": "184.33",
        "201902": "173.73",
        "201903": "169.75",
        "201904": "173.40",
        "201905": "192.98",
        "201906": "172.82",
        "201907": "190.85",
        "201908": "186.74",
        "201909": "217.34",
        "201910": "192.93",
        "201911": "179.62",
        "201912": "175.05",
        "202001": "176.50",
        "202002": "154.34",
        "202003": "114.91",
        "202004": "105.50",
        "202005": "116.98",
        "202006": "116.08",
        "202007": "110.70",
        "202008": "106.83",
        "202009": "102.91",
        "202010": "100.59",
        "202011": "109.91",
        "202012": "113.41",
        "202101": "103.42",
        "202102": "104.19",
        "202103": "131.55",
        "202104": "138.39",
        "202105": "121.55",
        "202106": "135.29",
        "202107": "135.07",
        "202108": "120.34",
        "202109": "114.12",
        "202110": "115.72",
        "202111": "140.64",
        "202112": "125.89",
        "202201": "114.42",
        "202202": "120.23",
        "202203": "118.52",
        "202204": "115.45",
        "202205": "114.21",
        "202206": "112.88",
        "202207": "112.69",
        "202208": "121.59",
        "202209": "110.52",
        "202210": "108.22",
        "202211": "111.55",
        "202212": "121.82",
        "202301": "133.42",
        "202302": "136.25",
        "202303": "133.17",
        "202304": "123.35",
        "202305": "117.89",
        "202306": "123.55",
        "202307": "127.40",
        "202308": "116.68",
        "202309": "117.72",
        "202310": "112.45",
        "202311": "119.00",
        "202312": "120.12"
    },
    "quarters": {
        "20011": {
            "year_quarter": 20011,
            "year": 2001,
            "quarter": 1,
            "eps": null,
            "eps_growth_year": null,
            "eps_4q": null,
            "eps_4q_growth_year": null,
            "roe": null,
            "roe_4q": 0,
            "gross_profit": null,
            "gross_margin": null,
            "gross_margin_4q_avg": 0,
            "net_income": null,
            "net_income_4q": null,
            "revenue": null,
            "revenue_4q": null,
            "common_shares": null,
            "book_valuer_per_share": null,
            "book_valuer_per_share_4q_avg": 0,
            "equity": null,
            "current_ratio": null,
            "debt_ratio": null,
            "inventory_turnover_ratio": null,
            "account_receivable_turnover_ratio": null,
            "reinvestment_rate": null,
            "research_to_sale_ratio": null,
            "price_fair": 0,
            "eps_avg_yearly": 0,
            "eps_latest_yearly": 0,
            "eps_growth_yearly": 0
        },
        "20012": {
            "year_quarter": 20012,
            "year": 2001,
            "quarter": 2,
            "eps": null,
            "eps_growth_year": null,
            "eps_4q": null,
            "eps_4q_growth_year": null,
            "roe": null,
            "roe_4q": 0,
            "gross_profit": null,
            "gross_margin": null,
            "gross_margin_4q_avg": 0,
            "net_income": null,
            "net_income_4q": null,
            "revenue": null,
            "revenue_4q": null,
            "common_shares": null,
            "book_valuer_per_share": null,
            "book_valuer_per_share_4q_avg": 0,
            "equity": null,
            "current_ratio": null,
            "debt_ratio": null,
            "inventory_turnover_ratio": null,
            "account_receivable_turnover_ratio": null,
            "reinvestment_rate": null,
            "research_to_sale_ratio": null,
            "price_fair": 0,
            "eps_avg_yearly": 0,
            "eps_latest_yearly": 0,
            "eps_growth_yearly": 0
        },
        "20013": {
            "year_quarter": 20013,
            "year": 2001,
            "quarter": 3,
            "eps": null,
            "eps_growth_year": null,
            "eps_4q": null,
            "eps_4q_growth_year": null,
            "roe": null,
            "roe_4q": 0,
            "gross_profit": null,
            "gross_margin": null,
            "gross_margin_4q_avg": 0,
            "net_income": null,
            "net_income_4q": null,
            "revenue": null,
            "revenue_4q": null,
            "common_shares": null,
            "book_valuer_per_share": null,
            "book_valuer_per_share_4q_avg": 0,
            "equity": null,
            "current_ratio": null,
            "debt_ratio": null,
            "inventory_turnover_ratio": null,
            "account_receivable_turnover_ratio": null,
            "reinvestment_rate": null,
            "research_to_sale_ratio": null,
            "price_fair": 0,
            "eps_avg_yearly": 0,
            "eps_latest_yearly": 0,
            "eps_growth_yearly": 0
        },
        "20014": {
            "year_quarter": 20014,
            "year": 2001,
            "quarter": 4,
            "eps": null,
            "eps_growth_year": null,
            "eps_4q": null,
            "eps_4q_growth_year": null,
            "roe": null,
            "roe_4q": 0,
            "gross_profit": null,
            "gross_margin": null,
            "gross_margin_4q_avg": 0,
            "net_income": null,
            "net_income_4q": null,
            "revenue": null,
            "revenue_4q": null,
            "common_shares": null,
            "book_valuer_per_share": null,
            "book_valuer_per_share_4q_avg": 0,
            "equity": null,
            "current_ratio": null,
            "debt_ratio": null,
            "inventory_turnover_ratio": null,
            "account_receivable_turnover_ratio": null,
            "reinvestment_rate": null,
            "research_to_sale_ratio": null,
            "price_fair": 0,
            "eps_avg_yearly": 0,
            "eps_latest_yearly": 0,
            "eps_growth_yearly": 0
        },
        "20021": {
            "year_quarter": 20021,
            "year": 2002,
            "quarter": 1,
            "eps": null,
            "eps_growth_year": null,
            "eps_4q": null,
            "eps_4q_growth_year": null,
            "roe": null,
            "roe_4q": 0,
            "gross_profit": null,
            "gross_margin": null,
            "gross_margin_4q_avg": 0,
            "net_income": null,
            "net_income_4q": null,
            "revenue": null,
            "revenue_4q": null,
            "common_shares": null,
            "book_valuer_per_share": null,
            "book_valuer_per_share_4q_avg": 0,
            "equity": null,
            "current_ratio": null,
            "debt_ratio": null,
            "inventory_turnover_ratio": null,
            "account_receivable_turnover_ratio": null,
            "reinvestment_rate": null,
            "research_to_sale_ratio": null,
            "price_fair": 0,
            "eps_avg_yearly": 0,
            "eps_latest_yearly": 0,
            "eps_growth_yearly": 0
        },
        "20022": {
            "year_quarter": 20022,
            "year": 2002,
            "quarter": 2,
            "eps": null,
            "eps_growth_year": null,
            "eps_4q": null,
            "eps_4q_growth_year": null,
            "roe": null,
            "roe_4q": 0,
            "gross_profit": null,
            "gross_margin": null,
            "gross_margin_4q_avg": 0,
            "net_income": null,
            "net_income_4q": null,
            "revenue": null,
            "revenue_4q": null,
            "common_shares": null,
            "book_valuer_per_share": null,
            "book_valuer_per_share_4q_avg": 0,
            "equity": null,
            "current_ratio": null,
            "debt_ratio": null,
            "inventory_turnover_ratio": null,
            "account_receivable_turnover_ratio": null,
            "reinvestment_rate": null,
            "research_to_sale_ratio": null,
            "price_fair": 0,
            "eps_avg_yearly": 0,
            "eps_latest_yearly": 0,
            "eps_growth_yearly": 0
        },
        "20023": {
            "year_quarter": 20023,
            "year": 2002,
            "quarter": 3,
            "eps": null,
            "eps_growth_year": null,
            "eps_4q": null,
            "eps_4q_growth_year": null,
            "roe": null,
            "roe_4q": 0,
            "gross_profit": null,
            "gross_margin": null,
            "gross_margin_4q_avg": 0,
            "net_income": null,
            "net_income_4q": null,
            "revenue": null,
            "revenue_4q": null,
            "common_shares": null,
            "book_valuer_per_share": null,
            "book_valuer_per_share_4q_avg": 0,
            "equity": null,
            "current_ratio": null,
            "debt_ratio": null,
            "inventory_turnover_ratio": null,
            "account_receivable_turnover_ratio": null,
            "reinvestment_rate": null,
            "research_to_sale_ratio": null,
            "price_fair": 0,
            "eps_avg_yearly": 0,
            "eps_latest_yearly": 0,
            "eps_growth_yearly": 0
        },
        "20024": {
            "year_quarter": 20024,
            "year": 2002,
            "quarter": 4,
            "eps": null,
            "eps_growth_year": null,
            "eps_4q": null,
            "eps_4q_growth_year": null,
            "roe": null,
            "roe_4q": 0,
            "gross_profit": null,
            "gross_margin": null,
            "gross_margin_4q_avg": 0,
            "net_income": null,
            "net_income_4q": null,
            "revenue": null,
            "revenue_4q": null,
            "common_shares": null,
            "book_valuer_per_share": null,
            "book_valuer_per_share_4q_avg": 0,
            "equity": null,
            "current_ratio": null,
            "debt_ratio": null,
            "inventory_turnover_ratio": null,
            "account_receivable_turnover_ratio": null,
            "reinvestment_rate": null,
            "research_to_sale_ratio": null,
            "price_fair": 0,
            "eps_avg_yearly": 0,
            "eps_latest_yearly": 0,
            "eps_growth_yearly": 0
        },
        "20031": {
            "year_quarter": 20031,
            "year": 2003,
            "quarter": 1,
            "eps": null,
            "eps_growth_year": null,
            "eps_4q": null,
            "eps_4q_growth_year": null,
            "roe": null,
            "roe_4q": 0,
            "gross_profit": null,
            "gross_margin": null,
            "gross_margin_4q_avg": 0,
            "net_income": null,
            "net_income_4q": null,
            "revenue": null,
            "revenue_4q": null,
            "common_shares": null,
            "book_valuer_per_share": null,
            "book_valuer_per_share_4q_avg": 0,
            "equity": null,
            "current_ratio": null,
            "debt_ratio": null,
            "inventory_turnover_ratio": null,
            "account_receivable_turnover_ratio": null,
            "reinvestment_rate": null,
            "research_to_sale_ratio": null,
            "price_fair": 0,
            "eps_avg_yearly": 0,
            "eps_latest_yearly": 0,
            "eps_growth_yearly": 0
        },
        "20032": {
            "year_quarter": 20032,
            "year": 2003,
            "quarter": 2,
            "eps": null,
            "eps_growth_year": null,
            "eps_4q": null,
            "eps_4q_growth_year": null,
            "roe": null,
            "roe_4q": 0,
            "gross_profit": null,
            "gross_margin": null,
            "gross_margin_4q_avg": 0,
            "net_income": null,
            "net_income_4q": null,
            "revenue": null,
            "revenue_4q": null,
            "common_shares": null,
            "book_valuer_per_share": null,
            "book_valuer_per_share_4q_avg": 0,
            "equity": null,
            "current_ratio": null,
            "debt_ratio": null,
            "inventory_turnover_ratio": null,
            "account_receivable_turnover_ratio": null,
            "reinvestment_rate": null,
            "research_to_sale_ratio": null,
            "price_fair": 0,
            "eps_avg_yearly": 0,
            "eps_latest_yearly": 0,
            "eps_growth_yearly": 0
        },
        "20033": {
            "year_quarter": 20033,
            "year": 2003,
            "quarter": 3,
            "eps": null,
            "eps_growth_year": null,
            "eps_4q": null,
            "eps_4q_growth_year": null,
            "roe": null,
            "roe_4q": 0,
            "gross_profit": null,
            "gross_margin": null,
            "gross_margin_4q_avg": 0,
            "net_income": null,
            "net_income_4q": null,
            "revenue": null,
            "revenue_4q": null,
            "common_shares": null,
            "book_valuer_per_share": null,
            "book_valuer_per_share_4q_avg": 0,
            "equity": null,
            "current_ratio": null,
            "debt_ratio": null,
            "inventory_turnover_ratio": null,
            "account_receivable_turnover_ratio": null,
            "reinvestment_rate": null,
            "research_to_sale_ratio": null,
            "price_fair": 0,
            "eps_avg_yearly": 0,
            "eps_latest_yearly": 0,
            "eps_growth_yearly": 0
        },
        "20034": {
            "year_quarter": 20034,
            "year": 2003,
            "quarter": 4,
            "eps": null,
            "eps_growth_year": null,
            "eps_4q": null,
            "eps_4q_growth_year": null,
            "roe": null,
            "roe_4q": 0,
            "gross_profit": null,
            "gross_margin": null,
            "gross_margin_4q_avg": 0,
            "net_income": null,
            "net_income_4q": null,
            "revenue": null,
            "revenue_4q": null,
            "common_shares": null,
            "book_valuer_per_share": null,
            "book_valuer_per_share_4q_avg": 0,
            "equity": null,
            "current_ratio": null,
            "debt_ratio": null,
            "inventory_turnover_ratio": null,
            "account_receivable_turnover_ratio": null,
            "reinvestment_rate": null,
            "research_to_sale_ratio": null,
            "price_fair": 0,
            "eps_avg_yearly": 0,
            "eps_latest_yearly": 0,
            "eps_growth_yearly": 0
        },
        "20041": {
            "year_quarter": 20041,
            "year": 2004,
            "quarter": 1,
            "eps": null,
            "eps_growth_year": null,
            "eps_4q": null,
            "eps_4q_growth_year": null,
            "roe": null,
            "roe_4q": 0,
            "gross_profit": null,
            "gross_margin": null,
            "gross_margin_4q_avg": 0,
            "net_income": null,
            "net_income_4q": null,
            "revenue": null,
            "revenue_4q": null,
            "common_shares": null,
            "book_valuer_per_share": null,
            "book_valuer_per_share_4q_avg": 0,
            "equity": null,
            "current_ratio": null,
            "debt_ratio": null,
            "inventory_turnover_ratio": null,
            "account_receivable_turnover_ratio": null,
            "reinvestment_rate": null,
            "research_to_sale_ratio": null,
            "price_fair": 0,
            "eps_avg_yearly": 0,
            "eps_latest_yearly": 0,
            "eps_growth_yearly": 0
        },
        "20042": {
            "year_quarter": 20042,
            "year": 2004,
            "quarter": 2,
            "eps": null,
            "eps_growth_year": null,
            "eps_4q": null,
            "eps_4q_growth_year": null,
            "roe": null,
            "roe_4q": 0,
            "gross_profit": null,
            "gross_margin": null,
            "gross_margin_4q_avg": 0,
            "net_income": null,
            "net_income_4q": null,
            "revenue": null,
            "revenue_4q": null,
            "common_shares": null,
            "book_valuer_per_share": null,
            "book_valuer_per_share_4q_avg": 0,
            "equity": null,
            "current_ratio": null,
            "debt_ratio": null,
            "inventory_turnover_ratio": null,
            "account_receivable_turnover_ratio": null,
            "reinvestment_rate": null,
            "research_to_sale_ratio": null,
            "price_fair": 0,
            "eps_avg_yearly": 0,
            "eps_latest_yearly": 0,
            "eps_growth_yearly": 0
        },
        "20043": {
            "year_quarter": 20043,
            "year": 2004,
            "quarter": 3,
            "eps": null,
            "eps_growth_year": null,
            "eps_4q": null,
            "eps_4q_growth_year": null,
            "roe": null,
            "roe_4q": 0,
            "gross_profit": null,
            "gross_margin": null,
            "gross_margin_4q_avg": 0,
            "net_income": null,
            "net_income_4q": null,
            "revenue": null,
            "revenue_4q": null,
            "common_shares": null,
            "book_valuer_per_share": null,
            "book_valuer_per_share_4q_avg": 0,
            "equity": null,
            "current_ratio": null,
            "debt_ratio": null,
            "inventory_turnover_ratio": null,
            "account_receivable_turnover_ratio": null,
            "reinvestment_rate": null,
            "research_to_sale_ratio": null,
            "price_fair": 0,
            "eps_avg_yearly": 0,
            "eps_latest_yearly": 0,
            "eps_growth_yearly": 0
        },
        "20044": {
            "year_quarter": 20044,
            "year": 2004,
            "quarter": 4,
            "eps": null,
            "eps_growth_year": null,
            "eps_4q": null,
            "eps_4q_growth_year": null,
            "roe": null,
            "roe_4q": 0,
            "gross_profit": null,
            "gross_margin": null,
            "gross_margin_4q_avg": 0,
            "net_income": null,
            "net_income_4q": null,
            "revenue": null,
            "revenue_4q": null,
            "common_shares": null,
            "book_valuer_per_share": null,
            "book_valuer_per_share_4q_avg": 0,
            "equity": null,
            "current_ratio": null,
            "debt_ratio": null,
            "inventory_turnover_ratio": null,
            "account_receivable_turnover_ratio": null,
            "reinvestment_rate": null,
            "research_to_sale_ratio": null,
            "price_fair": 0,
            "eps_avg_yearly": 0,
            "eps_latest_yearly": 0,
            "eps_growth_yearly": 0
        },
        "20051": {
            "year_quarter": 20051,
            "year": 2005,
            "quarter": 1,
            "eps": null,
            "eps_growth_year": null,
            "eps_4q": null,
            "eps_4q_growth_year": null,
            "roe": null,
            "roe_4q": 0,
            "gross_profit": null,
            "gross_margin": null,
            "gross_margin_4q_avg": 0,
            "net_income": null,
            "net_income_4q": null,
            "revenue": null,
            "revenue_4q": null,
            "common_shares": null,
            "book_valuer_per_share": null,
            "book_valuer_per_share_4q_avg": 0,
            "equity": null,
            "current_ratio": null,
            "debt_ratio": null,
            "inventory_turnover_ratio": null,
            "account_receivable_turnover_ratio": null,
            "reinvestment_rate": null,
            "research_to_sale_ratio": null,
            "price_fair": 0,
            "eps_avg_yearly": 0,
            "eps_latest_yearly": 0,
            "eps_growth_yearly": 0
        },
        "20052": {
            "year_quarter": 20052,
            "year": 2005,
            "quarter": 2,
            "eps": null,
            "eps_growth_year": null,
            "eps_4q": null,
            "eps_4q_growth_year": null,
            "roe": null,
            "roe_4q": 0,
            "gross_profit": null,
            "gross_margin": null,
            "gross_margin_4q_avg": 0,
            "net_income": null,
            "net_income_4q": null,
            "revenue": null,
            "revenue_4q": null,
            "common_shares": null,
            "book_valuer_per_share": null,
            "book_valuer_per_share_4q_avg": 0,
            "equity": null,
            "current_ratio": null,
            "debt_ratio": null,
            "inventory_turnover_ratio": null,
            "account_receivable_turnover_ratio": null,
            "reinvestment_rate": null,
            "research_to_sale_ratio": null,
            "price_fair": 0,
            "eps_avg_yearly": 0,
            "eps_latest_yearly": 0,
            "eps_growth_yearly": 0
        },
        "20053": {
            "year_quarter": 20053,
            "year": 2005,
            "quarter": 3,
            "eps": null,
            "eps_growth_year": null,
            "eps_4q": null,
            "eps_4q_growth_year": null,
            "roe": null,
            "roe_4q": 0,
            "gross_profit": null,
            "gross_margin": null,
            "gross_margin_4q_avg": 0,
            "net_income": null,
            "net_income_4q": null,
            "revenue": null,
            "revenue_4q": null,
            "common_shares": null,
            "book_valuer_per_share": null,
            "book_valuer_per_share_4q_avg": 0,
            "equity": null,
            "current_ratio": null,
            "debt_ratio": null,
            "inventory_turnover_ratio": null,
            "account_receivable_turnover_ratio": null,
            "reinvestment_rate": null,
            "research_to_sale_ratio": null,
            "price_fair": 0,
            "eps_avg_yearly": 0,
            "eps_latest_yearly": 0,
            "eps_growth_yearly": 0
        },
        "20054": {
            "year_quarter": 20054,
            "year": 2005,
            "quarter": 4,
            "eps": null,
            "eps_growth_year": null,
            "eps_4q": null,
            "eps_4q_growth_year": null,
            "roe": null,
            "roe_4q": 0,
            "gross_profit": null,
            "gross_margin": null,
            "gross_margin_4q_avg": 0,
            "net_income": null,
            "net_income_4q": null,
            "revenue": null,
            "revenue_4q": null,
            "common_shares": null,
            "book_valuer_per_share": null,
            "book_valuer_per_share_4q_avg": 0,
            "equity": null,
            "current_ratio": null,
            "debt_ratio": null,
            "inventory_turnover_ratio": null,
            "account_receivable_turnover_ratio": null,
            "reinvestment_rate": null,
            "research_to_sale_ratio": null,
            "price_fair": 0,
            "eps_avg_yearly": 0,
            "eps_latest_yearly": 0,
            "eps_growth_yearly": 0
        },
        "20061": {
            "year_quarter": 20061,
            "year": 2006,
            "quarter": 1,
            "eps": null,
            "eps_growth_year": null,
            "eps_4q": null,
            "eps_4q_growth_year": null,
            "roe": null,
            "roe_4q": 0,
            "gross_profit": null,
            "gross_margin": null,
            "gross_margin_4q_avg": 0,
            "net_income": null,
            "net_income_4q": null,
            "revenue": null,
            "revenue_4q": null,
            "common_shares": null,
            "book_valuer_per_share": null,
            "book_valuer_per_share_4q_avg": 0,
            "equity": null,
            "current_ratio": null,
            "debt_ratio": null,
            "inventory_turnover_ratio": null,
            "account_receivable_turnover_ratio": null,
            "reinvestment_rate": null,
            "research_to_sale_ratio": null,
            "price_fair": 0,
            "eps_avg_yearly": 0,
            "eps_latest_yearly": 0,
            "eps_growth_yearly": 0
        },
        "20062": {
            "year_quarter": 20062,
            "year": 2006,
            "quarter": 2,
            "eps": null,
            "eps_growth_year": null,
            "eps_4q": null,
            "eps_4q_growth_year": null,
            "roe": null,
            "roe_4q": 0,
            "gross_profit": null,
            "gross_margin": null,
            "gross_margin_4q_avg": 0,
            "net_income": null,
            "net_income_4q": null,
            "revenue": null,
            "revenue_4q": null,
            "common_shares": null,
            "book_valuer_per_share": null,
            "book_valuer_per_share_4q_avg": 0,
            "equity": null,
            "current_ratio": null,
            "debt_ratio": null,
            "inventory_turnover_ratio": null,
            "account_receivable_turnover_ratio": null,
            "reinvestment_rate": null,
            "research_to_sale_ratio": null,
            "price_fair": 0,
            "eps_avg_yearly": 0,
            "eps_latest_yearly": 0,
            "eps_growth_yearly": 0
        },
        "20063": {
            "year_quarter": 20063,
            "year": 2006,
            "quarter": 3,
            "eps": null,
            "eps_growth_year": null,
            "eps_4q": null,
            "eps_4q_growth_year": null,
            "roe": null,
            "roe_4q": 0,
            "gross_profit": null,
            "gross_margin": null,
            "gross_margin_4q_avg": 0,
            "net_income": null,
            "net_income_4q": null,
            "revenue": null,
            "revenue_4q": null,
            "common_shares": null,
            "book_valuer_per_share": null,
            "book_valuer_per_share_4q_avg": 0,
            "equity": null,
            "current_ratio": null,
            "debt_ratio": null,
            "inventory_turnover_ratio": null,
            "account_receivable_turnover_ratio": null,
            "reinvestment_rate": null,
            "research_to_sale_ratio": null,
            "price_fair": 0,
            "eps_avg_yearly": 0,
            "eps_latest_yearly": 0,
            "eps_growth_yearly": 0
        },
        "20064": {
            "year_quarter": 20064,
            "year": 2006,
            "quarter": 4,
            "eps": null,
            "eps_growth_year": null,
            "eps_4q": null,
            "eps_4q_growth_year": null,
            "roe": null,
            "roe_4q": 0,
            "gross_profit": null,
            "gross_margin": null,
            "gross_margin_4q_avg": 0,
            "net_income": null,
            "net_income_4q": null,
            "revenue": null,
            "revenue_4q": null,
            "common_shares": 174420,
            "book_valuer_per_share": 6.96,
            "book_valuer_per_share_4q_avg": 1.74,
            "equity": 121325,
            "current_ratio": 1349.04,
            "debt_ratio": 8.77,
            "inventory_turnover_ratio": null,
            "account_receivable_turnover_ratio": null,
            "reinvestment_rate": null,
            "research_to_sale_ratio": null,
            "price_fair": 0,
            "eps_avg_yearly": 0,
            "eps_latest_yearly": 0,
            "eps_growth_yearly": 0
        },
        "20071": {
            "year_quarter": 20071,
            "year": 2007,
            "quarter": 1,
            "eps": null,
            "eps_growth_year": null,
            "eps_4q": null,
            "eps_4q_growth_year": null,
            "roe": null,
            "roe_4q": 0,
            "gross_profit": null,
            "gross_margin": null,
            "gross_margin_4q_avg": 0,
            "net_income": null,
            "net_income_4q": null,
            "revenue": null,
            "revenue_4q": null,
            "common_shares": null,
            "book_valuer_per_share": null,
            "book_valuer_per_share_4q_avg": 1.74,
            "equity": null,
            "current_ratio": null,
            "debt_ratio": null,
            "inventory_turnover_ratio": null,
            "account_receivable_turnover_ratio": null,
            "reinvestment_rate": null,
            "research_to_sale_ratio": null,
            "price_fair": 0,
            "eps_avg_yearly": 0,
            "eps_latest_yearly": 0,
            "eps_growth_yearly": 0
        },
        "20072": {
            "year_quarter": 20072,
            "year": 2007,
            "quarter": 2,
            "eps": null,
            "eps_growth_year": null,
            "eps_4q": null,
            "eps_4q_growth_year": null,
            "roe": null,
            "roe_4q": 0,
            "gross_profit": null,
            "gross_margin": null,
            "gross_margin_4q_avg": 0,
            "net_income": null,
            "net_income_4q": null,
            "revenue": null,
            "revenue_4q": null,
            "common_shares": null,
            "book_valuer_per_share": null,
            "book_valuer_per_share_4q_avg": 1.74,
            "equity": null,
            "current_ratio": null,
            "debt_ratio": null,
            "inventory_turnover_ratio": null,
            "account_receivable_turnover_ratio": null,
            "reinvestment_rate": null,
            "research_to_sale_ratio": null,
            "price_fair": 0,
            "eps_avg_yearly": 0,
            "eps_latest_yearly": 0,
            "eps_growth_yearly": 0
        },
        "20073": {
            "year_quarter": 20073,
            "year": 2007,
            "quarter": 3,
            "eps": null,
            "eps_growth_year": null,
            "eps_4q": null,
            "eps_4q_growth_year": null,
            "roe": null,
            "roe_4q": 0,
            "gross_profit": null,
            "gross_margin": null,
            "gross_margin_4q_avg": 0,
            "net_income": null,
            "net_income_4q": null,
            "revenue": null,
            "revenue_4q": null,
            "common_shares": null,
            "book_valuer_per_share": null,
            "book_valuer_per_share_4q_avg": 1.74,
            "equity": null,
            "current_ratio": null,
            "debt_ratio": null,
            "inventory_turnover_ratio": null,
            "account_receivable_turnover_ratio": null,
            "reinvestment_rate": null,
            "research_to_sale_ratio": null,
            "price_fair": 0,
            "eps_avg_yearly": 0,
            "eps_latest_yearly": 0,
            "eps_growth_yearly": 0
        },
        "20074": {
            "year_quarter": 20074,
            "year": 2007,
            "quarter": 4,
            "eps": null,
            "eps_growth_year": null,
            "eps_4q": null,
            "eps_4q_growth_year": null,
            "roe": null,
            "roe_4q": 0,
            "gross_profit": null,
            "gross_margin": null,
            "gross_margin_4q_avg": 0,
            "net_income": null,
            "net_income_4q": null,
            "revenue": null,
            "revenue_4q": null,
            "common_shares": 174420,
            "book_valuer_per_share": 5.36,
            "book_valuer_per_share_4q_avg": 1.34,
            "equity": 93531,
            "current_ratio": 1174.47,
            "debt_ratio": 8.62,
            "inventory_turnover_ratio": null,
            "account_receivable_turnover_ratio": null,
            "reinvestment_rate": null,
            "research_to_sale_ratio": null,
            "price_fair": 0,
            "eps_avg_yearly": 0,
            "eps_latest_yearly": 0,
            "eps_growth_yearly": 0
        },
        "20081": {
            "year_quarter": 20081,
            "year": 2008,
            "quarter": 1,
            "eps": null,
            "eps_growth_year": null,
            "eps_4q": null,
            "eps_4q_growth_year": null,
            "roe": null,
            "roe_4q": 0,
            "gross_profit": null,
            "gross_margin": null,
            "gross_margin_4q_avg": 0,
            "net_income": null,
            "net_income_4q": null,
            "revenue": null,
            "revenue_4q": null,
            "common_shares": null,
            "book_valuer_per_share": null,
            "book_valuer_per_share_4q_avg": 1.34,
            "equity": null,
            "current_ratio": null,
            "debt_ratio": null,
            "inventory_turnover_ratio": null,
            "account_receivable_turnover_ratio": null,
            "reinvestment_rate": null,
            "research_to_sale_ratio": null,
            "price_fair": 0,
            "eps_avg_yearly": 0,
            "eps_latest_yearly": 0,
            "eps_growth_yearly": 0
        },
        "20082": {
            "year_quarter": 20082,
            "year": 2008,
            "quarter": 2,
            "eps": null,
            "eps_growth_year": null,
            "eps_4q": null,
            "eps_4q_growth_year": null,
            "roe": null,
            "roe_4q": 0,
            "gross_profit": null,
            "gross_margin": null,
            "gross_margin_4q_avg": 0,
            "net_income": null,
            "net_income_4q": null,
            "revenue": null,
            "revenue_4q": null,
            "common_shares": null,
            "book_valuer_per_share": null,
            "book_valuer_per_share_4q_avg": 1.34,
            "equity": null,
            "current_ratio": null,
            "debt_ratio": null,
            "inventory_turnover_ratio": null,
            "account_receivable_turnover_ratio": null,
            "reinvestment_rate": null,
            "research_to_sale_ratio": null,
            "price_fair": 0,
            "eps_avg_yearly": 0,
            "eps_latest_yearly": 0,
            "eps_growth_yearly": 0
        },
        "20083": {
            "year_quarter": 20083,
            "year": 2008,
            "quarter": 3,
            "eps": null,
            "eps_growth_year": null,
            "eps_4q": null,
            "eps_4q_growth_year": null,
            "roe": null,
            "roe_4q": 0,
            "gross_profit": null,
            "gross_margin": null,
            "gross_margin_4q_avg": 0,
            "net_income": null,
            "net_income_4q": null,
            "revenue": null,
            "revenue_4q": null,
            "common_shares": null,
            "book_valuer_per_share": null,
            "book_valuer_per_share_4q_avg": 1.34,
            "equity": null,
            "current_ratio": null,
            "debt_ratio": null,
            "inventory_turnover_ratio": null,
            "account_receivable_turnover_ratio": null,
            "reinvestment_rate": null,
            "research_to_sale_ratio": null,
            "price_fair": 0,
            "eps_avg_yearly": 0,
            "eps_latest_yearly": 0,
            "eps_growth_yearly": 0
        },
        "20084": {
            "year_quarter": 20084,
            "year": 2008,
            "quarter": 4,
            "eps": null,
            "eps_growth_year": null,
            "eps_4q": null,
            "eps_4q_growth_year": null,
            "roe": null,
            "roe_4q": 0,
            "gross_profit": null,
            "gross_margin": null,
            "gross_margin_4q_avg": 0,
            "net_income": null,
            "net_income_4q": null,
            "revenue": null,
            "revenue_4q": null,
            "common_shares": 174420,
            "book_valuer_per_share": 6.57,
            "book_valuer_per_share_4q_avg": 1.64,
            "equity": 114571,
            "current_ratio": 901.72,
            "debt_ratio": 9.15,
            "inventory_turnover_ratio": null,
            "account_receivable_turnover_ratio": null,
            "reinvestment_rate": null,
            "research_to_sale_ratio": null,
            "price_fair": 0,
            "eps_avg_yearly": 0,
            "eps_latest_yearly": 0,
            "eps_growth_yearly": 0
        },
        "20091": {
            "year_quarter": 20091,
            "year": 2009,
            "quarter": 1,
            "eps": null,
            "eps_growth_year": null,
            "eps_4q": null,
            "eps_4q_growth_year": null,
            "roe": null,
            "roe_4q": 0,
            "gross_profit": null,
            "gross_margin": null,
            "gross_margin_4q_avg": 0,
            "net_income": null,
            "net_income_4q": null,
            "revenue": null,
            "revenue_4q": null,
            "common_shares": null,
            "book_valuer_per_share": null,
            "book_valuer_per_share_4q_avg": 1.64,
            "equity": null,
            "current_ratio": null,
            "debt_ratio": null,
            "inventory_turnover_ratio": null,
            "account_receivable_turnover_ratio": null,
            "reinvestment_rate": null,
            "research_to_sale_ratio": null,
            "price_fair": 0,
            "eps_avg_yearly": 0,
            "eps_latest_yearly": 0,
            "eps_growth_yearly": 0
        },
        "20092": {
            "year_quarter": 20092,
            "year": 2009,
            "quarter": 2,
            "eps": null,
            "eps_growth_year": null,
            "eps_4q": null,
            "eps_4q_growth_year": null,
            "roe": null,
            "roe_4q": 0,
            "gross_profit": null,
            "gross_margin": null,
            "gross_margin_4q_avg": 0,
            "net_income": null,
            "net_income_4q": null,
            "revenue": null,
            "revenue_4q": null,
            "common_shares": null,
            "book_valuer_per_share": null,
            "book_valuer_per_share_4q_avg": 1.64,
            "equity": null,
            "current_ratio": null,
            "debt_ratio": null,
            "inventory_turnover_ratio": null,
            "account_receivable_turnover_ratio": null,
            "reinvestment_rate": null,
            "research_to_sale_ratio": null,
            "price_fair": 0,
            "eps_avg_yearly": 0,
            "eps_latest_yearly": 0,
            "eps_growth_yearly": 0
        },
        "20093": {
            "year_quarter": 20093,
            "year": 2009,
            "quarter": 3,
            "eps": null,
            "eps_growth_year": null,
            "eps_4q": null,
            "eps_4q_growth_year": null,
            "roe": null,
            "roe_4q": 0,
            "gross_profit": null,
            "gross_margin": null,
            "gross_margin_4q_avg": 0,
            "net_income": null,
            "net_income_4q": null,
            "revenue": null,
            "revenue_4q": null,
            "common_shares": null,
            "book_valuer_per_share": null,
            "book_valuer_per_share_4q_avg": 1.64,
            "equity": null,
            "current_ratio": null,
            "debt_ratio": null,
            "inventory_turnover_ratio": null,
            "account_receivable_turnover_ratio": null,
            "reinvestment_rate": null,
            "research_to_sale_ratio": null,
            "price_fair": 0,
            "eps_avg_yearly": 0,
            "eps_latest_yearly": 0,
            "eps_growth_yearly": 0
        },
        "20094": {
            "year_quarter": 20094,
            "year": 2009,
            "quarter": 4,
            "eps": null,
            "eps_growth_year": null,
            "eps_4q": null,
            "eps_4q_growth_year": null,
            "roe": null,
            "roe_4q": 0,
            "gross_profit": null,
            "gross_margin": null,
            "gross_margin_4q_avg": 0,
            "net_income": null,
            "net_income_4q": null,
            "revenue": null,
            "revenue_4q": null,
            "common_shares": 174420,
            "book_valuer_per_share": 7.74,
            "book_valuer_per_share_4q_avg": 1.94,
            "equity": 134919,
            "current_ratio": 760.08,
            "debt_ratio": 14.81,
            "inventory_turnover_ratio": null,
            "account_receivable_turnover_ratio": null,
            "reinvestment_rate": null,
            "research_to_sale_ratio": null,
            "price_fair": 0,
            "eps_avg_yearly": 0,
            "eps_latest_yearly": 0,
            "eps_growth_yearly": 0
        },
        "20101": {
            "year_quarter": 20101,
            "year": 2010,
            "quarter": 1,
            "eps": null,
            "eps_growth_year": null,
            "eps_4q": null,
            "eps_4q_growth_year": null,
            "roe": null,
            "roe_4q": 0,
            "gross_profit": null,
            "gross_margin": null,
            "gross_margin_4q_avg": 0,
            "net_income": null,
            "net_income_4q": null,
            "revenue": null,
            "revenue_4q": null,
            "common_shares": null,
            "book_valuer_per_share": null,
            "book_valuer_per_share_4q_avg": 1.94,
            "equity": null,
            "current_ratio": null,
            "debt_ratio": null,
            "inventory_turnover_ratio": null,
            "account_receivable_turnover_ratio": null,
            "reinvestment_rate": null,
            "research_to_sale_ratio": null,
            "price_fair": 0,
            "eps_avg_yearly": 0,
            "eps_latest_yearly": 0,
            "eps_growth_yearly": 0
        },
        "20102": {
            "year_quarter": 20102,
            "year": 2010,
            "quarter": 2,
            "eps": null,
            "eps_growth_year": null,
            "eps_4q": null,
            "eps_4q_growth_year": null,
            "roe": null,
            "roe_4q": 0,
            "gross_profit": null,
            "gross_margin": null,
            "gross_margin_4q_avg": 0,
            "net_income": null,
            "net_income_4q": null,
            "revenue": null,
            "revenue_4q": null,
            "common_shares": null,
            "book_valuer_per_share": null,
            "book_valuer_per_share_4q_avg": 1.94,
            "equity": null,
            "current_ratio": null,
            "debt_ratio": null,
            "inventory_turnover_ratio": null,
            "account_receivable_turnover_ratio": null,
            "reinvestment_rate": null,
            "research_to_sale_ratio": null,
            "price_fair": 0,
            "eps_avg_yearly": 0,
            "eps_latest_yearly": 0,
            "eps_growth_yearly": 0
        },
        "20103": {
            "year_quarter": 20103,
            "year": 2010,
            "quarter": 3,
            "eps": null,
            "eps_growth_year": null,
            "eps_4q": null,
            "eps_4q_growth_year": null,
            "roe": null,
            "roe_4q": 0,
            "gross_profit": null,
            "gross_margin": null,
            "gross_margin_4q_avg": 0,
            "net_income": null,
            "net_income_4q": null,
            "revenue": null,
            "revenue_4q": null,
            "common_shares": null,
            "book_valuer_per_share": null,
            "book_valuer_per_share_4q_avg": 1.94,
            "equity": null,
            "current_ratio": null,
            "debt_ratio": null,
            "inventory_turnover_ratio": null,
            "account_receivable_turnover_ratio": null,
            "reinvestment_rate": null,
            "research_to_sale_ratio": null,
            "price_fair": 0,
            "eps_avg_yearly": 0,
            "eps_latest_yearly": 0,
            "eps_growth_yearly": 0
        },
        "20104": {
            "year_quarter": 20104,
            "year": 2010,
            "quarter": 4,
            "eps": null,
            "eps_growth_year": null,
            "eps_4q": null,
            "eps_4q_growth_year": null,
            "roe": null,
            "roe_4q": 0,
            "gross_profit": null,
            "gross_margin": null,
            "gross_margin_4q_avg": 0,
            "net_income": null,
            "net_income_4q": null,
            "revenue": null,
            "revenue_4q": null,
            "common_shares": 196120,
            "book_valuer_per_share": 6.88,
            "book_valuer_per_share_4q_avg": 1.72,
            "equity": 134833,
            "current_ratio": 934.01,
            "debt_ratio": 11.28,
            "inventory_turnover_ratio": null,
            "account_receivable_turnover_ratio": null,
            "reinvestment_rate": null,
            "research_to_sale_ratio": null,
            "price_fair": 0,
            "eps_avg_yearly": 0,
            "eps_latest_yearly": 0,
            "eps_growth_yearly": 0
        },
        "20111": {
            "year_quarter": 20111,
            "year": 2011,
            "quarter": 1,
            "eps": null,
            "eps_growth_year": null,
            "eps_4q": null,
            "eps_4q_growth_year": null,
            "roe": null,
            "roe_4q": 0,
            "gross_profit": null,
            "gross_margin": null,
            "gross_margin_4q_avg": 0,
            "net_income": null,
            "net_income_4q": null,
            "revenue": null,
            "revenue_4q": null,
            "common_shares": null,
            "book_valuer_per_share": null,
            "book_valuer_per_share_4q_avg": 1.72,
            "equity": null,
            "current_ratio": null,
            "debt_ratio": null,
            "inventory_turnover_ratio": null,
            "account_receivable_turnover_ratio": null,
            "reinvestment_rate": null,
            "research_to_sale_ratio": null,
            "price_fair": 0,
            "eps_avg_yearly": 0,
            "eps_latest_yearly": 0,
            "eps_growth_yearly": 0
        },
        "20112": {
            "year_quarter": 20112,
            "year": 2011,
            "quarter": 2,
            "eps": null,
            "eps_growth_year": null,
            "eps_4q": null,
            "eps_4q_growth_year": null,
            "roe": null,
            "roe_4q": 0,
            "gross_profit": null,
            "gross_margin": null,
            "gross_margin_4q_avg": 0,
            "net_income": null,
            "net_income_4q": null,
            "revenue": null,
            "revenue_4q": null,
            "common_shares": 213560,
            "book_valuer_per_share": null,
            "book_valuer_per_share_4q_avg": 1.72,
            "equity": 153429,
            "current_ratio": null,
            "debt_ratio": null,
            "inventory_turnover_ratio": null,
            "account_receivable_turnover_ratio": null,
            "reinvestment_rate": null,
            "research_to_sale_ratio": null,
            "price_fair": 0,
            "eps_avg_yearly": 0,
            "eps_latest_yearly": 0,
            "eps_growth_yearly": 0
        },
        "20113": {
            "year_quarter": 20113,
            "year": 2011,
            "quarter": 3,
            "eps": null,
            "eps_growth_year": null,
            "eps_4q": null,
            "eps_4q_growth_year": null,
            "roe": null,
            "roe_4q": 0,
            "gross_profit": 29132,
            "gross_margin": null,
            "gross_margin_4q_avg": 0,
            "net_income": 19943,
            "net_income_4q": null,
            "revenue": 49453,
            "revenue_4q": null,
            "common_shares": 226260,
            "book_valuer_per_share": 9.35,
            "book_valuer_per_share_4q_avg": 4.06,
            "equity": 211472,
            "current_ratio": 479.58,
            "debt_ratio": 19.9,
            "inventory_turnover_ratio": null,
            "account_receivable_turnover_ratio": null,
            "reinvestment_rate": null,
            "research_to_sale_ratio": null,
            "price_fair": 0,
            "eps_avg_yearly": 0,
            "eps_latest_yearly": 0,
            "eps_growth_yearly": 0
        },
        "20114": {
            "year_quarter": 20114,
            "year": 2011,
            "quarter": 4,
            "eps": null,
            "eps_growth_year": null,
            "eps_4q": null,
            "eps_4q_growth_year": null,
            "roe": null,
            "roe_4q": 0,
            "gross_profit": 39812,
            "gross_margin": null,
            "gross_margin_4q_avg": 0,
            "net_income": 15614,
            "net_income_4q": null,
            "revenue": 59260,
            "revenue_4q": null,
            "common_shares": 226260,
            "book_valuer_per_share": 10.01,
            "book_valuer_per_share_4q_avg": 4.84,
            "equity": 226421,
            "current_ratio": 585.61,
            "debt_ratio": 16.92,
            "inventory_turnover_ratio": null,
            "account_receivable_turnover_ratio": null,
            "reinvestment_rate": null,
            "research_to_sale_ratio": null,
            "price_fair": 0,
            "eps_avg_yearly": 0,
            "eps_latest_yearly": 0,
            "eps_growth_yearly": 0
        },
        "20121": {
            "year_quarter": 20121,
            "year": 2012,
            "quarter": 1,
            "eps": null,
            "eps_growth_year": null,
            "eps_4q": null,
            "eps_4q_growth_year": null,
            "roe": null,
            "roe_4q": 0,
            "gross_profit": 27958,
            "gross_margin": null,
            "gross_margin_4q_avg": 0,
            "net_income": 7892,
            "net_income_4q": null,
            "revenue": 49329,
            "revenue_4q": null,
            "common_shares": 226260,
            "book_valuer_per_share": 10.36,
            "book_valuer_per_share_4q_avg": 7.43,
            "equity": 234313,
            "current_ratio": 536.68,
            "debt_ratio": 16.54,
            "inventory_turnover_ratio": null,
            "account_receivable_turnover_ratio": null,
            "reinvestment_rate": null,
            "research_to_sale_ratio": null,
            "price_fair": 0,
            "eps_avg_yearly": 0,
            "eps_latest_yearly": 0,
            "eps_growth_yearly": 0
        },
        "20122": {
            "year_quarter": 20122,
            "year": 2012,
            "quarter": 2,
            "eps": 0.31,
            "eps_growth_year": null,
            "eps_4q": 0.31,
            "eps_4q_growth_year": null,
            "roe": 2.92,
            "roe_4q": 2.92,
            "gross_profit": 32903,
            "gross_margin": 56.92,
            "gross_margin_4q_avg": 14.23,
            "net_income": 6945,
            "net_income_4q": null,
            "revenue": 57804,
            "revenue_4q": null,
            "common_shares": 226260,
            "book_valuer_per_share": 10.66,
            "book_valuer_per_share_4q_avg": 10.1,
            "equity": 241258,
            "current_ratio": 603.43,
            "debt_ratio": 14.42,
            "inventory_turnover_ratio": 1.47,
            "account_receivable_turnover_ratio": 17.23,
            "reinvestment_rate": null,
            "research_to_sale_ratio": null,
            "price_fair": 0,
            "eps_avg_yearly": 0,
            "eps_latest_yearly": 0,
            "eps_growth_yearly": 0
        },
        "20123": {
            "year_quarter": 20123,
            "year": 2012,
            "quarter": 3,
            "eps": 0.83,
            "eps_growth_year": null,
            "eps_4q": 1.13,
            "eps_4q_growth_year": null,
            "roe": 7.47,
            "roe_4q": 10.39,
            "gross_profit": 41600,
            "gross_margin": 50.92,
            "gross_margin_4q_avg": 26.96,
            "net_income": 18712,
            "net_income_4q": null,
            "revenue": 81693,
            "revenue_4q": null,
            "common_shares": 226260,
            "book_valuer_per_share": 11.49,
            "book_valuer_per_share_4q_avg": 10.63,
            "equity": 259970,
            "current_ratio": 262.97,
            "debt_ratio": 25.43,
            "inventory_turnover_ratio": 2.14,
            "account_receivable_turnover_ratio": 14.58,
            "reinvestment_rate": null,
            "research_to_sale_ratio": 12.1,
            "price_fair": 116.2,
            "eps_avg_yearly": 3.32,
            "eps_latest_yearly": 3.32,
            "eps_growth_yearly": 670.97
        },
        "20124": {
            "year_quarter": 20124,
            "year": 2012,
            "quarter": 4,
            "eps": 0.73,
            "eps_growth_year": null,
            "eps_4q": 1.74,
            "eps_4q_growth_year": null,
            "roe": 5.29,
            "roe_4q": 15.68,
            "gross_profit": 54240,
            "gross_margin": 55.88,
            "gross_margin_4q_avg": 40.93,
            "net_income": 18539,
            "net_income_4q": null,
            "revenue": 97070,
            "revenue_4q": null,
            "common_shares": 254550,
            "book_valuer_per_share": 17.32,
            "book_valuer_per_share_4q_avg": 12.46,
            "equity": 440988,
            "current_ratio": 278.58,
            "debt_ratio": 24.23,
            "inventory_turnover_ratio": 2.46,
            "account_receivable_turnover_ratio": 7.83,
            "reinvestment_rate": null,
            "research_to_sale_ratio": 16.93,
            "price_fair": 109.2,
            "eps_avg_yearly": 3.12,
            "eps_latest_yearly": 2.92,
            "eps_growth_yearly": 311.39
        },
        "20131": {
            "year_quarter": 20131,
            "year": 2013,
            "quarter": 1,
            "eps": -0.99,
            "eps_growth_year": null,
            "eps_4q": 0.75,
            "eps_4q_growth_year": null,
            "roe": -5.9,
            "roe_4q": 9.78,
            "gross_profit": 9686,
            "gross_margin": 53.23,
            "gross_margin_4q_avg": 54.24,
            "net_income": -25136,
            "net_income_4q": null,
            "revenue": 18197,
            "revenue_4q": null,
            "common_shares": 254550,
            "book_valuer_per_share": 16.16,
            "book_valuer_per_share_4q_avg": 13.91,
            "equity": 411327,
            "current_ratio": 582.1,
            "debt_ratio": 28.57,
            "inventory_turnover_ratio": 0.48,
            "account_receivable_turnover_ratio": 0.55,
            "reinvestment_rate": null,
            "research_to_sale_ratio": 97.35,
            "price_fair": 109.2,
            "eps_avg_yearly": 3.12,
            "eps_latest_yearly": 2.92,
            "eps_growth_yearly": 311.39
        },
        "20132": {
            "year_quarter": 20132,
            "year": 2013,
            "quarter": 2,
            "eps": -0.78,
            "eps_growth_year": -354.11,
            "eps_4q": -0.33,
            "eps_4q_growth_year": -206.63,
            "roe": -5.36,
            "roe_4q": 1.4999999999999982,
            "gross_profit": -4481,
            "gross_margin": -9.57,
            "gross_margin_4q_avg": 37.62,
            "net_income": -20863,
            "net_income_4q": null,
            "revenue": 46811,
            "revenue_4q": null,
            "common_shares": 254550,
            "book_valuer_per_share": 14.45,
            "book_valuer_per_share_4q_avg": 14.86,
            "equity": 367869,
            "current_ratio": 898.09,
            "debt_ratio": 55.35,
            "inventory_turnover_ratio": 2.56,
            "account_receivable_turnover_ratio": 0.75,
            "reinvestment_rate": null,
            "research_to_sale_ratio": 20.26,
            "price_fair": 109.2,
            "eps_avg_yearly": 3.12,
            "eps_latest_yearly": 2.92,
            "eps_growth_yearly": 311.39
        },
        "20133": {
            "year_quarter": 20133,
            "year": 2013,
            "quarter": 3,
            "eps": -0.92,
            "eps_growth_year": -211.24,
            "eps_4q": -1.95,
            "eps_4q_growth_year": -271.79,
            "roe": -6.81,
            "roe_4q": -12.780000000000001,
            "gross_profit": 17888,
            "gross_margin": 41,
            "gross_margin_4q_avg": 35.14,
            "net_income": -24605,
            "net_income_4q": null,
            "revenue": 43631,
            "revenue_4q": null,
            "common_shares": 267277,
            "book_valuer_per_share": 13.26,
            "book_valuer_per_share_4q_avg": 15.3,
            "equity": 354379,
            "current_ratio": 1420.14,
            "debt_ratio": 53.73,
            "inventory_turnover_ratio": 1.25,
            "account_receivable_turnover_ratio": 0.74,
            "reinvestment_rate": null,
            "research_to_sale_ratio": 24.31,
            "price_fair": 109.2,
            "eps_avg_yearly": 3.12,
            "eps_latest_yearly": 2.92,
            "eps_growth_yearly": 311.39
        },
        "20134": {
            "year_quarter": 20134,
            "year": 2013,
            "quarter": 4,
            "eps": 2.35,
            "eps_growth_year": 223,
            "eps_4q": -0.22,
            "eps_4q_growth_year": -112.54,
            "roe": 15.74,
            "roe_4q": -2.330000000000001,
            "gross_profit": 117562,
            "gross_margin": 52.27,
            "gross_margin_4q_avg": 34.23,
            "net_income": 64622,
            "net_income_4q": null,
            "revenue": 224920,
            "revenue_4q": null,
            "common_shares": 267277,
            "book_valuer_per_share": 16.99,
            "book_valuer_per_share_4q_avg": 15.22,
            "equity": 466752,
            "current_ratio": 372.91,
            "debt_ratio": 52.78,
            "inventory_turnover_ratio": 4.29,
            "account_receivable_turnover_ratio": 2.46,
            "reinvestment_rate": null,
            "research_to_sale_ratio": 6.15,
            "price_fair": 109.2,
            "eps_avg_yearly": 3.12,
            "eps_latest_yearly": 2.92,
            "eps_growth_yearly": 311.39
        },
        "20141": {
            "year_quarter": 20141,
            "year": 2014,
            "quarter": 1,
            "eps": 3.56,
            "eps_growth_year": null,
            "eps_4q": 4.12,
            "eps_4q_growth_year": 450.12,
            "roe": 17.67,
            "roe_4q": 21.240000000000006,
            "gross_profit": 163688,
            "gross_margin": 52.44,
            "gross_margin_4q_avg": 34.04,
            "net_income": 100357,
            "net_income_4q": null,
            "revenue": 312143,
            "revenue_4q": null,
            "common_shares": 274700,
            "book_valuer_per_share": 23.06,
            "book_valuer_per_share_4q_avg": 16.94,
            "equity": 669085,
            "current_ratio": 557.98,
            "debt_ratio": 35.39,
            "inventory_turnover_ratio": 5.25,
            "account_receivable_turnover_ratio": 2.88,
            "reinvestment_rate": null,
            "research_to_sale_ratio": 6,
            "price_fair": 238.93,
            "eps_avg_yearly": 6.83,
            "eps_latest_yearly": 14.24,
            "eps_growth_yearly": 276.24
        },
        "20142": {
            "year_quarter": 20142,
            "year": 2014,
            "quarter": 2,
            "eps": 2.32,
            "eps_growth_year": null,
            "eps_4q": 6.34,
            "eps_4q_growth_year": null,
            "roe": 9.5,
            "roe_4q": 36.1,
            "gross_profit": 123931,
            "gross_margin": 50.91,
            "gross_margin_4q_avg": 49.16,
            "net_income": 72948,
            "net_income_4q": null,
            "revenue": 243419,
            "revenue_4q": null,
            "common_shares": 290134,
            "book_valuer_per_share": 28.07,
            "book_valuer_per_share_4q_avg": 20.35,
            "equity": 866937,
            "current_ratio": 636.73,
            "debt_ratio": 22.07,
            "inventory_turnover_ratio": 4.52,
            "account_receivable_turnover_ratio": 4.03,
            "reinvestment_rate": null,
            "research_to_sale_ratio": 6.81,
            "price_fair": 260.4,
            "eps_avg_yearly": 7.44,
            "eps_latest_yearly": 9.28,
            "eps_growth_yearly": 172.35
        },
        "20143": {
            "year_quarter": 20143,
            "year": 2014,
            "quarter": 3,
            "eps": 1.39,
            "eps_growth_year": null,
            "eps_4q": 8.35,
            "eps_4q_growth_year": null,
            "roe": 4.87,
            "roe_4q": 47.78000000000001,
            "gross_profit": 86730,
            "gross_margin": 50.4,
            "gross_margin_4q_avg": 51.51,
            "net_income": 43367,
            "net_income_4q": null,
            "revenue": 172100,
            "revenue_4q": null,
            "common_shares": 336358,
            "book_valuer_per_share": 27.11,
            "book_valuer_per_share_4q_avg": 23.81,
            "equity": 913036,
            "current_ratio": 512.09,
            "debt_ratio": 23.4,
            "inventory_turnover_ratio": 3.02,
            "account_receivable_turnover_ratio": 2.07,
            "reinvestment_rate": null,
            "research_to_sale_ratio": 10.05,
            "price_fair": 247.24,
            "eps_avg_yearly": 7.06,
            "eps_latest_yearly": 5.56,
            "eps_growth_yearly": 105.81
        },
        "20144": {
            "year_quarter": 20144,
            "year": 2014,
            "quarter": 4,
            "eps": 0.23,
            "eps_growth_year": -90.33,
            "eps_4q": 6.58,
            "eps_4q_growth_year": null,
            "roe": 0.8,
            "roe_4q": 32.84,
            "gross_profit": 52566,
            "gross_margin": 51.61,
            "gross_margin_4q_avg": 51.34,
            "net_income": 7760,
            "net_income_4q": null,
            "revenue": 101849,
            "revenue_4q": null,
            "common_shares": 336800,
            "book_valuer_per_share": 30.12,
            "book_valuer_per_share_4q_avg": 27.09,
            "equity": 1027970,
            "current_ratio": 501.6,
            "debt_ratio": 27.45,
            "inventory_turnover_ratio": 1.75,
            "account_receivable_turnover_ratio": 0.73,
            "reinvestment_rate": null,
            "research_to_sale_ratio": 35.8,
            "price_fair": 211.4,
            "eps_avg_yearly": 6.04,
            "eps_latest_yearly": 0.92,
            "eps_growth_yearly": 32.54
        },
        "20151": {
            "year_quarter": 20151,
            "year": 2015,
            "quarter": 1,
            "eps": -0.04,
            "eps_growth_year": -101.12,
            "eps_4q": 3.08,
            "eps_4q_growth_year": -25.15,
            "roe": -0.1,
            "roe_4q": 15.07,
            "gross_profit": 52734,
            "gross_margin": 44.79,
            "gross_margin_4q_avg": 49.43,
            "net_income": -1737,
            "net_income_4q": null,
            "revenue": 117726,
            "revenue_4q": null,
            "common_shares": 396800,
            "book_valuer_per_share": 59.43,
            "book_valuer_per_share_4q_avg": 36.18,
            "equity": 2358373,
            "current_ratio": 1318.07,
            "debt_ratio": 15.11,
            "inventory_turnover_ratio": 1.39,
            "account_receivable_turnover_ratio": 0.99,
            "reinvestment_rate": null,
            "research_to_sale_ratio": 10.69,
            "price_fair": 211.4,
            "eps_avg_yearly": 6.04,
            "eps_latest_yearly": 0.92,
            "eps_growth_yearly": 32.54
        },
        "20152": {
            "year_quarter": 20152,
            "year": 2015,
            "quarter": 2,
            "eps": 0.9,
            "eps_growth_year": -61.21,
            "eps_4q": 1.99,
            "eps_4q_growth_year": -68.67,
            "roe": 1.56,
            "roe_4q": 7.13,
            "gross_profit": 92800,
            "gross_margin": 48.15,
            "gross_margin_4q_avg": 48.74,
            "net_income": 39194,
            "net_income_4q": null,
            "revenue": 192727,
            "revenue_4q": null,
            "common_shares": 446780,
            "book_valuer_per_share": 58.99,
            "book_valuer_per_share_4q_avg": 43.91,
            "equity": 2671197,
            "current_ratio": 587.69,
            "debt_ratio": 17.03,
            "inventory_turnover_ratio": 1.19,
            "account_receivable_turnover_ratio": 2.77,
            "reinvestment_rate": 120.77,
            "research_to_sale_ratio": 8.31,
            "price_fair": 211.4,
            "eps_avg_yearly": 6.04,
            "eps_latest_yearly": 0.92,
            "eps_growth_yearly": 32.54
        },
        "20153": {
            "year_quarter": 20153,
            "year": 2015,
            "quarter": 3,
            "eps": 1.51,
            "eps_growth_year": 8.63,
            "eps_4q": 2.56,
            "eps_4q_growth_year": -69.35,
            "roe": 2.55,
            "roe_4q": 4.81,
            "gross_profit": 91190,
            "gross_margin": 46.88,
            "gross_margin_4q_avg": 47.86,
            "net_income": 65619,
            "net_income_4q": null,
            "revenue": 194521,
            "revenue_4q": null,
            "common_shares": 446780,
            "book_valuer_per_share": 55.8,
            "book_valuer_per_share_4q_avg": 51.09,
            "equity": 2477378,
            "current_ratio": 515.73,
            "debt_ratio": 18.22,
            "inventory_turnover_ratio": 0.7,
            "account_receivable_turnover_ratio": 3.93,
            "reinvestment_rate": 123.67,
            "research_to_sale_ratio": 7.21,
            "price_fair": 211.4,
            "eps_avg_yearly": 6.04,
            "eps_latest_yearly": 6.04,
            "eps_growth_yearly": 66.62
        },
        "20154": {
            "year_quarter": 20154,
            "year": 2015,
            "quarter": 4,
            "eps": 0.19,
            "eps_growth_year": -16.17,
            "eps_4q": 2.57,
            "eps_4q_growth_year": -60.87,
            "roe": 0.67,
            "roe_4q": 4.68,
            "gross_profit": 97237,
            "gross_margin": 48.51,
            "gross_margin_4q_avg": 47.08,
            "net_income": 16693,
            "net_income_4q": null,
            "revenue": 200450,
            "revenue_4q": null,
            "common_shares": 446780,
            "book_valuer_per_share": 55.98,
            "book_valuer_per_share_4q_avg": 57.55,
            "equity": 2493306,
            "current_ratio": 413.34,
            "debt_ratio": 20.8,
            "inventory_turnover_ratio": 0.49,
            "account_receivable_turnover_ratio": 1.29,
            "reinvestment_rate": 145.15,
            "research_to_sale_ratio": 10.3,
            "price_fair": 132.27,
            "eps_avg_yearly": 5.38,
            "eps_latest_yearly": 0.76,
            "eps_growth_yearly": 14.59
        },
        "20161": {
            "year_quarter": 20161,
            "year": 2016,
            "quarter": 1,
            "eps": 0.22,
            "eps_growth_year": null,
            "eps_4q": 2.79,
            "eps_4q_growth_year": -9.39,
            "roe": 0.31,
            "roe_4q": 5.09,
            "gross_profit": 75136,
            "gross_margin": 44.92,
            "gross_margin_4q_avg": 47.12,
            "net_income": 7923,
            "net_income_4q": null,
            "revenue": 167275,
            "revenue_4q": null,
            "common_shares": 446780,
            "book_valuer_per_share": 59.08,
            "book_valuer_per_share_4q_avg": 57.46,
            "equity": 2660782,
            "current_ratio": 445.55,
            "debt_ratio": 19.28,
            "inventory_turnover_ratio": 0.61,
            "account_receivable_turnover_ratio": 0.57,
            "reinvestment_rate": 207.78,
            "research_to_sale_ratio": 9.09,
            "price_fair": 146.32,
            "eps_avg_yearly": 4.88,
            "eps_latest_yearly": 0.88,
            "eps_growth_yearly": 19.98
        },
        "20162": {
            "year_quarter": 20162,
            "year": 2016,
            "quarter": 2,
            "eps": -0.16,
            "eps_growth_year": -117.78,
            "eps_4q": 1.74,
            "eps_4q_growth_year": -12.47,
            "roe": -0.32,
            "roe_4q": 3.21,
            "gross_profit": 56962,
            "gross_margin": 37.73,
            "gross_margin_4q_avg": 44.51,
            "net_income": -8322,
            "net_income_4q": null,
            "revenue": 150954,
            "revenue_4q": null,
            "common_shares": 446780,
            "book_valuer_per_share": 56.41,
            "book_valuer_per_share_4q_avg": 56.82,
            "equity": 2541615,
            "current_ratio": 576.75,
            "debt_ratio": 22.51,
            "inventory_turnover_ratio": 0.96,
            "account_receivable_turnover_ratio": 0.53,
            "reinvestment_rate": 213.04,
            "research_to_sale_ratio": 14.19,
            "price_fair": 146.32,
            "eps_avg_yearly": 4.88,
            "eps_latest_yearly": 0.88,
            "eps_growth_yearly": 19.98
        },
        "20163": {
            "year_quarter": 20163,
            "year": 2016,
            "quarter": 3,
            "eps": 0.45,
            "eps_growth_year": -70.2,
            "eps_4q": 0.69,
            "eps_4q_growth_year": -72.96,
            "roe": 0.72,
            "roe_4q": 1.38,
            "gross_profit": 117605,
            "gross_margin": 49.47,
            "gross_margin_4q_avg": 45.16,
            "net_income": 18404,
            "net_income_4q": null,
            "revenue": 237745,
            "revenue_4q": null,
            "common_shares": 446780,
            "book_valuer_per_share": 56.84,
            "book_valuer_per_share_4q_avg": 57.08,
            "equity": 2558992,
            "current_ratio": 1004.12,
            "debt_ratio": 17.57,
            "inventory_turnover_ratio": 0.83,
            "account_receivable_turnover_ratio": 1.05,
            "reinvestment_rate": 212.51,
            "research_to_sale_ratio": 11.07,
            "price_fair": 15.23,
            "eps_avg_yearly": 5.08,
            "eps_latest_yearly": 0.88,
            "eps_growth_yearly": -61.39
        },
        "20164": {
            "year_quarter": 20164,
            "year": 2016,
            "quarter": 4,
            "eps": 1.79,
            "eps_growth_year": 837.43,
            "eps_4q": 2.29,
            "eps_4q_growth_year": -10.97,
            "roe": 3.38,
            "roe_4q": 4.09,
            "gross_profit": 195234,
            "gross_margin": 59.94,
            "gross_margin_4q_avg": 48.02,
            "net_income": 88107,
            "net_income_4q": null,
            "revenue": 325696,
            "revenue_4q": null,
            "common_shares": 446780,
            "book_valuer_per_share": 58.63,
            "book_valuer_per_share_4q_avg": 57.74,
            "equity": 2647186,
            "current_ratio": 728.64,
            "debt_ratio": 19.56,
            "inventory_turnover_ratio": 0.81,
            "account_receivable_turnover_ratio": 1.22,
            "reinvestment_rate": 164.68,
            "research_to_sale_ratio": 10.01,
            "price_fair": 196.18,
            "eps_avg_yearly": 5.61,
            "eps_latest_yearly": 7.16,
            "eps_growth_yearly": 93.52
        },
        "20171": {
            "year_quarter": 20171,
            "year": 2017,
            "quarter": 1,
            "eps": 1.01,
            "eps_growth_year": 359.09,
            "eps_4q": 3.09,
            "eps_4q_growth_year": 10.49,
            "roe": 1.66,
            "roe_4q": 5.4399999999999995,
            "gross_profit": 153723,
            "gross_margin": 48.38,
            "gross_margin_4q_avg": 48.88,
            "net_income": 44356,
            "net_income_4q": null,
            "revenue": 317710,
            "revenue_4q": null,
            "common_shares": 446780,
            "book_valuer_per_share": 59.6,
            "book_valuer_per_share_4q_avg": 57.87,
            "equity": 2689718,
            "current_ratio": 973.34,
            "debt_ratio": 16.88,
            "inventory_turnover_ratio": 1.08,
            "account_receivable_turnover_ratio": 1.2,
            "reinvestment_rate": 162.58,
            "research_to_sale_ratio": 7.37,
            "price_fair": 190.09,
            "eps_avg_yearly": 5.43,
            "eps_latest_yearly": 4.04,
            "eps_growth_yearly": 63.76
        },
        "20172": {
            "year_quarter": 20172,
            "year": 2017,
            "quarter": 2,
            "eps": 1.33,
            "eps_growth_year": null,
            "eps_4q": 4.58,
            "eps_4q_growth_year": 163.28,
            "roe": 2.15,
            "roe_4q": 7.909999999999999,
            "gross_profit": 160705,
            "gross_margin": 42.65,
            "gross_margin_4q_avg": 50.11,
            "net_income": 57307,
            "net_income_4q": null,
            "revenue": 376799,
            "revenue_4q": null,
            "common_shares": 446780,
            "book_valuer_per_share": 58.44,
            "book_valuer_per_share_4q_avg": 58.38,
            "equity": 2636951,
            "current_ratio": 567.41,
            "debt_ratio": 21.3,
            "inventory_turnover_ratio": 1.37,
            "account_receivable_turnover_ratio": 1.79,
            "reinvestment_rate": 138.25,
            "research_to_sale_ratio": 7.38,
            "price_fair": 189.7,
            "eps_avg_yearly": 5.42,
            "eps_latest_yearly": 5.32,
            "eps_growth_yearly": 70.06
        },
        "20173": {
            "year_quarter": 20173,
            "year": 2017,
            "quarter": 3,
            "eps": 1.31,
            "eps_growth_year": 191.11,
            "eps_4q": 5.43,
            "eps_4q_growth_year": 684.93,
            "roe": 2.23,
            "roe_4q": 9.42,
            "gross_profit": 153642,
            "gross_margin": 44.9,
            "gross_margin_4q_avg": 48.97,
            "net_income": 59512,
            "net_income_4q": null,
            "revenue": 342167,
            "revenue_4q": null,
            "common_shares": 446780,
            "book_valuer_per_share": 59.75,
            "book_valuer_per_share_4q_avg": 59.11,
            "equity": 2696550,
            "current_ratio": 648.25,
            "debt_ratio": 20.24,
            "inventory_turnover_ratio": 1.09,
            "account_receivable_turnover_ratio": 1.76,
            "reinvestment_rate": 126.36,
            "research_to_sale_ratio": 7.66,
            "price_fair": 189.13,
            "eps_avg_yearly": 5.4,
            "eps_latest_yearly": 5.24,
            "eps_growth_yearly": 63.15
        },
        "20174": {
            "year_quarter": 20174,
            "year": 2017,
            "quarter": 4,
            "eps": 2.36,
            "eps_growth_year": 31.97,
            "eps_4q": 6,
            "eps_4q_growth_year": 162.12,
            "roe": 4,
            "roe_4q": 10.040000000000001,
            "gross_profit": 257265,
            "gross_margin": 53.84,
            "gross_margin_4q_avg": 47.44,
            "net_income": 110006,
            "net_income_4q": null,
            "revenue": 477793,
            "revenue_4q": null,
            "common_shares": 446780,
            "book_valuer_per_share": 62.09,
            "book_valuer_per_share_4q_avg": 59.97,
            "equity": 2805720,
            "current_ratio": 703.72,
            "debt_ratio": 19.26,
            "inventory_turnover_ratio": 1.19,
            "account_receivable_turnover_ratio": 2.47,
            "reinvestment_rate": 120.95,
            "research_to_sale_ratio": 10.98,
            "price_fair": 200.9,
            "eps_avg_yearly": 5.74,
            "eps_latest_yearly": 9.44,
            "eps_growth_yearly": 84.6
        },
        "20181": {
            "year_quarter": 20181,
            "year": 2018,
            "quarter": 1,
            "eps": 0.86,
            "eps_growth_year": -14.85,
            "eps_4q": 5.85,
            "eps_4q_growth_year": 89.6,
            "roe": 1.31,
            "roe_4q": 9.690000000000001,
            "gross_profit": 148696,
            "gross_margin": 42.72,
            "gross_margin_4q_avg": 46.03,
            "net_income": 36846,
            "net_income_4q": null,
            "revenue": 348093,
            "revenue_4q": null,
            "common_shares": 446780,
            "book_valuer_per_share": 62.88,
            "book_valuer_per_share_4q_avg": 60.79,
            "equity": 2839539,
            "current_ratio": 850.77,
            "debt_ratio": 20.2,
            "inventory_turnover_ratio": 1.1,
            "account_receivable_turnover_ratio": 1.35,
            "reinvestment_rate": 132.43,
            "research_to_sale_ratio": 8.2,
            "price_fair": 169.4,
            "eps_avg_yearly": 4.84,
            "eps_latest_yearly": 3.44,
            "eps_growth_yearly": 46.25
        },
        "20182": {
            "year_quarter": 20182,
            "year": 2018,
            "quarter": 2,
            "eps": 1.22,
            "eps_growth_year": -8.27,
            "eps_4q": 5,
            "eps_4q_growth_year": 9.1,
            "roe": 2.35,
            "roe_4q": 9.89,
            "gross_profit": 152918,
            "gross_margin": 46.56,
            "gross_margin_4q_avg": 47.01,
            "net_income": 65708,
            "net_income_4q": null,
            "revenue": 328453,
            "revenue_4q": null,
            "common_shares": 446780,
            "book_valuer_per_share": 60.68,
            "book_valuer_per_share_4q_avg": 61.35,
            "equity": 2742857,
            "current_ratio": 432.68,
            "debt_ratio": 27.19,
            "inventory_turnover_ratio": 0.91,
            "account_receivable_turnover_ratio": 1.06,
            "reinvestment_rate": 133.62,
            "research_to_sale_ratio": 11.97,
            "price_fair": 156.57,
            "eps_avg_yearly": 4.47,
            "eps_latest_yearly": 4.88,
            "eps_growth_yearly": 71.82
        },
        "20183": {
            "year_quarter": 20183,
            "year": 2018,
            "quarter": 3,
            "eps": 0.76,
            "eps_growth_year": -41.98,
            "eps_4q": 4.67,
            "eps_4q_growth_year": -14.14,
            "roe": 1.49,
            "roe_4q": 9.15,
            "gross_profit": 165853,
            "gross_margin": 45.57,
            "gross_margin_4q_avg": 47.17,
            "net_income": 41261,
            "net_income_4q": null,
            "revenue": 363980,
            "revenue_4q": null,
            "common_shares": 530928,
            "book_valuer_per_share": 51.22,
            "book_valuer_per_share_4q_avg": 59.22,
            "equity": 2781786,
            "current_ratio": 590.61,
            "debt_ratio": 31.02,
            "inventory_turnover_ratio": 0.98,
            "account_receivable_turnover_ratio": 1.08,
            "reinvestment_rate": 147.72,
            "research_to_sale_ratio": 6.08,
            "price_fair": 149.22,
            "eps_avg_yearly": 4.26,
            "eps_latest_yearly": 3.04,
            "eps_growth_yearly": 72.61
        },
        "20184": {
            "year_quarter": 20184,
            "year": 2018,
            "quarter": 4,
            "eps": 2.14,
            "eps_growth_year": -9.1,
            "eps_4q": 4.84,
            "eps_4q_growth_year": -19.33,
            "roe": 4.03,
            "roe_4q": 9.180000000000001,
            "gross_profit": 253775,
            "gross_margin": 42.51,
            "gross_margin_4q_avg": 44.34,
            "net_income": 114603,
            "net_income_4q": null,
            "revenue": 596912,
            "revenue_4q": null,
            "common_shares": 530928,
            "book_valuer_per_share": 53.42,
            "book_valuer_per_share_4q_avg": 57.05,
            "equity": 2899472,
            "current_ratio": 501.83,
            "debt_ratio": 31.22,
            "inventory_turnover_ratio": 1.74,
            "account_receivable_turnover_ratio": 1.77,
            "reinvestment_rate": 121.65,
            "research_to_sale_ratio": 4.75,
            "price_fair": 171.5,
            "eps_avg_yearly": 4.9,
            "eps_latest_yearly": 8.56,
            "eps_growth_yearly": 160.95
        },
        "20191": {
            "year_quarter": 20191,
            "year": 2019,
            "quarter": 1,
            "eps": 1.57,
            "eps_growth_year": 82.56,
            "eps_4q": 5.7,
            "eps_4q_growth_year": -2.62,
            "roe": 2.89,
            "roe_4q": 10.76,
            "gross_profit": 209871,
            "gross_margin": 47.65,
            "gross_margin_4q_avg": 45.57,
            "net_income": 85264,
            "net_income_4q": null,
            "revenue": 440453,
            "revenue_4q": null,
            "common_shares": 530928,
            "book_valuer_per_share": 55.13,
            "book_valuer_per_share_4q_avg": 55.11,
            "equity": 2991968,
            "current_ratio": 433.88,
            "debt_ratio": 37.2,
            "inventory_turnover_ratio": 1.11,
            "account_receivable_turnover_ratio": 1.62,
            "reinvestment_rate": 105.51,
            "research_to_sale_ratio": 8.23,
            "price_fair": 175.22,
            "eps_avg_yearly": 5.01,
            "eps_latest_yearly": 6.28,
            "eps_growth_yearly": 140.38
        },
        "20192": {
            "year_quarter": 20192,
            "year": 2019,
            "quarter": 2,
            "eps": 1.62,
            "eps_growth_year": 32.79,
            "eps_4q": 5.88,
            "eps_4q_growth_year": 17.72,
            "roe": 3.25,
            "roe_4q": 11.660000000000002,
            "gross_profit": 254126,
            "gross_margin": 50.96,
            "gross_margin_4q_avg": 46.67,
            "net_income": 95178,
            "net_income_4q": null,
            "revenue": 498665,
            "revenue_4q": null,
            "common_shares": 530928,
            "book_valuer_per_share": 52.8,
            "book_valuer_per_share_4q_avg": 53.14,
            "equity": 2865996,
            "current_ratio": 323.12,
            "debt_ratio": 40.9,
            "inventory_turnover_ratio": 0.97,
            "account_receivable_turnover_ratio": 1.5,
            "reinvestment_rate": 106.77,
            "research_to_sale_ratio": 10.5,
            "price_fair": 178.9,
            "eps_avg_yearly": 5.11,
            "eps_latest_yearly": 6.48,
            "eps_growth_yearly": 131.26
        },
        "20193": {
            "year_quarter": 20193,
            "year": 2019,
            "quarter": 3,
            "eps": 2.07,
            "eps_growth_year": 172.37,
            "eps_4q": 7.22,
            "eps_4q_growth_year": 54.78,
            "roe": 4.36,
            "roe_4q": 14.530000000000001,
            "gross_profit": 284726,
            "gross_margin": 51.13,
            "gross_margin_4q_avg": 48.06,
            "net_income": 127502,
            "net_income_4q": null,
            "revenue": 556846,
            "revenue_4q": null,
            "common_shares": 557474,
            "book_valuer_per_share": 52.06,
            "book_valuer_per_share_4q_avg": 53.35,
            "equity": 2977550,
            "current_ratio": 328.55,
            "debt_ratio": 41.37,
            "inventory_turnover_ratio": 0.89,
            "account_receivable_turnover_ratio": 1.09,
            "reinvestment_rate": 94.46,
            "research_to_sale_ratio": 7.7,
            "price_fair": 184.5,
            "eps_avg_yearly": 5.27,
            "eps_latest_yearly": 8.28,
            "eps_growth_yearly": 119.83
        },
        "20194": {
            "year_quarter": 20194,
            "year": 2019,
            "quarter": 4,
            "eps": 1.4,
            "eps_growth_year": -34.91,
            "eps_4q": 6.57,
            "eps_4q_growth_year": 35.74,
            "roe": 2.52,
            "roe_4q": 13.020000000000001,
            "gross_profit": 253637,
            "gross_margin": 43.4,
            "gross_margin_4q_avg": 48.29,
            "net_income": 75866,
            "net_income_4q": null,
            "revenue": 584477,
            "revenue_4q": null,
            "common_shares": 557474,
            "book_valuer_per_share": 53.24,
            "book_valuer_per_share_4q_avg": 53.31,
            "equity": 3041130,
            "current_ratio": 324.08,
            "debt_ratio": 40.93,
            "inventory_turnover_ratio": 1.2,
            "account_receivable_turnover_ratio": 1.33,
            "reinvestment_rate": 79.63,
            "research_to_sale_ratio": 7,
            "price_fair": 196.6,
            "eps_avg_yearly": 5.62,
            "eps_latest_yearly": 5.6,
            "eps_growth_yearly": 135.56
        },
        "20201": {
            "year_quarter": 20201,
            "year": 2020,
            "quarter": 1,
            "eps": 0.01,
            "eps_growth_year": -99.36,
            "eps_4q": 5.09,
            "eps_4q_growth_year": -10.7,
            "roe": -0.04,
            "roe_4q": 10.09,
            "gross_profit": 161995,
            "gross_margin": 44.4,
            "gross_margin_4q_avg": 47.47,
            "net_income": -1124,
            "net_income_4q": null,
            "revenue": 364837,
            "revenue_4q": null,
            "common_shares": 557474,
            "book_valuer_per_share": 53.16,
            "book_valuer_per_share_4q_avg": 52.82,
            "equity": 3035755,
            "current_ratio": 250.35,
            "debt_ratio": 44.86,
            "inventory_turnover_ratio": 0.85,
            "account_receivable_turnover_ratio": 1.05,
            "reinvestment_rate": 54.69,
            "research_to_sale_ratio": 13.87,
            "price_fair": 194.5,
            "eps_avg_yearly": 5.56,
            "eps_latest_yearly": 0.04,
            "eps_growth_yearly": 102.68
        },
        "20202": {
            "year_quarter": 20202,
            "year": 2020,
            "quarter": 2,
            "eps": -0.36,
            "eps_growth_year": -122.22,
            "eps_4q": 3.11,
            "eps_4q_growth_year": -47.18,
            "roe": -0.74,
            "roe_4q": 6.1000000000000005,
            "gross_profit": 94319,
            "gross_margin": 41.42,
            "gross_margin_4q_avg": 45.09,
            "net_income": -20938,
            "net_income_4q": null,
            "revenue": 227689,
            "revenue_4q": null,
            "common_shares": 557474,
            "book_valuer_per_share": 46.94,
            "book_valuer_per_share_4q_avg": 51.35,
            "equity": 2619085,
            "current_ratio": 196.11,
            "debt_ratio": 51.95,
            "inventory_turnover_ratio": 0.56,
            "account_receivable_turnover_ratio": 0.6,
            "reinvestment_rate": 53.12,
            "research_to_sale_ratio": 14.78,
            "price_fair": 194.5,
            "eps_avg_yearly": 5.56,
            "eps_latest_yearly": 0.04,
            "eps_growth_yearly": 102.68
        },
        "20203": {
            "year_quarter": 20203,
            "year": 2020,
            "quarter": 3,
            "eps": -0.24,
            "eps_growth_year": -111.59,
            "eps_4q": 0.8,
            "eps_4q_growth_year": -88.89,
            "roe": -0.52,
            "roe_4q": 1.22,
            "gross_profit": 129627,
            "gross_margin": 57.61,
            "gross_margin_4q_avg": 46.71,
            "net_income": -13552,
            "net_income_4q": null,
            "revenue": 225012,
            "revenue_4q": null,
            "common_shares": 557474,
            "book_valuer_per_share": 46.73,
            "book_valuer_per_share_4q_avg": 50.02,
            "equity": 2607190,
            "current_ratio": 202.84,
            "debt_ratio": 50.4,
            "inventory_turnover_ratio": 0.45,
            "account_receivable_turnover_ratio": 0.54,
            "reinvestment_rate": 48.35,
            "research_to_sale_ratio": 20.59,
            "price_fair": 194.5,
            "eps_avg_yearly": 5.56,
            "eps_latest_yearly": 0.04,
            "eps_growth_yearly": 102.68
        },
        "20204": {
            "year_quarter": 20204,
            "year": 2020,
            "quarter": 4,
            "eps": -0.29,
            "eps_growth_year": -120.77,
            "eps_4q": -0.88,
            "eps_4q_growth_year": -113.42,
            "roe": -0.61,
            "roe_4q": -1.91,
            "gross_profit": 123242,
            "gross_margin": 50.23,
            "gross_margin_4q_avg": 48.42,
            "net_income": -16144,
            "net_income_4q": null,
            "revenue": 245361,
            "revenue_4q": null,
            "common_shares": 557474,
            "book_valuer_per_share": 47.47,
            "book_valuer_per_share_4q_avg": 48.58,
            "equity": 2649027,
            "current_ratio": 495.03,
            "debt_ratio": 48.19,
            "inventory_turnover_ratio": 0.56,
            "account_receivable_turnover_ratio": 0.72,
            "reinvestment_rate": 44.46,
            "research_to_sale_ratio": 14.97,
            "price_fair": 157.34,
            "eps_avg_yearly": 5.43,
            "eps_latest_yearly": 0.04,
            "eps_growth_yearly": 18.96
        },
        "20211": {
            "year_quarter": 20211,
            "year": 2021,
            "quarter": 1,
            "eps": -0.55,
            "eps_growth_year": -5600,
            "eps_4q": -1.42,
            "eps_4q_growth_year": -127.86,
            "roe": -1.16,
            "roe_4q": -3.0300000000000002,
            "gross_profit": 87636,
            "gross_margin": 44.81,
            "gross_margin_4q_avg": 48.52,
            "net_income": -31229,
            "net_income_4q": null,
            "revenue": 195591,
            "revenue_4q": null,
            "common_shares": 557474,
            "book_valuer_per_share": 47.86,
            "book_valuer_per_share_4q_avg": 47.25,
            "equity": 2722140,
            "current_ratio": 502.84,
            "debt_ratio": 45.41,
            "inventory_turnover_ratio": 0.46,
            "account_receivable_turnover_ratio": 0.7,
            "reinvestment_rate": 32.68,
            "research_to_sale_ratio": 22.77,
            "price_fair": 194.25,
            "eps_avg_yearly": 5.55,
            "eps_latest_yearly": 0.04,
            "eps_growth_yearly": 35.06
        },
        "20212": {
            "year_quarter": 20212,
            "year": 2021,
            "quarter": 2,
            "eps": -0.57,
            "eps_growth_year": null,
            "eps_4q": -1.62,
            "eps_4q_growth_year": -152.24,
            "roe": -1.21,
            "roe_4q": -3.5,
            "gross_profit": 99621,
            "gross_margin": 54.17,
            "gross_margin_4q_avg": 51.71,
            "net_income": -32710,
            "net_income_4q": null,
            "revenue": 183901,
            "revenue_4q": null,
            "common_shares": 568318,
            "book_valuer_per_share": 47.37,
            "book_valuer_per_share_4q_avg": 47.36,
            "equity": 2706038,
            "current_ratio": 557.83,
            "debt_ratio": 44.16,
            "inventory_turnover_ratio": 0.36,
            "account_receivable_turnover_ratio": 0.58,
            "reinvestment_rate": 36.59,
            "research_to_sale_ratio": 36.88,
            "price_fair": 194.98,
            "eps_avg_yearly": 5.57,
            "eps_latest_yearly": 0.04,
            "eps_growth_yearly": 26.73
        },
        "20213": {
            "year_quarter": 20213,
            "year": 2021,
            "quarter": 3,
            "eps": -0.57,
            "eps_growth_year": null,
            "eps_4q": -1.95,
            "eps_4q_growth_year": -343.46,
            "roe": -1.22,
            "roe_4q": -4.2,
            "gross_profit": 94804,
            "gross_margin": 41.15,
            "gross_margin_4q_avg": 47.59,
            "net_income": -33082,
            "net_income_4q": null,
            "revenue": 230387,
            "revenue_4q": null,
            "common_shares": 573641,
            "book_valuer_per_share": 47.02,
            "book_valuer_per_share_4q_avg": 47.43,
            "equity": 2699106,
            "current_ratio": 544.25,
            "debt_ratio": 43.81,
            "inventory_turnover_ratio": 0.54,
            "account_receivable_turnover_ratio": 0.77,
            "reinvestment_rate": 34.5,
            "research_to_sale_ratio": 20.41,
            "price_fair": 196.14,
            "eps_avg_yearly": 5.6,
            "eps_latest_yearly": 0.04,
            "eps_growth_yearly": 30
        },
        "20214": {
            "year_quarter": 20214,
            "year": 2021,
            "quarter": 4,
            "eps": -0.59,
            "eps_growth_year": null,
            "eps_4q": -2.16,
            "eps_4q_growth_year": null,
            "roe": -1.27,
            "roe_4q": -4.86,
            "gross_profit": 94445,
            "gross_margin": 53.1,
            "gross_margin_4q_avg": 48.31,
            "net_income": -36302,
            "net_income_4q": null,
            "revenue": 177870,
            "revenue_4q": null,
            "common_shares": 573641,
            "book_valuer_per_share": 49.73,
            "book_valuer_per_share_4q_avg": 48,
            "equity": 3033408,
            "current_ratio": 319.69,
            "debt_ratio": 36.49,
            "inventory_turnover_ratio": 0.34,
            "account_receivable_turnover_ratio": 0.7,
            "reinvestment_rate": 57.99,
            "research_to_sale_ratio": 27.2,
            "price_fair": 15.53,
            "eps_avg_yearly": 5.18,
            "eps_latest_yearly": 0.04,
            "eps_growth_yearly": -2.29
        },
        "20221": {
            "year_quarter": 20221,
            "year": 2022,
            "quarter": 1,
            "eps": -0.2,
            "eps_growth_year": null,
            "eps_4q": -1.86,
            "eps_4q_growth_year": null,
            "roe": -0.41,
            "roe_4q": -4.109999999999999,
            "gross_profit": 88630,
            "gross_margin": 55.86,
            "gross_margin_4q_avg": 51.07,
            "net_income": -12564,
            "net_income_4q": null,
            "revenue": 158672,
            "revenue_4q": null,
            "common_shares": 609644,
            "book_valuer_per_share": 49.98,
            "book_valuer_per_share_4q_avg": 48.53,
            "equity": 3048175,
            "current_ratio": 344.51,
            "debt_ratio": 38.36,
            "inventory_turnover_ratio": 0.3,
            "account_receivable_turnover_ratio": 0.66,
            "reinvestment_rate": 64.54,
            "research_to_sale_ratio": 27.95,
            "price_fair": 188.83,
            "eps_avg_yearly": 5.4,
            "eps_latest_yearly": 0.04,
            "eps_growth_yearly": 29.2
        },
        "20222": {
            "year_quarter": 20222,
            "year": 2022,
            "quarter": 2,
            "eps": -0.7,
            "eps_growth_year": null,
            "eps_4q": -2.03,
            "eps_4q_growth_year": null,
            "roe": -1.41,
            "roe_4q": -4.31,
            "gross_profit": 110787,
            "gross_margin": 50.39,
            "gross_margin_4q_avg": 50.13,
            "net_income": -42768,
            "net_income_4q": null,
            "revenue": 219844,
            "revenue_4q": null,
            "common_shares": 609644,
            "book_valuer_per_share": 49.25,
            "book_valuer_per_share_4q_avg": 49,
            "equity": 3003607,
            "current_ratio": 264,
            "debt_ratio": 38.26,
            "inventory_turnover_ratio": 0.45,
            "account_receivable_turnover_ratio": 0.74,
            "reinvestment_rate": 24.32,
            "research_to_sale_ratio": 24.56,
            "price_fair": 106.4,
            "eps_avg_yearly": 5.47,
            "eps_latest_yearly": 0.04,
            "eps_growth_yearly": 9.46
        },
        "20223": {
            "year_quarter": 20223,
            "year": 2022,
            "quarter": 3,
            "eps": 1.47,
            "eps_growth_year": null,
            "eps_4q": -0.02,
            "eps_4q_growth_year": null,
            "roe": 2.91,
            "roe_4q": -0.17999999999999972,
            "gross_profit": 84687,
            "gross_margin": 42.58,
            "gross_margin_4q_avg": 50.48,
            "net_income": 89670,
            "net_income_4q": null,
            "revenue": 198884,
            "revenue_4q": null,
            "common_shares": 609844,
            "book_valuer_per_share": 51.51,
            "book_valuer_per_share_4q_avg": 50.12,
            "equity": 3165811,
            "current_ratio": 265.91,
            "debt_ratio": 37.68,
            "inventory_turnover_ratio": 0.44,
            "account_receivable_turnover_ratio": 0.66,
            "reinvestment_rate": -15.77,
            "research_to_sale_ratio": 19.95,
            "price_fair": 205.57,
            "eps_avg_yearly": 5.87,
            "eps_latest_yearly": 0.04,
            "eps_growth_yearly": 36.17
        },
        "20224": {
            "year_quarter": 20224,
            "year": 2022,
            "quarter": 4,
            "eps": -1.53,
            "eps_growth_year": null,
            "eps_4q": -0.97,
            "eps_4q_growth_year": null,
            "roe": -3.04,
            "roe_4q": -1.9499999999999997,
            "gross_profit": 46413,
            "gross_margin": 20.5,
            "gross_margin_4q_avg": 42.33,
            "net_income": -96736,
            "net_income_4q": null,
            "revenue": 226366,
            "revenue_4q": null,
            "common_shares": 614431,
            "book_valuer_per_share": 51.09,
            "book_valuer_per_share_4q_avg": 50.46,
            "equity": 3194373,
            "current_ratio": 328.54,
            "debt_ratio": 35.49,
            "inventory_turnover_ratio": 0.6,
            "account_receivable_turnover_ratio": 0.83,
            "reinvestment_rate": -54.94,
            "research_to_sale_ratio": 22.72,
            "price_fair": 16.01,
            "eps_avg_yearly": 5.34,
            "eps_latest_yearly": 0.04,
            "eps_growth_yearly": -101.86
        },
        "20231": {
            "year_quarter": 20231,
            "year": 2023,
            "quarter": 1,
            "eps": -0.15,
            "eps_growth_year": null,
            "eps_4q": -0.9,
            "eps_4q_growth_year": null,
            "roe": -0.3,
            "roe_4q": -1.8399999999999996,
            "gross_profit": 90418,
            "gross_margin": 49.84,
            "gross_margin_4q_avg": 40.83,
            "net_income": -9762,
            "net_income_4q": null,
            "revenue": 181432,
            "revenue_4q": null,
            "common_shares": 640771,
            "book_valuer_per_share": 50.89,
            "book_valuer_per_share_4q_avg": 50.69,
            "equity": 3284120,
            "current_ratio": 288.54,
            "debt_ratio": 34.06,
            "inventory_turnover_ratio": 0.3,
            "account_receivable_turnover_ratio": 0.37,
            "reinvestment_rate": -270.33,
            "research_to_sale_ratio": 13.23,
            "price_fair": 15.3,
            "eps_avg_yearly": 5.1,
            "eps_latest_yearly": 0.04,
            "eps_growth_yearly": -100.69
        },
        "20232": {
            "year_quarter": 20232,
            "year": 2023,
            "quarter": 2,
            "eps": -1.53,
            "eps_growth_year": null,
            "eps_4q": -1.77,
            "eps_4q_growth_year": null,
            "roe": -3.06,
            "roe_4q": -3.49,
            "gross_profit": 60369,
            "gross_margin": 30.96,
            "gross_margin_4q_avg": 35.97,
            "net_income": -98945,
            "net_income_4q": null,
            "revenue": 194982,
            "revenue_4q": null,
            "common_shares": 645301,
            "book_valuer_per_share": 49.32,
            "book_valuer_per_share_4q_avg": 50.7,
            "equity": 3182675,
            "current_ratio": 358.71,
            "debt_ratio": 35.26,
            "inventory_turnover_ratio": 0.49,
            "account_receivable_turnover_ratio": 0.29,
            "reinvestment_rate": null,
            "research_to_sale_ratio": 14.9,
            "price_fair": 13.92,
            "eps_avg_yearly": 4.64,
            "eps_latest_yearly": 0.04,
            "eps_growth_yearly": -138.5
        },
        "20233": {
            "year_quarter": 20233,
            "year": 2023,
            "quarter": 3,
            "eps": 0,
            "eps_growth_year": -100,
            "eps_4q": -3.16,
            "eps_4q_growth_year": null,
            "roe": 0,
            "roe_4q": -6.4,
            "gross_profit": 86721,
            "gross_margin": 37.58,
            "gross_margin_4q_avg": 34.72,
            "net_income": 44,
            "net_income_4q": null,
            "revenue": 230769,
            "revenue_4q": null,
            "common_shares": 647063,
            "book_valuer_per_share": 49.81,
            "book_valuer_per_share_4q_avg": 50.28,
            "equity": 3223243,
            "current_ratio": 462.19,
            "debt_ratio": 34.3,
            "inventory_turnover_ratio": 0.56,
            "account_receivable_turnover_ratio": 0.35,
            "reinvestment_rate": null,
            "research_to_sale_ratio": 12.99,
            "price_fair": 8.46,
            "eps_avg_yearly": 2.82,
            "eps_latest_yearly": 0.04,
            "eps_growth_yearly": -263.31
        },
        "20234": {
            "year_quarter": 20234,
            "year": 2023,
            "quarter": 4,
            "eps": -1.1,
            "eps_growth_year": null,
            "eps_4q": -2.77,
            "eps_4q_growth_year": null,
            "roe": -2.24,
            "roe_4q": -5.6000000000000005,
            "gross_profit": 124304,
            "gross_margin": 48.65,
            "gross_margin_4q_avg": 41.76,
            "net_income": -71312,
            "net_income_4q": null,
            "revenue": 255520,
            "revenue_4q": null,
            "common_shares": 647786,
            "book_valuer_per_share": 48.57,
            "book_valuer_per_share_4q_avg": 49.65,
            "equity": 3149174,
            "current_ratio": 288.59,
            "debt_ratio": 37.64,
            "inventory_turnover_ratio": 0.53,
            "account_receivable_turnover_ratio": 0.39,
            "reinvestment_rate": null,
            "research_to_sale_ratio": 9.33,
            "price_fair": 0.12,
            "eps_avg_yearly": 0.04,
            "eps_latest_yearly": 0.04,
            "eps_growth_yearly": -397.14
        }
    },
    "months": {
        "2011-12": {
            "month": "2011-12",
            "price": "36.63",
            "revenue": 30754
        },
        "2012-01": {
            "month": "2012-01",
            "price": "46.43",
            "revenue": 10380
        },
        "2012-02": {
            "month": "2012-02",
            "price": "51.88",
            "revenue": 24429
        },
        "2012-03": {
            "month": "2012-03",
            "price": "59.10",
            "revenue": 14520
        },
        "2012-04": {
            "month": "2012-04",
            "price": "57.40",
            "revenue": 15268
        },
        "2012-05": {
            "month": "2012-05",
            "price": "56.75",
            "revenue": 30923
        },
        "2012-06": {
            "month": "2012-06",
            "price": "56.38",
            "revenue": 11613
        },
        "2012-07": {
            "month": "2012-07",
            "price": "56.11",
            "revenue": 14193
        },
        "2012-08": {
            "month": "2012-08",
            "price": "53.96",
            "revenue": 15861
        },
        "2012-09": {
            "month": "2012-09",
            "price": "56.59",
            "revenue": 51638
        },
        "2012-10": {
            "month": "2012-10",
            "price": "69.22",
            "revenue": 32642
        },
        "2012-11": {
            "month": "2012-11",
            "price": "78.63",
            "revenue": 46464
        },
        "2012-12": {
            "month": "2012-12",
            "price": "79.95",
            "revenue": 17965
        },
        "2013-01": {
            "month": "2013-01",
            "price": "85.06",
            "revenue": 6569
        },
        "2013-02": {
            "month": "2013-02",
            "price": "83.58",
            "revenue": 4157
        },
        "2013-03": {
            "month": "2013-03",
            "price": "83.70",
            "revenue": 7470
        },
        "2013-04": {
            "month": "2013-04",
            "price": "77.06",
            "revenue": 15740
        },
        "2013-05": {
            "month": "2013-05",
            "price": "76.19",
            "revenue": 14908
        },
        "2013-06": {
            "month": "2013-06",
            "price": "74.67",
            "revenue": 16163
        },
        "2013-07": {
            "month": "2013-07",
            "price": "77.53",
            "revenue": 10588
        },
        "2013-08": {
            "month": "2013-08",
            "price": "74.37",
            "revenue": 19549
        },
        "2013-09": {
            "month": "2013-09",
            "price": "74.50",
            "revenue": 13494
        },
        "2013-10": {
            "month": "2013-10",
            "price": "76.60",
            "revenue": 28592
        },
        "2013-11": {
            "month": "2013-11",
            "price": "84.69",
            "revenue": 76016
        },
        "2013-12": {
            "month": "2013-12",
            "price": "133.57",
            "revenue": 120312
        },
        "2014-01": {
            "month": "2014-01",
            "price": "249.28",
            "revenue": 131639
        },
        "2014-02": {
            "month": "2014-02",
            "price": "328.74",
            "revenue": 80231
        },
        "2014-03": {
            "month": "2014-03",
            "price": "429.50",
            "revenue": 100273
        },
        "2014-04": {
            "month": "2014-04",
            "price": "564.67",
            "revenue": 90051
        },
        "2014-05": {
            "month": "2014-05",
            "price": "525.26",
            "revenue": 90090
        },
        "2014-06": {
            "month": "2014-06",
            "price": "602.15",
            "revenue": 63278
        },
        "2014-07": {
            "month": "2014-07",
            "price": "478.80",
            "revenue": 65080
        },
        "2014-08": {
            "month": "2014-08",
            "price": "386.38",
            "revenue": 66985
        },
        "2014-09": {
            "month": "2014-09",
            "price": "413.90",
            "revenue": 40035
        },
        "2014-10": {
            "month": "2014-10",
            "price": "409.91",
            "revenue": 35140
        },
        "2014-11": {
            "month": "2014-11",
            "price": "387.32",
            "revenue": 35148
        },
        "2014-12": {
            "month": "2014-12",
            "price": "399.08",
            "revenue": 31562
        },
        "2015-01": {
            "month": "2015-01",
            "price": "396.72",
            "revenue": 32401
        },
        "2015-02": {
            "month": "2015-02",
            "price": "379.65",
            "revenue": 32960
        },
        "2015-03": {
            "month": "2015-03",
            "price": "386.59",
            "revenue": 52366
        },
        "2015-04": {
            "month": "2015-04",
            "price": "392.05",
            "revenue": 52378
        },
        "2015-05": {
            "month": "2015-05",
            "price": "374.60",
            "revenue": 79720
        },
        "2015-06": {
            "month": "2015-06",
            "price": "361.52",
            "revenue": 60628
        },
        "2015-07": {
            "month": "2015-07",
            "price": "275.41",
            "revenue": 54769
        },
        "2015-08": {
            "month": "2015-08",
            "price": "252.24",
            "revenue": 71383
        },
        "2015-09": {
            "month": "2015-09",
            "price": "272.52",
            "revenue": 67775
        },
        "2015-10": {
            "month": "2015-10",
            "price": "289.26",
            "revenue": 72494
        },
        "2015-11": {
            "month": "2015-11",
            "price": "282.81",
            "revenue": 61891
        },
        "2015-12": {
            "month": "2015-12",
            "price": "342.67",
            "revenue": 66063
        },
        "2016-01": {
            "month": "2016-01",
            "price": "284.40",
            "revenue": 55832
        },
        "2016-02": {
            "month": "2016-02",
            "price": "281.42",
            "revenue": 48977
        },
        "2016-03": {
            "month": "2016-03",
            "price": "286.48",
            "revenue": 57287
        },
        "2016-04": {
            "month": "2016-04",
            "price": "273.68",
            "revenue": 59966
        },
        "2016-05": {
            "month": "2016-05",
            "price": "231.81",
            "revenue": 47740
        },
        "2016-06": {
            "month": "2016-06",
            "price": "231.43",
            "revenue": 46007
        },
        "2016-07": {
            "month": "2016-07",
            "price": "229.02",
            "revenue": 91067
        },
        "2016-08": {
            "month": "2016-08",
            "price": "219.09",
            "revenue": 81457
        },
        "2016-09": {
            "month": "2016-09",
            "price": "206.05",
            "revenue": 77855
        },
        "2016-10": {
            "month": "2016-10",
            "price": "214.08",
            "revenue": 92423
        },
        "2016-11": {
            "month": "2016-11",
            "price": "189.00",
            "revenue": 98312
        },
        "2016-12": {
            "month": "2016-12",
            "price": "193.14",
            "revenue": 109643
        },
        "2017-01": {
            "month": "2017-01",
            "price": "222.38",
            "revenue": 115142
        },
        "2017-02": {
            "month": "2017-02",
            "price": "224.11",
            "revenue": 98824
        },
        "2017-03": {
            "month": "2017-03",
            "price": "205.48",
            "revenue": 103187
        },
        "2017-04": {
            "month": "2017-04",
            "price": "200.72",
            "revenue": 122698
        },
        "2017-05": {
            "month": "2017-05",
            "price": "188.68",
            "revenue": 115088
        },
        "2017-06": {
            "month": "2017-06",
            "price": "213.00",
            "revenue": 138098
        },
        "2017-07": {
            "month": "2017-07",
            "price": "258.10",
            "revenue": 114333
        },
        "2017-08": {
            "month": "2017-08",
            "price": "247.11",
            "revenue": 108072
        },
        "2017-09": {
            "month": "2017-09",
            "price": "279.34",
            "revenue": 126155
        },
        "2017-10": {
            "month": "2017-10",
            "price": "262.68",
            "revenue": 111370
        },
        "2017-11": {
            "month": "2017-11",
            "price": "273.00",
            "revenue": 142324
        },
        "2017-12": {
            "month": "2017-12",
            "price": "258.95",
            "revenue": 219146
        },
        "2018-01": {
            "month": "2018-01",
            "price": "252.14",
            "revenue": 134285
        },
        "2018-02": {
            "month": "2018-02",
            "price": "219.15",
            "revenue": 84106
        },
        "2018-03": {
            "month": "2018-03",
            "price": "222.76",
            "revenue": 130002
        },
        "2018-04": {
            "month": "2018-04",
            "price": "229.94",
            "revenue": 123837
        },
        "2018-05": {
            "month": "2018-05",
            "price": "219.64",
            "revenue": 101789
        },
        "2018-06": {
            "month": "2018-06",
            "price": "200.68",
            "revenue": 102680
        },
        "2018-07": {
            "month": "2018-07",
            "price": "197.20",
            "revenue": 89023
        },
        "2018-08": {
            "month": "2018-08",
            "price": "183.78",
            "revenue": 90150
        },
        "2018-09": {
            "month": "2018-09",
            "price": "163.21",
            "revenue": 184789
        },
        "2018-10": {
            "month": "2018-10",
            "price": "152.64",
            "revenue": 180765
        },
        "2018-11": {
            "month": "2018-11",
            "price": "146.61",
            "revenue": 209741
        },
        "2018-12": {
            "month": "2018-12",
            "price": "169.36",
            "revenue": 207490
        },
        "2019-01": {
            "month": "2019-01",
            "price": "184.33",
            "revenue": 155377
        },
        "2019-02": {
            "month": "2019-02",
            "price": "173.73",
            "revenue": 128814
        },
        "2019-03": {
            "month": "2019-03",
            "price": "169.75",
            "revenue": 153266
        },
        "2019-04": {
            "month": "2019-04",
            "price": "173.40",
            "revenue": 161923
        },
        "2019-05": {
            "month": "2019-05",
            "price": "192.98",
            "revenue": 154483
        },
        "2019-06": {
            "month": "2019-06",
            "price": "172.82",
            "revenue": 181782
        },
        "2019-07": {
            "month": "2019-07",
            "price": "190.85",
            "revenue": 198968
        },
        "2019-08": {
            "month": "2019-08",
            "price": "186.74",
            "revenue": 181524
        },
        "2019-09": {
            "month": "2019-09",
            "price": "217.34",
            "revenue": 189678
        },
        "2019-10": {
            "month": "2019-10",
            "price": "192.93",
            "revenue": 171542
        },
        "2019-11": {
            "month": "2019-11",
            "price": "179.62",
            "revenue": 184805
        },
        "2019-12": {
            "month": "2019-12",
            "price": "175.05",
            "revenue": 226818
        },
        "2020-01": {
            "month": "2020-01",
            "price": "176.50",
            "revenue": 140222
        },
        "2020-02": {
            "month": "2020-02",
            "price": "154.34",
            "revenue": 120225
        },
        "2020-03": {
            "month": "2020-03",
            "price": "114.91",
            "revenue": 103349
        },
        "2020-04": {
            "month": "2020-04",
            "price": "105.50",
            "revenue": 70039
        },
        "2020-05": {
            "month": "2020-05",
            "price": "116.98",
            "revenue": 75099
        },
        "2020-06": {
            "month": "2020-06",
            "price": "116.08",
            "revenue": 82213
        },
        "2020-07": {
            "month": "2020-07",
            "price": "110.70",
            "revenue": 71276
        },
        "2020-08": {
            "month": "2020-08",
            "price": "106.83",
            "revenue": 83903
        },
        "2020-09": {
            "month": "2020-09",
            "price": "102.91",
            "revenue": 71566
        },
        "2020-10": {
            "month": "2020-10",
            "price": "100.59",
            "revenue": 86719
        },
        "2020-11": {
            "month": "2020-11",
            "price": "109.91",
            "revenue": 80043
        },
        "2020-12": {
            "month": "2020-12",
            "price": "113.41",
            "revenue": 83032
        },
        "2021-01": {
            "month": "2021-01",
            "price": "103.42",
            "revenue": 70280
        },
        "2021-02": {
            "month": "2021-02",
            "price": "104.19",
            "revenue": 50432
        },
        "2021-03": {
            "month": "2021-03",
            "price": "131.55",
            "revenue": 72416
        },
        "2021-04": {
            "month": "2021-04",
            "price": "138.39",
            "revenue": 62491
        },
        "2021-05": {
            "month": "2021-05",
            "price": "121.55",
            "revenue": 50932
        },
        "2021-06": {
            "month": "2021-06",
            "price": "135.29",
            "revenue": 70879
        },
        "2021-07": {
            "month": "2021-07",
            "price": "135.07",
            "revenue": 80823
        },
        "2021-08": {
            "month": "2021-08",
            "price": "120.34",
            "revenue": 73256
        },
        "2021-09": {
            "month": "2021-09",
            "price": "114.12",
            "revenue": 70016
        },
        "2021-10": {
            "month": "2021-10",
            "price": "115.72",
            "revenue": 63489
        },
        "2021-11": {
            "month": "2021-11",
            "price": "140.64",
            "revenue": 60478
        },
        "2021-12": {
            "month": "2021-12",
            "price": "125.89",
            "revenue": 56731
        },
        "2022-01": {
            "month": "2022-01",
            "price": "114.42",
            "revenue": 51608
        },
        "2022-02": {
            "month": "2022-02",
            "price": "120.23",
            "revenue": 44939
        },
        "2022-03": {
            "month": "2022-03",
            "price": "118.52",
            "revenue": 60125
        },
        "2022-04": {
            "month": "2022-04",
            "price": "115.45",
            "revenue": 54695
        },
        "2022-05": {
            "month": "2022-05",
            "price": "114.21",
            "revenue": 62280
        },
        "2022-06": {
            "month": "2022-06",
            "price": "112.88",
            "revenue": 71494
        },
        "2022-07": {
            "month": "2022-07",
            "price": "112.69",
            "revenue": 71601
        },
        "2022-08": {
            "month": "2022-08",
            "price": "121.59",
            "revenue": 65258
        },
        "2022-09": {
            "month": "2022-09",
            "price": "110.52",
            "revenue": 60319
        },
        "2022-10": {
            "month": "2022-10",
            "price": "108.22",
            "revenue": 70606
        },
        "2022-11": {
            "month": "2022-11",
            "price": "111.55",
            "revenue": 70263
        },
        "2022-12": {
            "month": "2022-12",
            "price": "121.82",
            "revenue": 87191
        },
        "2023-01": {
            "month": "2023-01",
            "price": "133.42",
            "revenue": 55894
        },
        "2023-02": {
            "month": "2023-02",
            "price": "136.25",
            "revenue": 62288
        },
        "2023-03": {
            "month": "2023-03",
            "price": "133.17",
            "revenue": 63567
        },
        "2023-04": {
            "month": "2023-04",
            "price": "123.35",
            "revenue": 64288
        },
        "2023-05": {
            "month": "2023-05",
            "price": "117.89",
            "revenue": 60267
        },
        "2023-06": {
            "month": "2023-06",
            "price": "123.55",
            "revenue": 70428
        },
        "2023-07": {
            "month": "2023-07",
            "price": "127.40",
            "revenue": 70927
        },
        "2023-08": {
            "month": "2023-08",
            "price": "116.68",
            "revenue": 75422
        },
        "2023-09": {
            "month": "2023-09",
            "price": "117.72",
            "revenue": 76416
        },
        "2023-10": {
            "month": "2023-10",
            "price": "112.45",
            "revenue": 80110
        },
        "2023-11": {
            "month": "2023-11",
            "price": "119.00",
            "revenue": 82952
        },
        "2023-12": {
            "month": "2023-12",
            "price": "120.12",
            "revenue": 91615
        }
    }
}
