{
    "summary": {
        "stock_name": "鎧勝-KY",
        "stock_id": "5264",
        "category": "電腦及週邊設備",
        "main_business": "電腦、通訊、消費性電子等3C產品金屬外觀件及內構件之生產及銷售",
        "website_url": "http://www.casetekholdings.com/c/index.php",
        "ceo": "張昭平(代理)",
        "pe_ratio": 100,
        "report_year_from": 2010,
        "report_year_to": 2020,
        "age": 13,
        "eps_negative_percentage": 22,
        "eps_growth_avg": {
            "last_all": -16.11,
            "last_2y": -100,
            "last_4y": -63.71,
            "last_8y": null,
            "last_12y": null,
            "last_16y": null,
            "last_20y": null,
            "at_2006_last_3y": null,
            "at_2007_last_3y": null,
            "at_2008_last_3y": null,
            "at_2009_last_3y": null,
            "at_2010_last_3y": null,
            "at_2011_last_3y": null,
            "at_2012_last_3y": null,
            "at_2013_last_3y": null,
            "at_2014_last_3y": null,
            "at_2015_last_3y": null,
            "at_2016_last_3y": 11.06,
            "at_2017_last_3y": -24.17,
            "at_2018_last_3y": -44.16,
            "at_2019_last_3y": -63.71,
            "at_2020_last_3y": -70.46,
            "at_2021_last_3y": -70.46,
            "at_2022_last_3y": -70.46,
            "at_2023_last_3y": -70.46,
            "at_2006_last_all": null,
            "at_2007_last_all": null,
            "at_2008_last_all": null,
            "at_2009_last_all": null,
            "at_2010_last_all": null,
            "at_2011_last_all": null,
            "at_2012_last_all": null,
            "at_2013_last_all": null,
            "at_2014_last_all": 39.98,
            "at_2015_last_all": 31.49,
            "at_2016_last_all": 11.06,
            "at_2017_last_all": 0.67,
            "at_2018_last_all": -16.11,
            "at_2019_last_all": -16.11,
            "at_2020_last_all": -16.11,
            "at_2021_last_all": -16.11,
            "at_2022_last_all": -16.11,
            "at_2023_last_all": -16.11
        },
        "latest_eps": 0.61,
        "latest_price": 87.1,
        "latest_roe": 0.83,
        "latest_gross_margin": 16.83,
        "latest_equity": 29977208,
        "latest_revenue": 12707784,
        "latest_gross_profit": 2138241,
        "latest_net_income": 757203,
        "latest_debt_ratio": 54.59,
        "latest_current_ratio": 138.15,
        "latest_account_receivable_turnover_ratio": 1.43,
        "latest_inventory_turnover_ratio": 1.49,
        "latest_reinvestment_rate": 760.69,
        "latest_research_to_sale_ratio": 3.03
    },
    "eps_dividends": {
        "2001": {
            "cash": 0,
            "stock": 0,
            "eps": 0
        },
        "2002": {
            "cash": 0,
            "stock": 0,
            "eps": 0
        },
        "2003": {
            "cash": 0,
            "stock": 0,
            "eps": 0
        },
        "2004": {
            "cash": 0,
            "stock": 0,
            "eps": 0
        },
        "2005": {
            "cash": 0,
            "stock": 0,
            "eps": 0
        },
        "2006": {
            "cash": 0,
            "stock": 0,
            "eps": 0
        },
        "2007": {
            "cash": 0,
            "stock": 0,
            "eps": 0
        },
        "2008": {
            "cash": 0,
            "stock": 0,
            "eps": 0
        },
        "2009": {
            "cash": 0,
            "stock": 0,
            "eps": 0
        },
        "2010": {
            "cash": 0,
            "stock": 0,
            "eps": 0
        },
        "2011": {
            "cash": 0,
            "stock": 0,
            "eps": 0
        },
        "2012": {
            "cash": 0,
            "stock": 0,
            "eps": 4.41
        },
        "2013": {
            "cash": 1,
            "stock": 0,
            "eps": 18.12
        },
        "2014": {
            "cash": 9,
            "stock": 0,
            "eps": 14.49
        },
        "2015": {
            "cash": 7.2,
            "stock": 0,
            "eps": 16.59
        },
        "2016": {
            "cash": 8,
            "stock": 0,
            "eps": 8.26
        },
        "2017": {
            "cash": 4,
            "stock": 0,
            "eps": 4.88
        },
        "2018": {
            "cash": 2.5,
            "stock": 0,
            "eps": -4.15
        },
        "2019": {
            "cash": 1,
            "stock": 0,
            "eps": -1.5
        },
        "2020": {
            "cash": 1,
            "stock": 0,
            "eps": 0.59
        }
    },
    "dividends": {
        "2013-03-18": {
            "cash": 1,
            "stock": 0
        },
        "2014-09-12": {
            "cash": 9,
            "stock": 0
        },
        "2015-09-21": {
            "cash": 7.2,
            "stock": 0
        },
        "2016-09-19": {
            "cash": 8,
            "stock": 0
        },
        "2017-09-18": {
            "cash": 4,
            "stock": 0
        },
        "2018-09-17": {
            "cash": 2.5,
            "stock": 0
        },
        "2019-09-19": {
            "cash": 1,
            "stock": 0
        },
        "2020-08-27": {
            "cash": 1,
            "stock": 0
        }
    },
    "prices": {
        "200101": "無",
        "200102": "無",
        "200103": "無",
        "200104": "無",
        "200105": "無",
        "200106": "無",
        "200107": "無",
        "200108": "無",
        "200109": "無",
        "200110": "無",
        "200111": "無",
        "200112": "無",
        "200201": "無",
        "200202": "無",
        "200203": "無",
        "200204": "無",
        "200205": "無",
        "200206": "無",
        "200207": "無",
        "200208": "無",
        "200209": "無",
        "200210": "無",
        "200211": "無",
        "200212": "無",
        "200301": "無",
        "200302": "無",
        "200303": "無",
        "200304": "無",
        "200305": "無",
        "200306": "無",
        "200307": "無",
        "200308": "無",
        "200309": "無",
        "200310": "無",
        "200311": "無",
        "200312": "無",
        "200401": "無",
        "200402": "無",
        "200403": "無",
        "200404": "無",
        "200405": "無",
        "200406": "無",
        "200407": "無",
        "200408": "無",
        "200409": "無",
        "200410": "無",
        "200411": "無",
        "200412": "無",
        "200501": "無",
        "200502": "無",
        "200503": "無",
        "200504": "無",
        "200505": "無",
        "200506": "無",
        "200507": "無",
        "200508": "無",
        "200509": "無",
        "200510": "無",
        "200511": "無",
        "200512": "無",
        "200601": "無",
        "200602": "無",
        "200603": "無",
        "200604": "無",
        "200605": "無",
        "200606": "無",
        "200607": "無",
        "200608": "無",
        "200609": "無",
        "200610": "無",
        "200611": "無",
        "200612": "無",
        "200701": "無",
        "200702": "無",
        "200703": "無",
        "200704": "無",
        "200705": "無",
        "200706": "無",
        "200707": "無",
        "200708": "無",
        "200709": "無",
        "200710": "無",
        "200711": "無",
        "200712": "無",
        "200801": "無",
        "200802": "無",
        "200803": "無",
        "200804": "無",
        "200805": "無",
        "200806": "無",
        "200807": "無",
        "200808": "無",
        "200809": "無",
        "200810": "無",
        "200811": "無",
        "200812": "無",
        "200901": "無",
        "200902": "無",
        "200903": "無",
        "200904": "無",
        "200905": "無",
        "200906": "無",
        "200907": "無",
        "200908": "無",
        "200909": "無",
        "200910": "無",
        "200911": "無",
        "200912": "無",
        "201001": "無",
        "201002": "無",
        "201003": "無",
        "201004": "無",
        "201005": "無",
        "201006": "無",
        "201007": "無",
        "201008": "無",
        "201009": "無",
        "201010": "無",
        "201011": "無",
        "201012": "無",
        "201101": "無",
        "201102": "無",
        "201103": "無",
        "201104": "無",
        "201105": "無",
        "201106": "無",
        "201107": "無",
        "201108": "無",
        "201109": "無",
        "201110": "無",
        "201111": "無",
        "201112": "無",
        "201201": "無",
        "201202": "無",
        "201203": "無",
        "201204": "無",
        "201205": "無",
        "201206": "無",
        "201207": "無",
        "201208": "無",
        "201209": "無",
        "201210": "無",
        "201211": "無",
        "201212": "無",
        "201301": "141.30",
        "201302": "146.96",
        "201303": "144.45",
        "201304": "142.95",
        "201305": "170.20",
        "201306": "158.37",
        "201307": "149.04",
        "201308": "157.55",
        "201309": "157.60",
        "201310": "153.43",
        "201311": "151.12",
        "201312": "154.55",
        "201401": "159.56",
        "201402": "169.41",
        "201403": "168.60",
        "201404": "161.24",
        "201405": "159.67",
        "201406": "171.60",
        "201407": "183.89",
        "201408": "177.31",
        "201409": "179.45",
        "201410": "187.75",
        "201411": "192.95",
        "201412": "184.88",
        "201501": "180.40",
        "201502": "172.38",
        "201503": "175.50",
        "201504": "178.90",
        "201505": "195.62",
        "201506": "196.50",
        "201507": "186.25",
        "201508": "139.17",
        "201509": "139.40",
        "201510": "145.36",
        "201511": "158.05",
        "201512": "153.59",
        "201601": "145.24",
        "201602": "174.42",
        "201603": "177.72",
        "201604": "161.29",
        "201605": "118.50",
        "201606": "114.86",
        "201607": "120.65",
        "201608": "121.00",
        "201609": "114.50",
        "201610": "110.80",
        "201611": "84.01",
        "201612": "85.05",
        "201701": "87.40",
        "201702": "99.20",
        "201703": "102.25",
        "201704": "91.04",
        "201705": "88.62",
        "201706": "99.27",
        "201707": "101.84",
        "201708": "101.48",
        "201709": "104.18",
        "201710": "98.95",
        "201711": "117.52",
        "201712": "104.36",
        "201801": "102.79",
        "201802": "96.23",
        "201803": "87.73",
        "201804": "76.08",
        "201805": "70.15",
        "201806": "75.82",
        "201807": "72.51",
        "201808": "61.91",
        "201809": "54.33",
        "201810": "46.84",
        "201811": "43.83",
        "201812": "38.83",
        "201901": "46.92",
        "201902": "50.43",
        "201903": "50.17",
        "201904": "53.77",
        "201905": "42.10",
        "201906": "42.39",
        "201907": "49.52",
        "201908": "50.95",
        "201909": "54.14",
        "201910": "55.76",
        "201911": "51.32",
        "201912": "48.30",
        "202001": "46.32",
        "202002": "42.18",
        "202003": "37.14",
        "202004": "43.18",
        "202005": "43.47",
        "202006": "57.51",
        "202007": "68.49",
        "202008": "80.32",
        "202009": "85.51",
        "202010": "86.49",
        "202011": "86.39",
        "202012": "87.27",
        "202101": "87.20",
        "202102": "無",
        "202103": "無",
        "202104": "無",
        "202105": "無",
        "202106": "無",
        "202107": "無",
        "202108": "無",
        "202109": "無",
        "202110": "無",
        "202111": "無",
        "202112": "無",
        "202201": "無",
        "202202": "無",
        "202203": "無",
        "202204": "無",
        "202205": "無",
        "202206": "無",
        "202207": "無",
        "202208": "無",
        "202209": "無",
        "202210": "無",
        "202211": "無",
        "202212": "無",
        "202301": "無",
        "202302": "無",
        "202303": "無",
        "202304": "無",
        "202305": "無",
        "202306": "無",
        "202307": "無",
        "202308": "無",
        "202309": "無",
        "202310": "無"
    },
    "quarters": {
        "20011": {
            "year_quarter": 20011,
            "year": 2001,
            "quarter": 1,
            "eps": null,
            "eps_growth_year": null,
            "eps_4q": null,
            "eps_4q_growth_year": null,
            "roe": null,
            "roe_4q": 0,
            "gross_profit": null,
            "gross_margin": null,
            "gross_margin_4q_avg": 0,
            "net_income": null,
            "net_income_4q": null,
            "revenue": null,
            "revenue_4q": null,
            "common_shares": null,
            "book_valuer_per_share": null,
            "book_valuer_per_share_4q_avg": 0,
            "equity": null,
            "current_ratio": null,
            "debt_ratio": null,
            "inventory_turnover_ratio": null,
            "account_receivable_turnover_ratio": null,
            "reinvestment_rate": null,
            "research_to_sale_ratio": null,
            "price_fair": 0,
            "eps_avg_yearly": 0,
            "eps_latest_yearly": 0,
            "eps_growth_yearly": 0
        },
        "20012": {
            "year_quarter": 20012,
            "year": 2001,
            "quarter": 2,
            "eps": null,
            "eps_growth_year": null,
            "eps_4q": null,
            "eps_4q_growth_year": null,
            "roe": null,
            "roe_4q": 0,
            "gross_profit": null,
            "gross_margin": null,
            "gross_margin_4q_avg": 0,
            "net_income": null,
            "net_income_4q": null,
            "revenue": null,
            "revenue_4q": null,
            "common_shares": null,
            "book_valuer_per_share": null,
            "book_valuer_per_share_4q_avg": 0,
            "equity": null,
            "current_ratio": null,
            "debt_ratio": null,
            "inventory_turnover_ratio": null,
            "account_receivable_turnover_ratio": null,
            "reinvestment_rate": null,
            "research_to_sale_ratio": null,
            "price_fair": 0,
            "eps_avg_yearly": 0,
            "eps_latest_yearly": 0,
            "eps_growth_yearly": 0
        },
        "20013": {
            "year_quarter": 20013,
            "year": 2001,
            "quarter": 3,
            "eps": null,
            "eps_growth_year": null,
            "eps_4q": null,
            "eps_4q_growth_year": null,
            "roe": null,
            "roe_4q": 0,
            "gross_profit": null,
            "gross_margin": null,
            "gross_margin_4q_avg": 0,
            "net_income": null,
            "net_income_4q": null,
            "revenue": null,
            "revenue_4q": null,
            "common_shares": null,
            "book_valuer_per_share": null,
            "book_valuer_per_share_4q_avg": 0,
            "equity": null,
            "current_ratio": null,
            "debt_ratio": null,
            "inventory_turnover_ratio": null,
            "account_receivable_turnover_ratio": null,
            "reinvestment_rate": null,
            "research_to_sale_ratio": null,
            "price_fair": 0,
            "eps_avg_yearly": 0,
            "eps_latest_yearly": 0,
            "eps_growth_yearly": 0
        },
        "20014": {
            "year_quarter": 20014,
            "year": 2001,
            "quarter": 4,
            "eps": null,
            "eps_growth_year": null,
            "eps_4q": null,
            "eps_4q_growth_year": null,
            "roe": null,
            "roe_4q": 0,
            "gross_profit": null,
            "gross_margin": null,
            "gross_margin_4q_avg": 0,
            "net_income": null,
            "net_income_4q": null,
            "revenue": null,
            "revenue_4q": null,
            "common_shares": null,
            "book_valuer_per_share": null,
            "book_valuer_per_share_4q_avg": 0,
            "equity": null,
            "current_ratio": null,
            "debt_ratio": null,
            "inventory_turnover_ratio": null,
            "account_receivable_turnover_ratio": null,
            "reinvestment_rate": null,
            "research_to_sale_ratio": null,
            "price_fair": 0,
            "eps_avg_yearly": 0,
            "eps_latest_yearly": 0,
            "eps_growth_yearly": 0
        },
        "20021": {
            "year_quarter": 20021,
            "year": 2002,
            "quarter": 1,
            "eps": null,
            "eps_growth_year": null,
            "eps_4q": null,
            "eps_4q_growth_year": null,
            "roe": null,
            "roe_4q": 0,
            "gross_profit": null,
            "gross_margin": null,
            "gross_margin_4q_avg": 0,
            "net_income": null,
            "net_income_4q": null,
            "revenue": null,
            "revenue_4q": null,
            "common_shares": null,
            "book_valuer_per_share": null,
            "book_valuer_per_share_4q_avg": 0,
            "equity": null,
            "current_ratio": null,
            "debt_ratio": null,
            "inventory_turnover_ratio": null,
            "account_receivable_turnover_ratio": null,
            "reinvestment_rate": null,
            "research_to_sale_ratio": null,
            "price_fair": 0,
            "eps_avg_yearly": 0,
            "eps_latest_yearly": 0,
            "eps_growth_yearly": 0
        },
        "20022": {
            "year_quarter": 20022,
            "year": 2002,
            "quarter": 2,
            "eps": null,
            "eps_growth_year": null,
            "eps_4q": null,
            "eps_4q_growth_year": null,
            "roe": null,
            "roe_4q": 0,
            "gross_profit": null,
            "gross_margin": null,
            "gross_margin_4q_avg": 0,
            "net_income": null,
            "net_income_4q": null,
            "revenue": null,
            "revenue_4q": null,
            "common_shares": null,
            "book_valuer_per_share": null,
            "book_valuer_per_share_4q_avg": 0,
            "equity": null,
            "current_ratio": null,
            "debt_ratio": null,
            "inventory_turnover_ratio": null,
            "account_receivable_turnover_ratio": null,
            "reinvestment_rate": null,
            "research_to_sale_ratio": null,
            "price_fair": 0,
            "eps_avg_yearly": 0,
            "eps_latest_yearly": 0,
            "eps_growth_yearly": 0
        },
        "20023": {
            "year_quarter": 20023,
            "year": 2002,
            "quarter": 3,
            "eps": null,
            "eps_growth_year": null,
            "eps_4q": null,
            "eps_4q_growth_year": null,
            "roe": null,
            "roe_4q": 0,
            "gross_profit": null,
            "gross_margin": null,
            "gross_margin_4q_avg": 0,
            "net_income": null,
            "net_income_4q": null,
            "revenue": null,
            "revenue_4q": null,
            "common_shares": null,
            "book_valuer_per_share": null,
            "book_valuer_per_share_4q_avg": 0,
            "equity": null,
            "current_ratio": null,
            "debt_ratio": null,
            "inventory_turnover_ratio": null,
            "account_receivable_turnover_ratio": null,
            "reinvestment_rate": null,
            "research_to_sale_ratio": null,
            "price_fair": 0,
            "eps_avg_yearly": 0,
            "eps_latest_yearly": 0,
            "eps_growth_yearly": 0
        },
        "20024": {
            "year_quarter": 20024,
            "year": 2002,
            "quarter": 4,
            "eps": null,
            "eps_growth_year": null,
            "eps_4q": null,
            "eps_4q_growth_year": null,
            "roe": null,
            "roe_4q": 0,
            "gross_profit": null,
            "gross_margin": null,
            "gross_margin_4q_avg": 0,
            "net_income": null,
            "net_income_4q": null,
            "revenue": null,
            "revenue_4q": null,
            "common_shares": null,
            "book_valuer_per_share": null,
            "book_valuer_per_share_4q_avg": 0,
            "equity": null,
            "current_ratio": null,
            "debt_ratio": null,
            "inventory_turnover_ratio": null,
            "account_receivable_turnover_ratio": null,
            "reinvestment_rate": null,
            "research_to_sale_ratio": null,
            "price_fair": 0,
            "eps_avg_yearly": 0,
            "eps_latest_yearly": 0,
            "eps_growth_yearly": 0
        },
        "20031": {
            "year_quarter": 20031,
            "year": 2003,
            "quarter": 1,
            "eps": null,
            "eps_growth_year": null,
            "eps_4q": null,
            "eps_4q_growth_year": null,
            "roe": null,
            "roe_4q": 0,
            "gross_profit": null,
            "gross_margin": null,
            "gross_margin_4q_avg": 0,
            "net_income": null,
            "net_income_4q": null,
            "revenue": null,
            "revenue_4q": null,
            "common_shares": null,
            "book_valuer_per_share": null,
            "book_valuer_per_share_4q_avg": 0,
            "equity": null,
            "current_ratio": null,
            "debt_ratio": null,
            "inventory_turnover_ratio": null,
            "account_receivable_turnover_ratio": null,
            "reinvestment_rate": null,
            "research_to_sale_ratio": null,
            "price_fair": 0,
            "eps_avg_yearly": 0,
            "eps_latest_yearly": 0,
            "eps_growth_yearly": 0
        },
        "20032": {
            "year_quarter": 20032,
            "year": 2003,
            "quarter": 2,
            "eps": null,
            "eps_growth_year": null,
            "eps_4q": null,
            "eps_4q_growth_year": null,
            "roe": null,
            "roe_4q": 0,
            "gross_profit": null,
            "gross_margin": null,
            "gross_margin_4q_avg": 0,
            "net_income": null,
            "net_income_4q": null,
            "revenue": null,
            "revenue_4q": null,
            "common_shares": null,
            "book_valuer_per_share": null,
            "book_valuer_per_share_4q_avg": 0,
            "equity": null,
            "current_ratio": null,
            "debt_ratio": null,
            "inventory_turnover_ratio": null,
            "account_receivable_turnover_ratio": null,
            "reinvestment_rate": null,
            "research_to_sale_ratio": null,
            "price_fair": 0,
            "eps_avg_yearly": 0,
            "eps_latest_yearly": 0,
            "eps_growth_yearly": 0
        },
        "20033": {
            "year_quarter": 20033,
            "year": 2003,
            "quarter": 3,
            "eps": null,
            "eps_growth_year": null,
            "eps_4q": null,
            "eps_4q_growth_year": null,
            "roe": null,
            "roe_4q": 0,
            "gross_profit": null,
            "gross_margin": null,
            "gross_margin_4q_avg": 0,
            "net_income": null,
            "net_income_4q": null,
            "revenue": null,
            "revenue_4q": null,
            "common_shares": null,
            "book_valuer_per_share": null,
            "book_valuer_per_share_4q_avg": 0,
            "equity": null,
            "current_ratio": null,
            "debt_ratio": null,
            "inventory_turnover_ratio": null,
            "account_receivable_turnover_ratio": null,
            "reinvestment_rate": null,
            "research_to_sale_ratio": null,
            "price_fair": 0,
            "eps_avg_yearly": 0,
            "eps_latest_yearly": 0,
            "eps_growth_yearly": 0
        },
        "20034": {
            "year_quarter": 20034,
            "year": 2003,
            "quarter": 4,
            "eps": null,
            "eps_growth_year": null,
            "eps_4q": null,
            "eps_4q_growth_year": null,
            "roe": null,
            "roe_4q": 0,
            "gross_profit": null,
            "gross_margin": null,
            "gross_margin_4q_avg": 0,
            "net_income": null,
            "net_income_4q": null,
            "revenue": null,
            "revenue_4q": null,
            "common_shares": null,
            "book_valuer_per_share": null,
            "book_valuer_per_share_4q_avg": 0,
            "equity": null,
            "current_ratio": null,
            "debt_ratio": null,
            "inventory_turnover_ratio": null,
            "account_receivable_turnover_ratio": null,
            "reinvestment_rate": null,
            "research_to_sale_ratio": null,
            "price_fair": 0,
            "eps_avg_yearly": 0,
            "eps_latest_yearly": 0,
            "eps_growth_yearly": 0
        },
        "20041": {
            "year_quarter": 20041,
            "year": 2004,
            "quarter": 1,
            "eps": null,
            "eps_growth_year": null,
            "eps_4q": null,
            "eps_4q_growth_year": null,
            "roe": null,
            "roe_4q": 0,
            "gross_profit": null,
            "gross_margin": null,
            "gross_margin_4q_avg": 0,
            "net_income": null,
            "net_income_4q": null,
            "revenue": null,
            "revenue_4q": null,
            "common_shares": null,
            "book_valuer_per_share": null,
            "book_valuer_per_share_4q_avg": 0,
            "equity": null,
            "current_ratio": null,
            "debt_ratio": null,
            "inventory_turnover_ratio": null,
            "account_receivable_turnover_ratio": null,
            "reinvestment_rate": null,
            "research_to_sale_ratio": null,
            "price_fair": 0,
            "eps_avg_yearly": 0,
            "eps_latest_yearly": 0,
            "eps_growth_yearly": 0
        },
        "20042": {
            "year_quarter": 20042,
            "year": 2004,
            "quarter": 2,
            "eps": null,
            "eps_growth_year": null,
            "eps_4q": null,
            "eps_4q_growth_year": null,
            "roe": null,
            "roe_4q": 0,
            "gross_profit": null,
            "gross_margin": null,
            "gross_margin_4q_avg": 0,
            "net_income": null,
            "net_income_4q": null,
            "revenue": null,
            "revenue_4q": null,
            "common_shares": null,
            "book_valuer_per_share": null,
            "book_valuer_per_share_4q_avg": 0,
            "equity": null,
            "current_ratio": null,
            "debt_ratio": null,
            "inventory_turnover_ratio": null,
            "account_receivable_turnover_ratio": null,
            "reinvestment_rate": null,
            "research_to_sale_ratio": null,
            "price_fair": 0,
            "eps_avg_yearly": 0,
            "eps_latest_yearly": 0,
            "eps_growth_yearly": 0
        },
        "20043": {
            "year_quarter": 20043,
            "year": 2004,
            "quarter": 3,
            "eps": null,
            "eps_growth_year": null,
            "eps_4q": null,
            "eps_4q_growth_year": null,
            "roe": null,
            "roe_4q": 0,
            "gross_profit": null,
            "gross_margin": null,
            "gross_margin_4q_avg": 0,
            "net_income": null,
            "net_income_4q": null,
            "revenue": null,
            "revenue_4q": null,
            "common_shares": null,
            "book_valuer_per_share": null,
            "book_valuer_per_share_4q_avg": 0,
            "equity": null,
            "current_ratio": null,
            "debt_ratio": null,
            "inventory_turnover_ratio": null,
            "account_receivable_turnover_ratio": null,
            "reinvestment_rate": null,
            "research_to_sale_ratio": null,
            "price_fair": 0,
            "eps_avg_yearly": 0,
            "eps_latest_yearly": 0,
            "eps_growth_yearly": 0
        },
        "20044": {
            "year_quarter": 20044,
            "year": 2004,
            "quarter": 4,
            "eps": null,
            "eps_growth_year": null,
            "eps_4q": null,
            "eps_4q_growth_year": null,
            "roe": null,
            "roe_4q": 0,
            "gross_profit": null,
            "gross_margin": null,
            "gross_margin_4q_avg": 0,
            "net_income": null,
            "net_income_4q": null,
            "revenue": null,
            "revenue_4q": null,
            "common_shares": null,
            "book_valuer_per_share": null,
            "book_valuer_per_share_4q_avg": 0,
            "equity": null,
            "current_ratio": null,
            "debt_ratio": null,
            "inventory_turnover_ratio": null,
            "account_receivable_turnover_ratio": null,
            "reinvestment_rate": null,
            "research_to_sale_ratio": null,
            "price_fair": 0,
            "eps_avg_yearly": 0,
            "eps_latest_yearly": 0,
            "eps_growth_yearly": 0
        },
        "20051": {
            "year_quarter": 20051,
            "year": 2005,
            "quarter": 1,
            "eps": null,
            "eps_growth_year": null,
            "eps_4q": null,
            "eps_4q_growth_year": null,
            "roe": null,
            "roe_4q": 0,
            "gross_profit": null,
            "gross_margin": null,
            "gross_margin_4q_avg": 0,
            "net_income": null,
            "net_income_4q": null,
            "revenue": null,
            "revenue_4q": null,
            "common_shares": null,
            "book_valuer_per_share": null,
            "book_valuer_per_share_4q_avg": 0,
            "equity": null,
            "current_ratio": null,
            "debt_ratio": null,
            "inventory_turnover_ratio": null,
            "account_receivable_turnover_ratio": null,
            "reinvestment_rate": null,
            "research_to_sale_ratio": null,
            "price_fair": 0,
            "eps_avg_yearly": 0,
            "eps_latest_yearly": 0,
            "eps_growth_yearly": 0
        },
        "20052": {
            "year_quarter": 20052,
            "year": 2005,
            "quarter": 2,
            "eps": null,
            "eps_growth_year": null,
            "eps_4q": null,
            "eps_4q_growth_year": null,
            "roe": null,
            "roe_4q": 0,
            "gross_profit": null,
            "gross_margin": null,
            "gross_margin_4q_avg": 0,
            "net_income": null,
            "net_income_4q": null,
            "revenue": null,
            "revenue_4q": null,
            "common_shares": null,
            "book_valuer_per_share": null,
            "book_valuer_per_share_4q_avg": 0,
            "equity": null,
            "current_ratio": null,
            "debt_ratio": null,
            "inventory_turnover_ratio": null,
            "account_receivable_turnover_ratio": null,
            "reinvestment_rate": null,
            "research_to_sale_ratio": null,
            "price_fair": 0,
            "eps_avg_yearly": 0,
            "eps_latest_yearly": 0,
            "eps_growth_yearly": 0
        },
        "20053": {
            "year_quarter": 20053,
            "year": 2005,
            "quarter": 3,
            "eps": null,
            "eps_growth_year": null,
            "eps_4q": null,
            "eps_4q_growth_year": null,
            "roe": null,
            "roe_4q": 0,
            "gross_profit": null,
            "gross_margin": null,
            "gross_margin_4q_avg": 0,
            "net_income": null,
            "net_income_4q": null,
            "revenue": null,
            "revenue_4q": null,
            "common_shares": null,
            "book_valuer_per_share": null,
            "book_valuer_per_share_4q_avg": 0,
            "equity": null,
            "current_ratio": null,
            "debt_ratio": null,
            "inventory_turnover_ratio": null,
            "account_receivable_turnover_ratio": null,
            "reinvestment_rate": null,
            "research_to_sale_ratio": null,
            "price_fair": 0,
            "eps_avg_yearly": 0,
            "eps_latest_yearly": 0,
            "eps_growth_yearly": 0
        },
        "20054": {
            "year_quarter": 20054,
            "year": 2005,
            "quarter": 4,
            "eps": null,
            "eps_growth_year": null,
            "eps_4q": null,
            "eps_4q_growth_year": null,
            "roe": null,
            "roe_4q": 0,
            "gross_profit": null,
            "gross_margin": null,
            "gross_margin_4q_avg": 0,
            "net_income": null,
            "net_income_4q": null,
            "revenue": null,
            "revenue_4q": null,
            "common_shares": null,
            "book_valuer_per_share": null,
            "book_valuer_per_share_4q_avg": 0,
            "equity": null,
            "current_ratio": null,
            "debt_ratio": null,
            "inventory_turnover_ratio": null,
            "account_receivable_turnover_ratio": null,
            "reinvestment_rate": null,
            "research_to_sale_ratio": null,
            "price_fair": 0,
            "eps_avg_yearly": 0,
            "eps_latest_yearly": 0,
            "eps_growth_yearly": 0
        },
        "20061": {
            "year_quarter": 20061,
            "year": 2006,
            "quarter": 1,
            "eps": null,
            "eps_growth_year": null,
            "eps_4q": null,
            "eps_4q_growth_year": null,
            "roe": null,
            "roe_4q": 0,
            "gross_profit": null,
            "gross_margin": null,
            "gross_margin_4q_avg": 0,
            "net_income": null,
            "net_income_4q": null,
            "revenue": null,
            "revenue_4q": null,
            "common_shares": null,
            "book_valuer_per_share": null,
            "book_valuer_per_share_4q_avg": 0,
            "equity": null,
            "current_ratio": null,
            "debt_ratio": null,
            "inventory_turnover_ratio": null,
            "account_receivable_turnover_ratio": null,
            "reinvestment_rate": null,
            "research_to_sale_ratio": null,
            "price_fair": 0,
            "eps_avg_yearly": 0,
            "eps_latest_yearly": 0,
            "eps_growth_yearly": 0
        },
        "20062": {
            "year_quarter": 20062,
            "year": 2006,
            "quarter": 2,
            "eps": null,
            "eps_growth_year": null,
            "eps_4q": null,
            "eps_4q_growth_year": null,
            "roe": null,
            "roe_4q": 0,
            "gross_profit": null,
            "gross_margin": null,
            "gross_margin_4q_avg": 0,
            "net_income": null,
            "net_income_4q": null,
            "revenue": null,
            "revenue_4q": null,
            "common_shares": null,
            "book_valuer_per_share": null,
            "book_valuer_per_share_4q_avg": 0,
            "equity": null,
            "current_ratio": null,
            "debt_ratio": null,
            "inventory_turnover_ratio": null,
            "account_receivable_turnover_ratio": null,
            "reinvestment_rate": null,
            "research_to_sale_ratio": null,
            "price_fair": 0,
            "eps_avg_yearly": 0,
            "eps_latest_yearly": 0,
            "eps_growth_yearly": 0
        },
        "20063": {
            "year_quarter": 20063,
            "year": 2006,
            "quarter": 3,
            "eps": null,
            "eps_growth_year": null,
            "eps_4q": null,
            "eps_4q_growth_year": null,
            "roe": null,
            "roe_4q": 0,
            "gross_profit": null,
            "gross_margin": null,
            "gross_margin_4q_avg": 0,
            "net_income": null,
            "net_income_4q": null,
            "revenue": null,
            "revenue_4q": null,
            "common_shares": null,
            "book_valuer_per_share": null,
            "book_valuer_per_share_4q_avg": 0,
            "equity": null,
            "current_ratio": null,
            "debt_ratio": null,
            "inventory_turnover_ratio": null,
            "account_receivable_turnover_ratio": null,
            "reinvestment_rate": null,
            "research_to_sale_ratio": null,
            "price_fair": 0,
            "eps_avg_yearly": 0,
            "eps_latest_yearly": 0,
            "eps_growth_yearly": 0
        },
        "20064": {
            "year_quarter": 20064,
            "year": 2006,
            "quarter": 4,
            "eps": null,
            "eps_growth_year": null,
            "eps_4q": null,
            "eps_4q_growth_year": null,
            "roe": null,
            "roe_4q": 0,
            "gross_profit": null,
            "gross_margin": null,
            "gross_margin_4q_avg": 0,
            "net_income": null,
            "net_income_4q": null,
            "revenue": null,
            "revenue_4q": null,
            "common_shares": null,
            "book_valuer_per_share": null,
            "book_valuer_per_share_4q_avg": 0,
            "equity": null,
            "current_ratio": null,
            "debt_ratio": null,
            "inventory_turnover_ratio": null,
            "account_receivable_turnover_ratio": null,
            "reinvestment_rate": null,
            "research_to_sale_ratio": null,
            "price_fair": 0,
            "eps_avg_yearly": 0,
            "eps_latest_yearly": 0,
            "eps_growth_yearly": 0
        },
        "20071": {
            "year_quarter": 20071,
            "year": 2007,
            "quarter": 1,
            "eps": null,
            "eps_growth_year": null,
            "eps_4q": null,
            "eps_4q_growth_year": null,
            "roe": null,
            "roe_4q": 0,
            "gross_profit": null,
            "gross_margin": null,
            "gross_margin_4q_avg": 0,
            "net_income": null,
            "net_income_4q": null,
            "revenue": null,
            "revenue_4q": null,
            "common_shares": null,
            "book_valuer_per_share": null,
            "book_valuer_per_share_4q_avg": 0,
            "equity": null,
            "current_ratio": null,
            "debt_ratio": null,
            "inventory_turnover_ratio": null,
            "account_receivable_turnover_ratio": null,
            "reinvestment_rate": null,
            "research_to_sale_ratio": null,
            "price_fair": 0,
            "eps_avg_yearly": 0,
            "eps_latest_yearly": 0,
            "eps_growth_yearly": 0
        },
        "20072": {
            "year_quarter": 20072,
            "year": 2007,
            "quarter": 2,
            "eps": null,
            "eps_growth_year": null,
            "eps_4q": null,
            "eps_4q_growth_year": null,
            "roe": null,
            "roe_4q": 0,
            "gross_profit": null,
            "gross_margin": null,
            "gross_margin_4q_avg": 0,
            "net_income": null,
            "net_income_4q": null,
            "revenue": null,
            "revenue_4q": null,
            "common_shares": null,
            "book_valuer_per_share": null,
            "book_valuer_per_share_4q_avg": 0,
            "equity": null,
            "current_ratio": null,
            "debt_ratio": null,
            "inventory_turnover_ratio": null,
            "account_receivable_turnover_ratio": null,
            "reinvestment_rate": null,
            "research_to_sale_ratio": null,
            "price_fair": 0,
            "eps_avg_yearly": 0,
            "eps_latest_yearly": 0,
            "eps_growth_yearly": 0
        },
        "20073": {
            "year_quarter": 20073,
            "year": 2007,
            "quarter": 3,
            "eps": null,
            "eps_growth_year": null,
            "eps_4q": null,
            "eps_4q_growth_year": null,
            "roe": null,
            "roe_4q": 0,
            "gross_profit": null,
            "gross_margin": null,
            "gross_margin_4q_avg": 0,
            "net_income": null,
            "net_income_4q": null,
            "revenue": null,
            "revenue_4q": null,
            "common_shares": null,
            "book_valuer_per_share": null,
            "book_valuer_per_share_4q_avg": 0,
            "equity": null,
            "current_ratio": null,
            "debt_ratio": null,
            "inventory_turnover_ratio": null,
            "account_receivable_turnover_ratio": null,
            "reinvestment_rate": null,
            "research_to_sale_ratio": null,
            "price_fair": 0,
            "eps_avg_yearly": 0,
            "eps_latest_yearly": 0,
            "eps_growth_yearly": 0
        },
        "20074": {
            "year_quarter": 20074,
            "year": 2007,
            "quarter": 4,
            "eps": null,
            "eps_growth_year": null,
            "eps_4q": null,
            "eps_4q_growth_year": null,
            "roe": null,
            "roe_4q": 0,
            "gross_profit": null,
            "gross_margin": null,
            "gross_margin_4q_avg": 0,
            "net_income": null,
            "net_income_4q": null,
            "revenue": null,
            "revenue_4q": null,
            "common_shares": null,
            "book_valuer_per_share": null,
            "book_valuer_per_share_4q_avg": 0,
            "equity": null,
            "current_ratio": null,
            "debt_ratio": null,
            "inventory_turnover_ratio": null,
            "account_receivable_turnover_ratio": null,
            "reinvestment_rate": null,
            "research_to_sale_ratio": null,
            "price_fair": 0,
            "eps_avg_yearly": 0,
            "eps_latest_yearly": 0,
            "eps_growth_yearly": 0
        },
        "20081": {
            "year_quarter": 20081,
            "year": 2008,
            "quarter": 1,
            "eps": null,
            "eps_growth_year": null,
            "eps_4q": null,
            "eps_4q_growth_year": null,
            "roe": null,
            "roe_4q": 0,
            "gross_profit": null,
            "gross_margin": null,
            "gross_margin_4q_avg": 0,
            "net_income": null,
            "net_income_4q": null,
            "revenue": null,
            "revenue_4q": null,
            "common_shares": null,
            "book_valuer_per_share": null,
            "book_valuer_per_share_4q_avg": 0,
            "equity": null,
            "current_ratio": null,
            "debt_ratio": null,
            "inventory_turnover_ratio": null,
            "account_receivable_turnover_ratio": null,
            "reinvestment_rate": null,
            "research_to_sale_ratio": null,
            "price_fair": 0,
            "eps_avg_yearly": 0,
            "eps_latest_yearly": 0,
            "eps_growth_yearly": 0
        },
        "20082": {
            "year_quarter": 20082,
            "year": 2008,
            "quarter": 2,
            "eps": null,
            "eps_growth_year": null,
            "eps_4q": null,
            "eps_4q_growth_year": null,
            "roe": null,
            "roe_4q": 0,
            "gross_profit": null,
            "gross_margin": null,
            "gross_margin_4q_avg": 0,
            "net_income": null,
            "net_income_4q": null,
            "revenue": null,
            "revenue_4q": null,
            "common_shares": null,
            "book_valuer_per_share": null,
            "book_valuer_per_share_4q_avg": 0,
            "equity": null,
            "current_ratio": null,
            "debt_ratio": null,
            "inventory_turnover_ratio": null,
            "account_receivable_turnover_ratio": null,
            "reinvestment_rate": null,
            "research_to_sale_ratio": null,
            "price_fair": 0,
            "eps_avg_yearly": 0,
            "eps_latest_yearly": 0,
            "eps_growth_yearly": 0
        },
        "20083": {
            "year_quarter": 20083,
            "year": 2008,
            "quarter": 3,
            "eps": null,
            "eps_growth_year": null,
            "eps_4q": null,
            "eps_4q_growth_year": null,
            "roe": null,
            "roe_4q": 0,
            "gross_profit": null,
            "gross_margin": null,
            "gross_margin_4q_avg": 0,
            "net_income": null,
            "net_income_4q": null,
            "revenue": null,
            "revenue_4q": null,
            "common_shares": null,
            "book_valuer_per_share": null,
            "book_valuer_per_share_4q_avg": 0,
            "equity": null,
            "current_ratio": null,
            "debt_ratio": null,
            "inventory_turnover_ratio": null,
            "account_receivable_turnover_ratio": null,
            "reinvestment_rate": null,
            "research_to_sale_ratio": null,
            "price_fair": 0,
            "eps_avg_yearly": 0,
            "eps_latest_yearly": 0,
            "eps_growth_yearly": 0
        },
        "20084": {
            "year_quarter": 20084,
            "year": 2008,
            "quarter": 4,
            "eps": null,
            "eps_growth_year": null,
            "eps_4q": null,
            "eps_4q_growth_year": null,
            "roe": null,
            "roe_4q": 0,
            "gross_profit": null,
            "gross_margin": null,
            "gross_margin_4q_avg": 0,
            "net_income": null,
            "net_income_4q": null,
            "revenue": null,
            "revenue_4q": null,
            "common_shares": null,
            "book_valuer_per_share": null,
            "book_valuer_per_share_4q_avg": 0,
            "equity": null,
            "current_ratio": null,
            "debt_ratio": null,
            "inventory_turnover_ratio": null,
            "account_receivable_turnover_ratio": null,
            "reinvestment_rate": null,
            "research_to_sale_ratio": null,
            "price_fair": 0,
            "eps_avg_yearly": 0,
            "eps_latest_yearly": 0,
            "eps_growth_yearly": 0
        },
        "20091": {
            "year_quarter": 20091,
            "year": 2009,
            "quarter": 1,
            "eps": null,
            "eps_growth_year": null,
            "eps_4q": null,
            "eps_4q_growth_year": null,
            "roe": null,
            "roe_4q": 0,
            "gross_profit": null,
            "gross_margin": null,
            "gross_margin_4q_avg": 0,
            "net_income": null,
            "net_income_4q": null,
            "revenue": null,
            "revenue_4q": null,
            "common_shares": null,
            "book_valuer_per_share": null,
            "book_valuer_per_share_4q_avg": 0,
            "equity": null,
            "current_ratio": null,
            "debt_ratio": null,
            "inventory_turnover_ratio": null,
            "account_receivable_turnover_ratio": null,
            "reinvestment_rate": null,
            "research_to_sale_ratio": null,
            "price_fair": 0,
            "eps_avg_yearly": 0,
            "eps_latest_yearly": 0,
            "eps_growth_yearly": 0
        },
        "20092": {
            "year_quarter": 20092,
            "year": 2009,
            "quarter": 2,
            "eps": null,
            "eps_growth_year": null,
            "eps_4q": null,
            "eps_4q_growth_year": null,
            "roe": null,
            "roe_4q": 0,
            "gross_profit": null,
            "gross_margin": null,
            "gross_margin_4q_avg": 0,
            "net_income": null,
            "net_income_4q": null,
            "revenue": null,
            "revenue_4q": null,
            "common_shares": null,
            "book_valuer_per_share": null,
            "book_valuer_per_share_4q_avg": 0,
            "equity": null,
            "current_ratio": null,
            "debt_ratio": null,
            "inventory_turnover_ratio": null,
            "account_receivable_turnover_ratio": null,
            "reinvestment_rate": null,
            "research_to_sale_ratio": null,
            "price_fair": 0,
            "eps_avg_yearly": 0,
            "eps_latest_yearly": 0,
            "eps_growth_yearly": 0
        },
        "20093": {
            "year_quarter": 20093,
            "year": 2009,
            "quarter": 3,
            "eps": null,
            "eps_growth_year": null,
            "eps_4q": null,
            "eps_4q_growth_year": null,
            "roe": null,
            "roe_4q": 0,
            "gross_profit": null,
            "gross_margin": null,
            "gross_margin_4q_avg": 0,
            "net_income": null,
            "net_income_4q": null,
            "revenue": null,
            "revenue_4q": null,
            "common_shares": null,
            "book_valuer_per_share": null,
            "book_valuer_per_share_4q_avg": 0,
            "equity": null,
            "current_ratio": null,
            "debt_ratio": null,
            "inventory_turnover_ratio": null,
            "account_receivable_turnover_ratio": null,
            "reinvestment_rate": null,
            "research_to_sale_ratio": null,
            "price_fair": 0,
            "eps_avg_yearly": 0,
            "eps_latest_yearly": 0,
            "eps_growth_yearly": 0
        },
        "20094": {
            "year_quarter": 20094,
            "year": 2009,
            "quarter": 4,
            "eps": null,
            "eps_growth_year": null,
            "eps_4q": null,
            "eps_4q_growth_year": null,
            "roe": null,
            "roe_4q": 0,
            "gross_profit": null,
            "gross_margin": null,
            "gross_margin_4q_avg": 0,
            "net_income": null,
            "net_income_4q": null,
            "revenue": null,
            "revenue_4q": null,
            "common_shares": 1641369,
            "book_valuer_per_share": 17.15,
            "book_valuer_per_share_4q_avg": 4.29,
            "equity": 2814627,
            "current_ratio": 99.7,
            "debt_ratio": 72.52,
            "inventory_turnover_ratio": null,
            "account_receivable_turnover_ratio": null,
            "reinvestment_rate": null,
            "research_to_sale_ratio": null,
            "price_fair": 0,
            "eps_avg_yearly": 0,
            "eps_latest_yearly": 0,
            "eps_growth_yearly": 0
        },
        "20101": {
            "year_quarter": 20101,
            "year": 2010,
            "quarter": 1,
            "eps": null,
            "eps_growth_year": null,
            "eps_4q": null,
            "eps_4q_growth_year": null,
            "roe": null,
            "roe_4q": 0,
            "gross_profit": null,
            "gross_margin": null,
            "gross_margin_4q_avg": 0,
            "net_income": null,
            "net_income_4q": null,
            "revenue": null,
            "revenue_4q": null,
            "common_shares": null,
            "book_valuer_per_share": null,
            "book_valuer_per_share_4q_avg": 4.29,
            "equity": null,
            "current_ratio": null,
            "debt_ratio": null,
            "inventory_turnover_ratio": null,
            "account_receivable_turnover_ratio": null,
            "reinvestment_rate": null,
            "research_to_sale_ratio": null,
            "price_fair": 0,
            "eps_avg_yearly": 0,
            "eps_latest_yearly": 0,
            "eps_growth_yearly": 0
        },
        "20102": {
            "year_quarter": 20102,
            "year": 2010,
            "quarter": 2,
            "eps": null,
            "eps_growth_year": null,
            "eps_4q": null,
            "eps_4q_growth_year": null,
            "roe": null,
            "roe_4q": 0,
            "gross_profit": null,
            "gross_margin": null,
            "gross_margin_4q_avg": 0,
            "net_income": null,
            "net_income_4q": null,
            "revenue": null,
            "revenue_4q": null,
            "common_shares": null,
            "book_valuer_per_share": null,
            "book_valuer_per_share_4q_avg": 4.29,
            "equity": null,
            "current_ratio": null,
            "debt_ratio": null,
            "inventory_turnover_ratio": null,
            "account_receivable_turnover_ratio": null,
            "reinvestment_rate": null,
            "research_to_sale_ratio": null,
            "price_fair": 0,
            "eps_avg_yearly": 0,
            "eps_latest_yearly": 0,
            "eps_growth_yearly": 0
        },
        "20103": {
            "year_quarter": 20103,
            "year": 2010,
            "quarter": 3,
            "eps": null,
            "eps_growth_year": null,
            "eps_4q": null,
            "eps_4q_growth_year": null,
            "roe": null,
            "roe_4q": 0,
            "gross_profit": null,
            "gross_margin": null,
            "gross_margin_4q_avg": 0,
            "net_income": null,
            "net_income_4q": null,
            "revenue": null,
            "revenue_4q": null,
            "common_shares": null,
            "book_valuer_per_share": null,
            "book_valuer_per_share_4q_avg": 4.29,
            "equity": null,
            "current_ratio": null,
            "debt_ratio": null,
            "inventory_turnover_ratio": null,
            "account_receivable_turnover_ratio": null,
            "reinvestment_rate": null,
            "research_to_sale_ratio": null,
            "price_fair": 0,
            "eps_avg_yearly": 0,
            "eps_latest_yearly": 0,
            "eps_growth_yearly": 0
        },
        "20104": {
            "year_quarter": 20104,
            "year": 2010,
            "quarter": 4,
            "eps": null,
            "eps_growth_year": null,
            "eps_4q": null,
            "eps_4q_growth_year": null,
            "roe": null,
            "roe_4q": 0,
            "gross_profit": null,
            "gross_margin": null,
            "gross_margin_4q_avg": 0,
            "net_income": null,
            "net_income_4q": null,
            "revenue": null,
            "revenue_4q": null,
            "common_shares": 2270069,
            "book_valuer_per_share": 14.9,
            "book_valuer_per_share_4q_avg": 3.73,
            "equity": 3381795,
            "current_ratio": 117.2,
            "debt_ratio": 75.95,
            "inventory_turnover_ratio": null,
            "account_receivable_turnover_ratio": null,
            "reinvestment_rate": null,
            "research_to_sale_ratio": null,
            "price_fair": 0,
            "eps_avg_yearly": 0,
            "eps_latest_yearly": 0,
            "eps_growth_yearly": 0
        },
        "20111": {
            "year_quarter": 20111,
            "year": 2011,
            "quarter": 1,
            "eps": null,
            "eps_growth_year": null,
            "eps_4q": null,
            "eps_4q_growth_year": null,
            "roe": null,
            "roe_4q": 0,
            "gross_profit": null,
            "gross_margin": null,
            "gross_margin_4q_avg": 0,
            "net_income": null,
            "net_income_4q": null,
            "revenue": null,
            "revenue_4q": null,
            "common_shares": null,
            "book_valuer_per_share": null,
            "book_valuer_per_share_4q_avg": 3.73,
            "equity": null,
            "current_ratio": null,
            "debt_ratio": null,
            "inventory_turnover_ratio": null,
            "account_receivable_turnover_ratio": null,
            "reinvestment_rate": null,
            "research_to_sale_ratio": null,
            "price_fair": 0,
            "eps_avg_yearly": 0,
            "eps_latest_yearly": 0,
            "eps_growth_yearly": 0
        },
        "20112": {
            "year_quarter": 20112,
            "year": 2011,
            "quarter": 2,
            "eps": null,
            "eps_growth_year": null,
            "eps_4q": null,
            "eps_4q_growth_year": null,
            "roe": null,
            "roe_4q": 0,
            "gross_profit": null,
            "gross_margin": null,
            "gross_margin_4q_avg": 0,
            "net_income": null,
            "net_income_4q": null,
            "revenue": null,
            "revenue_4q": null,
            "common_shares": null,
            "book_valuer_per_share": null,
            "book_valuer_per_share_4q_avg": 3.73,
            "equity": null,
            "current_ratio": null,
            "debt_ratio": null,
            "inventory_turnover_ratio": null,
            "account_receivable_turnover_ratio": null,
            "reinvestment_rate": null,
            "research_to_sale_ratio": null,
            "price_fair": 0,
            "eps_avg_yearly": 0,
            "eps_latest_yearly": 0,
            "eps_growth_yearly": 0
        },
        "20113": {
            "year_quarter": 20113,
            "year": 2011,
            "quarter": 3,
            "eps": null,
            "eps_growth_year": null,
            "eps_4q": null,
            "eps_4q_growth_year": null,
            "roe": null,
            "roe_4q": 0,
            "gross_profit": null,
            "gross_margin": null,
            "gross_margin_4q_avg": 0,
            "net_income": null,
            "net_income_4q": null,
            "revenue": null,
            "revenue_4q": null,
            "common_shares": 2397690,
            "book_valuer_per_share": null,
            "book_valuer_per_share_4q_avg": 3.73,
            "equity": 10646083,
            "current_ratio": null,
            "debt_ratio": null,
            "inventory_turnover_ratio": null,
            "account_receivable_turnover_ratio": null,
            "reinvestment_rate": null,
            "research_to_sale_ratio": null,
            "price_fair": 0,
            "eps_avg_yearly": 0,
            "eps_latest_yearly": 0,
            "eps_growth_yearly": 0
        },
        "20114": {
            "year_quarter": 20114,
            "year": 2011,
            "quarter": 4,
            "eps": null,
            "eps_growth_year": null,
            "eps_4q": null,
            "eps_4q_growth_year": null,
            "roe": null,
            "roe_4q": 0,
            "gross_profit": 276384,
            "gross_margin": null,
            "gross_margin_4q_avg": 0,
            "net_income": -368347,
            "net_income_4q": null,
            "revenue": 5778885,
            "revenue_4q": null,
            "common_shares": 2397690,
            "book_valuer_per_share": 36.87,
            "book_valuer_per_share_4q_avg": 9.22,
            "equity": 8840800,
            "current_ratio": 102.31,
            "debt_ratio": 70.65,
            "inventory_turnover_ratio": null,
            "account_receivable_turnover_ratio": null,
            "reinvestment_rate": null,
            "research_to_sale_ratio": null,
            "price_fair": 0,
            "eps_avg_yearly": 0,
            "eps_latest_yearly": 0,
            "eps_growth_yearly": 0
        },
        "20121": {
            "year_quarter": 20121,
            "year": 2012,
            "quarter": 1,
            "eps": null,
            "eps_growth_year": null,
            "eps_4q": null,
            "eps_4q_growth_year": null,
            "roe": null,
            "roe_4q": 0,
            "gross_profit": 648880,
            "gross_margin": null,
            "gross_margin_4q_avg": 0,
            "net_income": 190927,
            "net_income_4q": null,
            "revenue": 4563929,
            "revenue_4q": null,
            "common_shares": 2531270,
            "book_valuer_per_share": null,
            "book_valuer_per_share_4q_avg": 9.22,
            "equity": 10388053,
            "current_ratio": null,
            "debt_ratio": null,
            "inventory_turnover_ratio": null,
            "account_receivable_turnover_ratio": null,
            "reinvestment_rate": null,
            "research_to_sale_ratio": null,
            "price_fair": 0,
            "eps_avg_yearly": 0,
            "eps_latest_yearly": 0,
            "eps_growth_yearly": 0
        },
        "20122": {
            "year_quarter": 20122,
            "year": 2012,
            "quarter": 2,
            "eps": null,
            "eps_growth_year": null,
            "eps_4q": null,
            "eps_4q_growth_year": null,
            "roe": null,
            "roe_4q": 0,
            "gross_profit": 1593488,
            "gross_margin": null,
            "gross_margin_4q_avg": 0,
            "net_income": 586086,
            "net_income_4q": null,
            "revenue": 8220266,
            "revenue_4q": null,
            "common_shares": 3157070,
            "book_valuer_per_share": null,
            "book_valuer_per_share_4q_avg": 9.22,
            "equity": 13970512,
            "current_ratio": null,
            "debt_ratio": null,
            "inventory_turnover_ratio": null,
            "account_receivable_turnover_ratio": null,
            "reinvestment_rate": null,
            "research_to_sale_ratio": null,
            "price_fair": 0,
            "eps_avg_yearly": 0,
            "eps_latest_yearly": 0,
            "eps_growth_yearly": 0
        },
        "20123": {
            "year_quarter": 20123,
            "year": 2012,
            "quarter": 3,
            "eps": null,
            "eps_growth_year": null,
            "eps_4q": null,
            "eps_4q_growth_year": null,
            "roe": null,
            "roe_4q": 0,
            "gross_profit": 2255684,
            "gross_margin": null,
            "gross_margin_4q_avg": 0,
            "net_income": 1072321,
            "net_income_4q": null,
            "revenue": 8547753,
            "revenue_4q": null,
            "common_shares": 3157070,
            "book_valuer_per_share": 46.79,
            "book_valuer_per_share_4q_avg": 20.92,
            "equity": 14773040,
            "current_ratio": 183.07,
            "debt_ratio": 57.2,
            "inventory_turnover_ratio": null,
            "account_receivable_turnover_ratio": null,
            "reinvestment_rate": null,
            "research_to_sale_ratio": null,
            "price_fair": 0,
            "eps_avg_yearly": 0,
            "eps_latest_yearly": 0,
            "eps_growth_yearly": 0
        },
        "20124": {
            "year_quarter": 20124,
            "year": 2012,
            "quarter": 4,
            "eps": 4.41,
            "eps_growth_year": null,
            "eps_4q": 4.41,
            "eps_4q_growth_year": null,
            "roe": 9.01,
            "roe_4q": 9.01,
            "gross_profit": 3273985,
            "gross_margin": 27.69,
            "gross_margin_4q_avg": 6.92,
            "net_income": 1391033,
            "net_income_4q": null,
            "revenue": 11824800,
            "revenue_4q": null,
            "common_shares": 3157070,
            "book_valuer_per_share": 51.06,
            "book_valuer_per_share_4q_avg": 24.46,
            "equity": 16121147,
            "current_ratio": 120.56,
            "debt_ratio": 56.57,
            "inventory_turnover_ratio": 3.65,
            "account_receivable_turnover_ratio": 1.56,
            "reinvestment_rate": null,
            "research_to_sale_ratio": 1.1,
            "price_fair": 0,
            "eps_avg_yearly": 0,
            "eps_latest_yearly": 0,
            "eps_growth_yearly": 0
        },
        "20131": {
            "year_quarter": 20131,
            "year": 2013,
            "quarter": 1,
            "eps": 5.24,
            "eps_growth_year": null,
            "eps_4q": 9.24,
            "eps_4q_growth_year": null,
            "roe": 9.53,
            "roe_4q": 18.54,
            "gross_profit": 3232412,
            "gross_margin": 33.01,
            "gross_margin_4q_avg": 15.18,
            "net_income": 1746813,
            "net_income_4q": null,
            "revenue": 9791046,
            "revenue_4q": null,
            "common_shares": 3397070,
            "book_valuer_per_share": 60.43,
            "book_valuer_per_share_4q_avg": 39.57,
            "equity": 20527583,
            "current_ratio": 146.83,
            "debt_ratio": 42.52,
            "inventory_turnover_ratio": 3.27,
            "account_receivable_turnover_ratio": 1.2,
            "reinvestment_rate": null,
            "research_to_sale_ratio": 0.78,
            "price_fair": 733.6,
            "eps_avg_yearly": 20.96,
            "eps_latest_yearly": 20.96,
            "eps_growth_yearly": 75.28
        },
        "20132": {
            "year_quarter": 20132,
            "year": 2013,
            "quarter": 2,
            "eps": 3.79,
            "eps_growth_year": null,
            "eps_4q": 13.03,
            "eps_4q_growth_year": null,
            "roe": 6.09,
            "roe_4q": 24.63,
            "gross_profit": 2057261,
            "gross_margin": 28.54,
            "gross_margin_4q_avg": 22.31,
            "net_income": 1288958,
            "net_income_4q": null,
            "revenue": 7209238,
            "revenue_4q": null,
            "common_shares": 3397070,
            "book_valuer_per_share": 64.19,
            "book_valuer_per_share_4q_avg": 55.62,
            "equity": 21805736,
            "current_ratio": 168.29,
            "debt_ratio": 35.09,
            "inventory_turnover_ratio": 3.72,
            "account_receivable_turnover_ratio": 1.25,
            "reinvestment_rate": null,
            "research_to_sale_ratio": 1.61,
            "price_fair": 54.18,
            "eps_avg_yearly": 18.06,
            "eps_latest_yearly": 15.16,
            "eps_growth_yearly": -17.7
        },
        "20133": {
            "year_quarter": 20133,
            "year": 2013,
            "quarter": 3,
            "eps": 3.89,
            "eps_growth_year": null,
            "eps_4q": 16.92,
            "eps_4q_growth_year": null,
            "roe": 5.91,
            "roe_4q": 30.54,
            "gross_profit": 2324423,
            "gross_margin": 28.1,
            "gross_margin_4q_avg": 29.34,
            "net_income": 1320841,
            "net_income_4q": null,
            "revenue": 8271623,
            "revenue_4q": null,
            "common_shares": 3397070,
            "book_valuer_per_share": 67.39,
            "book_valuer_per_share_4q_avg": 60.77,
            "equity": 22892523,
            "current_ratio": 167.68,
            "debt_ratio": 38.35,
            "inventory_turnover_ratio": 3.64,
            "account_receivable_turnover_ratio": 1.61,
            "reinvestment_rate": null,
            "research_to_sale_ratio": 1.64,
            "price_fair": 51.68,
            "eps_avg_yearly": 17.23,
            "eps_latest_yearly": 15.56,
            "eps_growth_yearly": -8.28
        },
        "20134": {
            "year_quarter": 20134,
            "year": 2013,
            "quarter": 4,
            "eps": 5.2,
            "eps_growth_year": 18,
            "eps_4q": 18.02,
            "eps_4q_growth_year": 309.07,
            "roe": 7.37,
            "roe_4q": 28.9,
            "gross_profit": 3656238,
            "gross_margin": 32.44,
            "gross_margin_4q_avg": 30.52,
            "net_income": 1766228,
            "net_income_4q": null,
            "revenue": 11270698,
            "revenue_4q": null,
            "common_shares": 3397070,
            "book_valuer_per_share": 73.61,
            "book_valuer_per_share_4q_avg": 66.41,
            "equity": 25005750,
            "current_ratio": 175.68,
            "debt_ratio": 40.59,
            "inventory_turnover_ratio": 3.35,
            "account_receivable_turnover_ratio": 1.57,
            "reinvestment_rate": null,
            "research_to_sale_ratio": 3.71,
            "price_fair": 634.2,
            "eps_avg_yearly": 18.12,
            "eps_latest_yearly": 20.8,
            "eps_growth_yearly": 27.46
        },
        "20141": {
            "year_quarter": 20141,
            "year": 2014,
            "quarter": 1,
            "eps": 3.3,
            "eps_growth_year": -37.02,
            "eps_4q": 16.18,
            "eps_4q_growth_year": 75.21,
            "roe": 4.36,
            "roe_4q": 23.73,
            "gross_profit": 2049350,
            "gross_margin": 27.06,
            "gross_margin_4q_avg": 29.04,
            "net_income": 1121812,
            "net_income_4q": null,
            "revenue": 7572984,
            "revenue_4q": null,
            "common_shares": 3397070,
            "book_valuer_per_share": 77.98,
            "book_valuer_per_share_4q_avg": 70.79,
            "equity": 26490137,
            "current_ratio": 217.53,
            "debt_ratio": 33.81,
            "inventory_turnover_ratio": 2.96,
            "account_receivable_turnover_ratio": 1.14,
            "reinvestment_rate": null,
            "research_to_sale_ratio": 2.25,
            "price_fair": 51.41,
            "eps_avg_yearly": 17.14,
            "eps_latest_yearly": 13.2,
            "eps_growth_yearly": -7.26
        },
        "20142": {
            "year_quarter": 20142,
            "year": 2014,
            "quarter": 2,
            "eps": 3.01,
            "eps_growth_year": -20.58,
            "eps_4q": 15.4,
            "eps_4q_growth_year": 18.15,
            "roe": 4.05,
            "roe_4q": 21.69,
            "gross_profit": 1763575,
            "gross_margin": 25.55,
            "gross_margin_4q_avg": 28.29,
            "net_income": 1021223,
            "net_income_4q": null,
            "revenue": 6903062,
            "revenue_4q": null,
            "common_shares": 3397070,
            "book_valuer_per_share": 70.53,
            "book_valuer_per_share_4q_avg": 72.38,
            "equity": 23958236,
            "current_ratio": 182.05,
            "debt_ratio": 38.6,
            "inventory_turnover_ratio": 3.55,
            "account_receivable_turnover_ratio": 1.44,
            "reinvestment_rate": null,
            "research_to_sale_ratio": 2.64,
            "price_fair": 48.86,
            "eps_avg_yearly": 16.29,
            "eps_latest_yearly": 12.04,
            "eps_growth_yearly": -11.91
        },
        "20143": {
            "year_quarter": 20143,
            "year": 2014,
            "quarter": 3,
            "eps": 3.76,
            "eps_growth_year": -3.34,
            "eps_4q": 15.27,
            "eps_4q_growth_year": -9.74,
            "roe": 5.15,
            "roe_4q": 20.93,
            "gross_profit": 2177153,
            "gross_margin": 25.57,
            "gross_margin_4q_avg": 27.66,
            "net_income": 1278679,
            "net_income_4q": null,
            "revenue": 8513340,
            "revenue_4q": null,
            "common_shares": 3397070,
            "book_valuer_per_share": 75.57,
            "book_valuer_per_share_4q_avg": 74.42,
            "equity": 25672963,
            "current_ratio": 200.66,
            "debt_ratio": 36.2,
            "inventory_turnover_ratio": 3.04,
            "account_receivable_turnover_ratio": 1.46,
            "reinvestment_rate": null,
            "research_to_sale_ratio": 2.43,
            "price_fair": 226.02,
            "eps_avg_yearly": 16.11,
            "eps_latest_yearly": 15.04,
            "eps_growth_yearly": 4.03
        },
        "20144": {
            "year_quarter": 20144,
            "year": 2014,
            "quarter": 4,
            "eps": 4.42,
            "eps_growth_year": -14.96,
            "eps_4q": 14.49,
            "eps_4q_growth_year": -19.59,
            "roe": 5.56,
            "roe_4q": 19.12,
            "gross_profit": 2995511,
            "gross_margin": 25.98,
            "gross_margin_4q_avg": 26.04,
            "net_income": 1501935,
            "net_income_4q": null,
            "revenue": 11530960,
            "revenue_4q": null,
            "common_shares": 3397070,
            "book_valuer_per_share": 83.45,
            "book_valuer_per_share_4q_avg": 76.88,
            "equity": 28349526,
            "current_ratio": 181.7,
            "debt_ratio": 38.72,
            "inventory_turnover_ratio": 3.23,
            "account_receivable_turnover_ratio": 1.58,
            "reinvestment_rate": null,
            "research_to_sale_ratio": 1.67,
            "price_fair": 363.66,
            "eps_avg_yearly": 16.31,
            "eps_latest_yearly": 17.68,
            "eps_growth_yearly": 12.3
        },
        "20151": {
            "year_quarter": 20151,
            "year": 2015,
            "quarter": 1,
            "eps": 2.66,
            "eps_growth_year": -19.39,
            "eps_4q": 13.85,
            "eps_4q_growth_year": -14.42,
            "roe": 3.16,
            "roe_4q": 17.919999999999998,
            "gross_profit": 1484668,
            "gross_margin": 18.6,
            "gross_margin_4q_avg": 23.93,
            "net_income": 903330,
            "net_income_4q": null,
            "revenue": 7983024,
            "revenue_4q": null,
            "common_shares": 3397070,
            "book_valuer_per_share": 84.96,
            "book_valuer_per_share_4q_avg": 78.63,
            "equity": 28861971,
            "current_ratio": 213.65,
            "debt_ratio": 33.48,
            "inventory_turnover_ratio": 2.52,
            "account_receivable_turnover_ratio": 1.24,
            "reinvestment_rate": null,
            "research_to_sale_ratio": 2.59,
            "price_fair": 47.03,
            "eps_avg_yearly": 15.68,
            "eps_latest_yearly": 10.64,
            "eps_growth_yearly": -6.76
        },
        "20152": {
            "year_quarter": 20152,
            "year": 2015,
            "quarter": 2,
            "eps": 2.82,
            "eps_growth_year": -6.31,
            "eps_4q": 13.67,
            "eps_4q_growth_year": -11.24,
            "roe": 3.43,
            "roe_4q": 17.299999999999997,
            "gross_profit": 1652239,
            "gross_margin": 20.14,
            "gross_margin_4q_avg": 22.57,
            "net_income": 958552,
            "net_income_4q": null,
            "revenue": 8203262,
            "revenue_4q": null,
            "common_shares": 3397070,
            "book_valuer_per_share": 79.71,
            "book_valuer_per_share_4q_avg": 80.92,
            "equity": 27078965,
            "current_ratio": 185.68,
            "debt_ratio": 37.12,
            "inventory_turnover_ratio": 2.6,
            "account_receivable_turnover_ratio": 1.47,
            "reinvestment_rate": null,
            "research_to_sale_ratio": 3.22,
            "price_fair": 45.71,
            "eps_avg_yearly": 15.24,
            "eps_latest_yearly": 11.28,
            "eps_growth_yearly": -3.68
        },
        "20153": {
            "year_quarter": 20153,
            "year": 2015,
            "quarter": 3,
            "eps": 4.75,
            "eps_growth_year": 26.33,
            "eps_4q": 14.65,
            "eps_4q_growth_year": -4.05,
            "roe": 5.71,
            "roe_4q": 17.86,
            "gross_profit": 2689241,
            "gross_margin": 26.62,
            "gross_margin_4q_avg": 22.84,
            "net_income": 1613950,
            "net_income_4q": null,
            "revenue": 10101593,
            "revenue_4q": null,
            "common_shares": 3397070,
            "book_valuer_per_share": 86.67,
            "book_valuer_per_share_4q_avg": 83.7,
            "equity": 29441717,
            "current_ratio": 173.43,
            "debt_ratio": 38.39,
            "inventory_turnover_ratio": 2.92,
            "account_receivable_turnover_ratio": 1.35,
            "reinvestment_rate": 42.91,
            "research_to_sale_ratio": 3.78,
            "price_fair": 491.38,
            "eps_avg_yearly": 15.58,
            "eps_latest_yearly": 19,
            "eps_growth_yearly": 21.54
        },
        "20154": {
            "year_quarter": 20154,
            "year": 2015,
            "quarter": 4,
            "eps": 6.36,
            "eps_growth_year": 43.82,
            "eps_4q": 16.59,
            "eps_4q_growth_year": 14.47,
            "roe": 7.15,
            "roe_4q": 19.45,
            "gross_profit": 4013904,
            "gross_margin": 32.56,
            "gross_margin_4q_avg": 24.48,
            "net_income": 2160059,
            "net_income_4q": null,
            "revenue": 12327035,
            "revenue_4q": null,
            "common_shares": 3397070,
            "book_valuer_per_share": 91.26,
            "book_valuer_per_share_4q_avg": 85.65,
            "equity": 31001574,
            "current_ratio": 185.43,
            "debt_ratio": 36.5,
            "inventory_turnover_ratio": 3.29,
            "account_receivable_turnover_ratio": 1.44,
            "reinvestment_rate": 9.57,
            "research_to_sale_ratio": 3.64,
            "price_fair": 574,
            "eps_avg_yearly": 16.4,
            "eps_latest_yearly": 25.44,
            "eps_growth_yearly": 31.05
        },
        "20161": {
            "year_quarter": 20161,
            "year": 2016,
            "quarter": 1,
            "eps": 2.72,
            "eps_growth_year": 2.26,
            "eps_4q": 16.65,
            "eps_4q_growth_year": 20.19,
            "roe": 2.95,
            "roe_4q": 19.240000000000002,
            "gross_profit": 2123004,
            "gross_margin": 25.21,
            "gross_margin_4q_avg": 26.13,
            "net_income": 922352,
            "net_income_4q": null,
            "revenue": 8422389,
            "revenue_4q": null,
            "common_shares": 3397070,
            "book_valuer_per_share": 92.83,
            "book_valuer_per_share_4q_avg": 87.62,
            "equity": 31533442,
            "current_ratio": 185.88,
            "debt_ratio": 34.44,
            "inventory_turnover_ratio": 2.5,
            "account_receivable_turnover_ratio": 1.16,
            "reinvestment_rate": 13.77,
            "research_to_sale_ratio": 4.24,
            "price_fair": 336.25,
            "eps_avg_yearly": 15.98,
            "eps_latest_yearly": 10.88,
            "eps_growth_yearly": 11.05
        },
        "20162": {
            "year_quarter": 20162,
            "year": 2016,
            "quarter": 2,
            "eps": 1.28,
            "eps_growth_year": -54.61,
            "eps_4q": 15.1,
            "eps_4q_growth_year": 10.51,
            "roe": 1.44,
            "roe_4q": 17.25,
            "gross_profit": 1084459,
            "gross_margin": 16.58,
            "gross_margin_4q_avg": 25.24,
            "net_income": 434062,
            "net_income_4q": null,
            "revenue": 6540072,
            "revenue_4q": null,
            "common_shares": 3397070,
            "book_valuer_per_share": 84.13,
            "book_valuer_per_share_4q_avg": 88.72,
            "equity": 28580008,
            "current_ratio": 175.31,
            "debt_ratio": 34.84,
            "inventory_turnover_ratio": 2.19,
            "account_receivable_turnover_ratio": 1.31,
            "reinvestment_rate": 9.64,
            "research_to_sale_ratio": 4.35,
            "price_fair": 45.6,
            "eps_avg_yearly": 15.2,
            "eps_latest_yearly": 5.12,
            "eps_growth_yearly": -4.87
        },
        "20163": {
            "year_quarter": 20163,
            "year": 2016,
            "quarter": 3,
            "eps": 1.08,
            "eps_growth_year": -77.26,
            "eps_4q": 11.43,
            "eps_4q_growth_year": -22.01,
            "roe": 1.29,
            "roe_4q": 12.83,
            "gross_profit": 884433,
            "gross_margin": 11.79,
            "gross_margin_4q_avg": 21.54,
            "net_income": 365516,
            "net_income_4q": null,
            "revenue": 7503813,
            "revenue_4q": null,
            "common_shares": 3397070,
            "book_valuer_per_share": 82.32,
            "book_valuer_per_share_4q_avg": 87.64,
            "equity": 27965385,
            "current_ratio": 164.65,
            "debt_ratio": 37.55,
            "inventory_turnover_ratio": 2.64,
            "account_receivable_turnover_ratio": 1.66,
            "reinvestment_rate": 9.99,
            "research_to_sale_ratio": 3.47,
            "price_fair": 43.42,
            "eps_avg_yearly": 14.47,
            "eps_latest_yearly": 4.32,
            "eps_growth_yearly": -8.71
        },
        "20164": {
            "year_quarter": 20164,
            "year": 2016,
            "quarter": 4,
            "eps": 3.18,
            "eps_growth_year": -50.02,
            "eps_4q": 8.25,
            "eps_4q_growth_year": -50.29,
            "roe": 3.81,
            "roe_4q": 9.489999999999998,
            "gross_profit": 2222186,
            "gross_margin": 21.58,
            "gross_margin_4q_avg": 18.79,
            "net_income": 1079694,
            "net_income_4q": null,
            "revenue": 10297036,
            "revenue_4q": null,
            "common_shares": 3397070,
            "book_valuer_per_share": 84.62,
            "book_valuer_per_share_4q_avg": 85.98,
            "equity": 28745243,
            "current_ratio": 148.43,
            "debt_ratio": 43.19,
            "inventory_turnover_ratio": 2.9,
            "account_receivable_turnover_ratio": 1.64,
            "reinvestment_rate": 9.92,
            "research_to_sale_ratio": 2.68,
            "price_fair": 502.78,
            "eps_avg_yearly": 14.37,
            "eps_latest_yearly": 12.72,
            "eps_growth_yearly": 40.45
        },
        "20171": {
            "year_quarter": 20171,
            "year": 2017,
            "quarter": 1,
            "eps": 1.01,
            "eps_growth_year": -62.87,
            "eps_4q": 6.54,
            "eps_4q_growth_year": -60.73,
            "roe": 1.21,
            "roe_4q": 7.75,
            "gross_profit": 1016423,
            "gross_margin": 16.04,
            "gross_margin_4q_avg": 16.5,
            "net_income": 341612,
            "net_income_4q": null,
            "revenue": 6338782,
            "revenue_4q": null,
            "common_shares": 3397070,
            "book_valuer_per_share": 81.08,
            "book_valuer_per_share_4q_avg": 83.04,
            "equity": 27543747,
            "current_ratio": 202.4,
            "debt_ratio": 40.9,
            "inventory_turnover_ratio": 1.73,
            "account_receivable_turnover_ratio": 0.98,
            "reinvestment_rate": 9.94,
            "research_to_sale_ratio": 3.82,
            "price_fair": 381.67,
            "eps_avg_yearly": 13.31,
            "eps_latest_yearly": 4.04,
            "eps_growth_yearly": 18.68
        },
        "20172": {
            "year_quarter": 20172,
            "year": 2017,
            "quarter": 2,
            "eps": 1.1,
            "eps_growth_year": -14.06,
            "eps_4q": 6.36,
            "eps_4q_growth_year": -57.89,
            "roe": 1.37,
            "roe_4q": 7.680000000000001,
            "gross_profit": 1094198,
            "gross_margin": 13.9,
            "gross_margin_4q_avg": 15.83,
            "net_income": 373766,
            "net_income_4q": null,
            "revenue": 7871920,
            "revenue_4q": null,
            "common_shares": 3397070,
            "book_valuer_per_share": 79.86,
            "book_valuer_per_share_4q_avg": 81.97,
            "equity": 27128677,
            "current_ratio": 199.29,
            "debt_ratio": 41.17,
            "inventory_turnover_ratio": 2.35,
            "account_receivable_turnover_ratio": 1.39,
            "reinvestment_rate": 16.8,
            "research_to_sale_ratio": 2.22,
            "price_fair": 442.23,
            "eps_avg_yearly": 12.64,
            "eps_latest_yearly": 4.4,
            "eps_growth_yearly": 27.83
        },
        "20173": {
            "year_quarter": 20173,
            "year": 2017,
            "quarter": 3,
            "eps": 1.93,
            "eps_growth_year": 78.7,
            "eps_4q": 7.18,
            "eps_4q_growth_year": -37.17,
            "roe": 2.37,
            "roe_4q": 8.76,
            "gross_profit": 1599363,
            "gross_margin": 17.48,
            "gross_margin_4q_avg": 17.25,
            "net_income": 654622,
            "net_income_4q": null,
            "revenue": 9151978,
            "revenue_4q": null,
            "common_shares": 3412070,
            "book_valuer_per_share": 82.71,
            "book_valuer_per_share_4q_avg": 82.07,
            "equity": 28219699,
            "current_ratio": 195.28,
            "debt_ratio": 42.04,
            "inventory_turnover_ratio": 2.32,
            "account_receivable_turnover_ratio": 1.42,
            "reinvestment_rate": 23.13,
            "research_to_sale_ratio": 2.59,
            "price_fair": 425.08,
            "eps_avg_yearly": 12.15,
            "eps_latest_yearly": 7.72,
            "eps_growth_yearly": 46.03
        },
        "20174": {
            "year_quarter": 20174,
            "year": 2017,
            "quarter": 4,
            "eps": 0.84,
            "eps_growth_year": -73.58,
            "eps_4q": 4.85,
            "eps_4q_growth_year": -41.13,
            "roe": 1.01,
            "roe_4q": 5.96,
            "gross_profit": 1098416,
            "gross_margin": 11.11,
            "gross_margin_4q_avg": 14.63,
            "net_income": 286491,
            "net_income_4q": null,
            "revenue": 9890535,
            "revenue_4q": null,
            "common_shares": 3412070,
            "book_valuer_per_share": 83.68,
            "book_valuer_per_share_4q_avg": 81.83,
            "equity": 28553782,
            "current_ratio": 188.62,
            "debt_ratio": 41.62,
            "inventory_turnover_ratio": 2.59,
            "account_receivable_turnover_ratio": 1.45,
            "reinvestment_rate": 34.43,
            "research_to_sale_ratio": 2.39,
            "price_fair": 370.26,
            "eps_avg_yearly": 11.06,
            "eps_latest_yearly": 3.36,
            "eps_growth_yearly": 23.49
        },
        "20181": {
            "year_quarter": 20181,
            "year": 2018,
            "quarter": 1,
            "eps": -1.28,
            "eps_growth_year": -226.73,
            "eps_4q": 1.94,
            "eps_4q_growth_year": -70.27,
            "roe": -1.54,
            "roe_4q": 3.21,
            "gross_profit": 100697,
            "gross_margin": 1.54,
            "gross_margin_4q_avg": 11.01,
            "net_income": -496299,
            "net_income_4q": null,
            "revenue": 6539530,
            "revenue_4q": null,
            "common_shares": 4212070,
            "book_valuer_per_share": 85.08,
            "book_valuer_per_share_4q_avg": 82.83,
            "equity": 35836165,
            "current_ratio": 245.5,
            "debt_ratio": 33.9,
            "inventory_turnover_ratio": 2.38,
            "account_receivable_turnover_ratio": 1.13,
            "reinvestment_rate": 61.62,
            "research_to_sale_ratio": 4.27,
            "price_fair": 381.92,
            "eps_avg_yearly": 10.91,
            "eps_latest_yearly": 3.36,
            "eps_growth_yearly": 34.8
        },
        "20182": {
            "year_quarter": 20182,
            "year": 2018,
            "quarter": 2,
            "eps": -2.2,
            "eps_growth_year": -300,
            "eps_4q": -1.14,
            "eps_4q_growth_year": -117.89,
            "roe": -2.65,
            "roe_4q": -0.8099999999999996,
            "gross_profit": -354292,
            "gross_margin": -5.82,
            "gross_margin_4q_avg": 6.08,
            "net_income": -924196,
            "net_income_4q": null,
            "revenue": 6088481,
            "revenue_4q": null,
            "common_shares": 4212070,
            "book_valuer_per_share": 80.67,
            "book_valuer_per_share_4q_avg": 83.04,
            "equity": 33980429,
            "current_ratio": 221.17,
            "debt_ratio": 36.53,
            "inventory_turnover_ratio": 2.58,
            "account_receivable_turnover_ratio": 1.32,
            "reinvestment_rate": 93.73,
            "research_to_sale_ratio": 5.12,
            "price_fair": 379.1,
            "eps_avg_yearly": 10.83,
            "eps_latest_yearly": 3.36,
            "eps_growth_yearly": 39.8
        },
        "20183": {
            "year_quarter": 20183,
            "year": 2018,
            "quarter": 3,
            "eps": -1.82,
            "eps_growth_year": -194.3,
            "eps_4q": -4.51,
            "eps_4q_growth_year": -162.76,
            "roe": -2.31,
            "roe_4q": -5.49,
            "gross_profit": 175849,
            "gross_margin": 2.29,
            "gross_margin_4q_avg": 2.28,
            "net_income": -763831,
            "net_income_4q": null,
            "revenue": 7686648,
            "revenue_4q": null,
            "common_shares": 4211810,
            "book_valuer_per_share": 76.24,
            "book_valuer_per_share_4q_avg": 81.42,
            "equity": 32111504,
            "current_ratio": 198.27,
            "debt_ratio": 39.04,
            "inventory_turnover_ratio": 2.6,
            "account_receivable_turnover_ratio": 1.5,
            "reinvestment_rate": 112.71,
            "research_to_sale_ratio": 3.55,
            "price_fair": 367.77,
            "eps_avg_yearly": 10.51,
            "eps_latest_yearly": 3.36,
            "eps_growth_yearly": 35.19
        },
        "20184": {
            "year_quarter": 20184,
            "year": 2018,
            "quarter": 4,
            "eps": 1.15,
            "eps_growth_year": 36.59,
            "eps_4q": -4.05,
            "eps_4q_growth_year": -183.39,
            "roe": 1.48,
            "roe_4q": -5.02,
            "gross_profit": 1471749,
            "gross_margin": 14.46,
            "gross_margin_4q_avg": 3.12,
            "net_income": 482207,
            "net_income_4q": null,
            "revenue": 10179799,
            "revenue_4q": null,
            "common_shares": 4204570,
            "book_valuer_per_share": 78.09,
            "book_valuer_per_share_4q_avg": 80.02,
            "equity": 32831882,
            "current_ratio": 191.94,
            "debt_ratio": 41.29,
            "inventory_turnover_ratio": 2.36,
            "account_receivable_turnover_ratio": 1.57,
            "reinvestment_rate": 111.43,
            "research_to_sale_ratio": 2.45,
            "price_fair": 346.85,
            "eps_avg_yearly": 9.91,
            "eps_latest_yearly": 3.36,
            "eps_growth_yearly": 32.28
        },
        "20191": {
            "year_quarter": 20191,
            "year": 2019,
            "quarter": 1,
            "eps": -1.58,
            "eps_growth_year": null,
            "eps_4q": -4.45,
            "eps_4q_growth_year": -328.82,
            "roe": -2.02,
            "roe_4q": -5.5,
            "gross_profit": 165967,
            "gross_margin": 2.5,
            "gross_margin_4q_avg": 3.36,
            "net_income": -663927,
            "net_income_4q": null,
            "revenue": 6642000,
            "revenue_4q": null,
            "common_shares": 4204570,
            "book_valuer_per_share": 78.05,
            "book_valuer_per_share_4q_avg": 78.26,
            "equity": 32816054,
            "current_ratio": 206.41,
            "debt_ratio": 40.62,
            "inventory_turnover_ratio": 1.46,
            "account_receivable_turnover_ratio": 1.1,
            "reinvestment_rate": 140.83,
            "research_to_sale_ratio": 4.02,
            "price_fair": 344.53,
            "eps_avg_yearly": 9.84,
            "eps_latest_yearly": 3.36,
            "eps_growth_yearly": 49.69
        },
        "20192": {
            "year_quarter": 20192,
            "year": 2019,
            "quarter": 2,
            "eps": 0.01,
            "eps_growth_year": null,
            "eps_4q": -2.24,
            "eps_4q_growth_year": null,
            "roe": 0.01,
            "roe_4q": -2.8400000000000003,
            "gross_profit": 888814,
            "gross_margin": 10.09,
            "gross_margin_4q_avg": 7.34,
            "net_income": 1904,
            "net_income_4q": null,
            "revenue": 8806945,
            "revenue_4q": null,
            "common_shares": 4204570,
            "book_valuer_per_share": 76.26,
            "book_valuer_per_share_4q_avg": 77.16,
            "equity": 32065840,
            "current_ratio": 212.07,
            "debt_ratio": 41.12,
            "inventory_turnover_ratio": 1.87,
            "account_receivable_turnover_ratio": 1.55,
            "reinvestment_rate": 154.4,
            "research_to_sale_ratio": 3.58,
            "price_fair": 339.5,
            "eps_avg_yearly": 9.7,
            "eps_latest_yearly": 3.36,
            "eps_growth_yearly": 52.25
        },
        "20193": {
            "year_quarter": 20193,
            "year": 2019,
            "quarter": 3,
            "eps": 0.03,
            "eps_growth_year": null,
            "eps_4q": -0.4,
            "eps_4q_growth_year": null,
            "roe": 0.04,
            "roe_4q": -0.49,
            "gross_profit": 1061557,
            "gross_margin": 12.01,
            "gross_margin_4q_avg": 9.77,
            "net_income": 12708,
            "net_income_4q": null,
            "revenue": 8839290,
            "revenue_4q": null,
            "common_shares": 4204570,
            "book_valuer_per_share": 74.36,
            "book_valuer_per_share_4q_avg": 76.69,
            "equity": 31266949,
            "current_ratio": 175.72,
            "debt_ratio": 40.18,
            "inventory_turnover_ratio": 2.25,
            "account_receivable_turnover_ratio": 1.35,
            "reinvestment_rate": 150.04,
            "research_to_sale_ratio": 3.6,
            "price_fair": 273.42,
            "eps_avg_yearly": 7.81,
            "eps_latest_yearly": 0.12,
            "eps_growth_yearly": 104.88
        },
        "20194": {
            "year_quarter": 20194,
            "year": 2019,
            "quarter": 4,
            "eps": 0.04,
            "eps_growth_year": -96.17,
            "eps_4q": -1.5,
            "eps_4q_growth_year": null,
            "roe": 0.06,
            "roe_4q": -1.91,
            "gross_profit": 812600,
            "gross_margin": 9.74,
            "gross_margin_4q_avg": 8.59,
            "net_income": 18485,
            "net_income_4q": null,
            "revenue": 8347202,
            "revenue_4q": null,
            "common_shares": 4204570,
            "book_valuer_per_share": 72.78,
            "book_valuer_per_share_4q_avg": 75.36,
            "equity": 30600397,
            "current_ratio": 183.04,
            "debt_ratio": 40.82,
            "inventory_turnover_ratio": 2.33,
            "account_receivable_turnover_ratio": 1.33,
            "reinvestment_rate": 245.74,
            "research_to_sale_ratio": 4.49,
            "price_fair": 184.94,
            "eps_avg_yearly": 5.28,
            "eps_latest_yearly": 0.16,
            "eps_growth_yearly": 104.65
        },
        "20201": {
            "year_quarter": 20201,
            "year": 2020,
            "quarter": 1,
            "eps": -3.1,
            "eps_growth_year": null,
            "eps_4q": -3.02,
            "eps_4q_growth_year": null,
            "roe": -4.36,
            "roe_4q": -4.250000000000001,
            "gross_profit": -647588,
            "gross_margin": -12.48,
            "gross_margin_4q_avg": 4.84,
            "net_income": -1304290,
            "net_income_4q": null,
            "revenue": 5189437,
            "revenue_4q": null,
            "common_shares": 4204570,
            "book_valuer_per_share": 69.39,
            "book_valuer_per_share_4q_avg": 73.2,
            "equity": 29175609,
            "current_ratio": 200.8,
            "debt_ratio": 40.28,
            "inventory_turnover_ratio": 1.8,
            "account_receivable_turnover_ratio": 1.01,
            "reinvestment_rate": null,
            "research_to_sale_ratio": 8.03,
            "price_fair": 163.18,
            "eps_avg_yearly": 4.66,
            "eps_latest_yearly": 0.16,
            "eps_growth_yearly": 141.72
        },
        "20202": {
            "year_quarter": 20202,
            "year": 2020,
            "quarter": 2,
            "eps": 1.87,
            "eps_growth_year": 18600,
            "eps_4q": -1.18,
            "eps_4q_growth_year": null,
            "roe": 2.7,
            "roe_4q": -1.56,
            "gross_profit": 2117672,
            "gross_margin": 18.34,
            "gross_margin_4q_avg": 6.9,
            "net_income": 782533,
            "net_income_4q": null,
            "revenue": 11545970,
            "revenue_4q": null,
            "common_shares": 4204570,
            "book_valuer_per_share": 69.13,
            "book_valuer_per_share_4q_avg": 71.42,
            "equity": 28773590,
            "current_ratio": 166.31,
            "debt_ratio": 47.28,
            "inventory_turnover_ratio": 2.57,
            "account_receivable_turnover_ratio": 1.87,
            "reinvestment_rate": 874.27,
            "research_to_sale_ratio": 3.81,
            "price_fair": 161.18,
            "eps_avg_yearly": 4.61,
            "eps_latest_yearly": 0.16,
            "eps_growth_yearly": 185.9
        },
        "20203": {
            "year_quarter": 20203,
            "year": 2020,
            "quarter": 3,
            "eps": 1.82,
            "eps_growth_year": 5966.67,
            "eps_4q": 0.61,
            "eps_4q_growth_year": null,
            "roe": 2.58,
            "roe_4q": 0.98,
            "gross_profit": 2138241,
            "gross_margin": 16.83,
            "gross_margin_4q_avg": 8.11,
            "net_income": 757203,
            "net_income_4q": null,
            "revenue": 12707784,
            "revenue_4q": null,
            "common_shares": 4204570,
            "book_valuer_per_share": 72.02,
            "book_valuer_per_share_4q_avg": 70.83,
            "equity": 29977208,
            "current_ratio": 138.15,
            "debt_ratio": 54.59,
            "inventory_turnover_ratio": 1.49,
            "account_receivable_turnover_ratio": 1.43,
            "reinvestment_rate": 760.69,
            "research_to_sale_ratio": 3.03,
            "price_fair": 174.13,
            "eps_avg_yearly": 4.98,
            "eps_latest_yearly": 7.28,
            "eps_growth_yearly": 192.38
        }
    },
    "months": {
        "2013-01": {
            "month": "2013-01",
            "price": "141.30",
            "revenue": 4279830
        },
        "2013-02": {
            "month": "2013-02",
            "price": "146.96",
            "revenue": 2700210
        },
        "2013-03": {
            "month": "2013-03",
            "price": "144.45",
            "revenue": 2797550
        },
        "2013-04": {
            "month": "2013-04",
            "price": "142.95",
            "revenue": 2661600
        },
        "2013-05": {
            "month": "2013-05",
            "price": "170.20",
            "revenue": 2017252
        },
        "2013-06": {
            "month": "2013-06",
            "price": "158.37",
            "revenue": 2519457
        },
        "2013-07": {
            "month": "2013-07",
            "price": "149.04",
            "revenue": 2822599
        },
        "2013-08": {
            "month": "2013-08",
            "price": "157.55",
            "revenue": 2625007
        },
        "2013-09": {
            "month": "2013-09",
            "price": "157.60",
            "revenue": 2822056
        },
        "2013-10": {
            "month": "2013-10",
            "price": "153.43",
            "revenue": 2964790
        },
        "2013-11": {
            "month": "2013-11",
            "price": "151.12",
            "revenue": 3773772
        },
        "2013-12": {
            "month": "2013-12",
            "price": "154.55",
            "revenue": 4523880
        },
        "2014-01": {
            "month": "2014-01",
            "price": "159.56",
            "revenue": 3394076
        },
        "2014-02": {
            "month": "2014-02",
            "price": "169.41",
            "revenue": 2020434
        },
        "2014-03": {
            "month": "2014-03",
            "price": "168.60",
            "revenue": 2142021
        },
        "2014-04": {
            "month": "2014-04",
            "price": "161.24",
            "revenue": 2148785
        },
        "2014-05": {
            "month": "2014-05",
            "price": "159.67",
            "revenue": 2333824
        },
        "2014-06": {
            "month": "2014-06",
            "price": "171.60",
            "revenue": 2419698
        },
        "2014-07": {
            "month": "2014-07",
            "price": "183.89",
            "revenue": 2513131
        },
        "2014-08": {
            "month": "2014-08",
            "price": "177.31",
            "revenue": 2711486
        },
        "2014-09": {
            "month": "2014-09",
            "price": "179.45",
            "revenue": 3287048
        },
        "2014-10": {
            "month": "2014-10",
            "price": "187.75",
            "revenue": 3855834
        },
        "2014-11": {
            "month": "2014-11",
            "price": "192.95",
            "revenue": 3932691
        },
        "2014-12": {
            "month": "2014-12",
            "price": "184.88",
            "revenue": 3802324
        },
        "2015-01": {
            "month": "2015-01",
            "price": "180.40",
            "revenue": 3519540
        },
        "2015-02": {
            "month": "2015-02",
            "price": "172.38",
            "revenue": 1809714
        },
        "2015-03": {
            "month": "2015-03",
            "price": "175.50",
            "revenue": 2657062
        },
        "2015-04": {
            "month": "2015-04",
            "price": "178.90",
            "revenue": 2304508
        },
        "2015-05": {
            "month": "2015-05",
            "price": "195.62",
            "revenue": 2646580
        },
        "2015-06": {
            "month": "2015-06",
            "price": "196.50",
            "revenue": 3245673
        },
        "2015-07": {
            "month": "2015-07",
            "price": "186.25",
            "revenue": 2802978
        },
        "2015-08": {
            "month": "2015-08",
            "price": "139.17",
            "revenue": 3475347
        },
        "2015-09": {
            "month": "2015-09",
            "price": "139.40",
            "revenue": 3876954
        },
        "2015-10": {
            "month": "2015-10",
            "price": "145.36",
            "revenue": 4095127
        },
        "2015-11": {
            "month": "2015-11",
            "price": "158.05",
            "revenue": 4210885
        },
        "2015-12": {
            "month": "2015-12",
            "price": "153.59",
            "revenue": 4113210
        },
        "2016-01": {
            "month": "2016-01",
            "price": "145.24",
            "revenue": 2983843
        },
        "2016-02": {
            "month": "2016-02",
            "price": "174.42",
            "revenue": 1975803
        },
        "2016-03": {
            "month": "2016-03",
            "price": "177.72",
            "revenue": 3448700
        },
        "2016-04": {
            "month": "2016-04",
            "price": "161.29",
            "revenue": 2479763
        },
        "2016-05": {
            "month": "2016-05",
            "price": "118.50",
            "revenue": 2039211
        },
        "2016-06": {
            "month": "2016-06",
            "price": "114.86",
            "revenue": 2037173
        },
        "2016-07": {
            "month": "2016-07",
            "price": "120.65",
            "revenue": 2295447
        },
        "2016-08": {
            "month": "2016-08",
            "price": "121.00",
            "revenue": 2599288
        },
        "2016-09": {
            "month": "2016-09",
            "price": "114.50",
            "revenue": 2601836
        },
        "2016-10": {
            "month": "2016-10",
            "price": "110.80",
            "revenue": 2543609
        },
        "2016-11": {
            "month": "2016-11",
            "price": "84.01",
            "revenue": 3332559
        },
        "2016-12": {
            "month": "2016-12",
            "price": "85.05",
            "revenue": 4391452
        },
        "2017-01": {
            "month": "2017-01",
            "price": "87.40",
            "revenue": 1508998
        },
        "2017-02": {
            "month": "2017-02",
            "price": "99.20",
            "revenue": 2340116
        },
        "2017-03": {
            "month": "2017-03",
            "price": "102.25",
            "revenue": 2466699
        },
        "2017-04": {
            "month": "2017-04",
            "price": "91.04",
            "revenue": 1738656
        },
        "2017-05": {
            "month": "2017-05",
            "price": "88.62",
            "revenue": 2557902
        },
        "2017-06": {
            "month": "2017-06",
            "price": "99.27",
            "revenue": 3550912
        },
        "2017-07": {
            "month": "2017-07",
            "price": "101.84",
            "revenue": 2693825
        },
        "2017-08": {
            "month": "2017-08",
            "price": "101.48",
            "revenue": 3347653
        },
        "2017-09": {
            "month": "2017-09",
            "price": "104.18",
            "revenue": 3089489
        },
        "2017-10": {
            "month": "2017-10",
            "price": "98.95",
            "revenue": 3462715
        },
        "2017-11": {
            "month": "2017-11",
            "price": "117.52",
            "revenue": 3289355
        },
        "2017-12": {
            "month": "2017-12",
            "price": "104.36",
            "revenue": 3115080
        },
        "2018-01": {
            "month": "2018-01",
            "price": "102.79",
            "revenue": 2181875
        },
        "2018-02": {
            "month": "2018-02",
            "price": "96.23",
            "revenue": 2166981
        },
        "2018-03": {
            "month": "2018-03",
            "price": "87.73",
            "revenue": 2190548
        },
        "2018-04": {
            "month": "2018-04",
            "price": "76.08",
            "revenue": 1847275
        },
        "2018-05": {
            "month": "2018-05",
            "price": "70.15",
            "revenue": 1951822
        },
        "2018-06": {
            "month": "2018-06",
            "price": "75.82",
            "revenue": 2289804
        },
        "2018-07": {
            "month": "2018-07",
            "price": "72.51",
            "revenue": 2366613
        },
        "2018-08": {
            "month": "2018-08",
            "price": "61.91",
            "revenue": 2854588
        },
        "2018-09": {
            "month": "2018-09",
            "price": "54.33",
            "revenue": 2494052
        },
        "2018-10": {
            "month": "2018-10",
            "price": "46.84",
            "revenue": 3443886
        },
        "2018-11": {
            "month": "2018-11",
            "price": "43.83",
            "revenue": 3585847
        },
        "2018-12": {
            "month": "2018-12",
            "price": "38.83",
            "revenue": 3224165
        },
        "2019-01": {
            "month": "2019-01",
            "price": "46.92",
            "revenue": 2198823
        },
        "2019-02": {
            "month": "2019-02",
            "price": "50.43",
            "revenue": 1816182
        },
        "2019-03": {
            "month": "2019-03",
            "price": "50.17",
            "revenue": 2630618
        },
        "2019-04": {
            "month": "2019-04",
            "price": "53.77",
            "revenue": 2583703
        },
        "2019-05": {
            "month": "2019-05",
            "price": "42.10",
            "revenue": 2627026
        },
        "2019-06": {
            "month": "2019-06",
            "price": "42.39",
            "revenue": 3615111
        },
        "2019-07": {
            "month": "2019-07",
            "price": "49.52",
            "revenue": 2723566
        },
        "2019-08": {
            "month": "2019-08",
            "price": "50.95",
            "revenue": 3341353
        },
        "2019-09": {
            "month": "2019-09",
            "price": "54.14",
            "revenue": 2780793
        },
        "2019-10": {
            "month": "2019-10",
            "price": "55.76",
            "revenue": 2939522
        },
        "2019-11": {
            "month": "2019-11",
            "price": "51.32",
            "revenue": 2826982
        },
        "2019-12": {
            "month": "2019-12",
            "price": "48.30",
            "revenue": 2578115
        },
        "2020-01": {
            "month": "2020-01",
            "price": "46.32",
            "revenue": 1638887
        },
        "2020-02": {
            "month": "2020-02",
            "price": "42.18",
            "revenue": 1056104
        },
        "2020-03": {
            "month": "2020-03",
            "price": "37.14",
            "revenue": 2494918
        },
        "2020-04": {
            "month": "2020-04",
            "price": "43.18",
            "revenue": 3414042
        },
        "2020-05": {
            "month": "2020-05",
            "price": "43.47",
            "revenue": 4218083
        },
        "2020-06": {
            "month": "2020-06",
            "price": "57.51",
            "revenue": 3879805
        },
        "2020-07": {
            "month": "2020-07",
            "price": "68.49",
            "revenue": 3060975
        },
        "2020-08": {
            "month": "2020-08",
            "price": "80.32",
            "revenue": 4063619
        },
        "2020-09": {
            "month": "2020-09",
            "price": "85.51",
            "revenue": 5510400
        },
        "2020-10": {
            "month": "2020-10",
            "price": "86.49",
            "revenue": 12003542
        },
        "2020-11": {
            "month": "2020-11",
            "price": "86.39",
            "revenue": 17381153
        },
        "2020-12": {
            "month": "2020-12",
            "price": "87.27",
            "revenue": 15797730
        }
    }
}
