{
    "summary": {
        "stock_name": "祥碩",
        "stock_id": "5269",
        "category": "半導體",
        "main_business": "高速介面控制晶片及裝置端高速控制晶片之設計",
        "website_url": "https://www.asmedia.com.tw/zh-hant",
        "ceo": "林哲偉",
        "pe_ratio": 44,
        "report_year_from": 2011,
        "report_year_to": 2023,
        "age": 12,
        "eps_negative_percentage": 0,
        "eps_growth_avg": {
            "last_all": 31.78,
            "last_2y": 29.14,
            "last_4y": 37.68,
            "last_8y": 40.7,
            "last_12y": null,
            "last_16y": null,
            "last_20y": null,
            "at_2006_last_3y": null,
            "at_2007_last_3y": null,
            "at_2008_last_3y": null,
            "at_2009_last_3y": null,
            "at_2010_last_3y": null,
            "at_2011_last_3y": null,
            "at_2012_last_3y": null,
            "at_2013_last_3y": null,
            "at_2014_last_3y": null,
            "at_2015_last_3y": null,
            "at_2016_last_3y": 27.72,
            "at_2017_last_3y": 44.46,
            "at_2018_last_3y": 44.46,
            "at_2019_last_3y": 47.25,
            "at_2020_last_3y": 54.87,
            "at_2021_last_3y": 51.63,
            "at_2022_last_3y": 22.1,
            "at_2023_last_3y": 22.1,
            "at_2006_last_all": null,
            "at_2007_last_all": null,
            "at_2008_last_all": null,
            "at_2009_last_all": null,
            "at_2010_last_all": null,
            "at_2011_last_all": null,
            "at_2012_last_all": null,
            "at_2013_last_all": null,
            "at_2014_last_all": 25.75,
            "at_2015_last_all": 13.79,
            "at_2016_last_all": 27.72,
            "at_2017_last_all": 25.87,
            "at_2018_last_all": 38.23,
            "at_2019_last_all": 32.91,
            "at_2020_last_all": 41.3,
            "at_2021_last_all": 37.32,
            "at_2022_last_all": 31.78,
            "at_2023_last_all": 31.78
        },
        "latest_eps": 27.95,
        "latest_price": 1235,
        "latest_roe": 12.57,
        "latest_gross_margin": 52.05,
        "latest_equity": 15745440,
        "latest_revenue": 1557585,
        "latest_gross_profit": 810665,
        "latest_net_income": 490021,
        "latest_debt_ratio": 14.69,
        "latest_current_ratio": 196.97,
        "latest_account_receivable_turnover_ratio": 1.44,
        "latest_inventory_turnover_ratio": 0.88,
        "latest_reinvestment_rate": 117.99,
        "latest_research_to_sale_ratio": 21.05
    },
    "eps_dividends": {
        "2001": {
            "cash": 0,
            "stock": 0,
            "eps": 0
        },
        "2002": {
            "cash": 0,
            "stock": 0,
            "eps": 0
        },
        "2003": {
            "cash": 0,
            "stock": 0,
            "eps": 0
        },
        "2004": {
            "cash": 0,
            "stock": 0,
            "eps": 0
        },
        "2005": {
            "cash": 0,
            "stock": 0,
            "eps": 0
        },
        "2006": {
            "cash": 0,
            "stock": 0,
            "eps": 0
        },
        "2007": {
            "cash": 0,
            "stock": 0,
            "eps": 0
        },
        "2008": {
            "cash": 0,
            "stock": 0,
            "eps": 0
        },
        "2009": {
            "cash": 0,
            "stock": 0,
            "eps": 0
        },
        "2010": {
            "cash": 0,
            "stock": 0,
            "eps": 0
        },
        "2011": {
            "cash": 0.2,
            "stock": 0.8,
            "eps": 0
        },
        "2012": {
            "cash": 0,
            "stock": 0,
            "eps": 2.99
        },
        "2013": {
            "cash": 2.5,
            "stock": 0,
            "eps": 1.54
        },
        "2014": {
            "cash": 1.25,
            "stock": 0,
            "eps": 4.05
        },
        "2015": {
            "cash": 3,
            "stock": 0,
            "eps": 3.64
        },
        "2016": {
            "cash": 3,
            "stock": 0,
            "eps": 6.17
        },
        "2017": {
            "cash": 4.5,
            "stock": 0.52,
            "eps": 7.31
        },
        "2018": {
            "cash": 6,
            "stock": 0,
            "eps": 15.92
        },
        "2019": {
            "cash": 12,
            "stock": 0,
            "eps": 16.08
        },
        "2020": {
            "cash": 13.8,
            "stock": 0,
            "eps": 43.8
        },
        "2021": {
            "cash": 24,
            "stock": 0,
            "eps": 46.21
        },
        "2022": {
            "cash": 26,
            "stock": 0,
            "eps": 37.85
        },
        "2023": {
            "cash": 20,
            "stock": 0,
            "eps": 12.71
        }
    },
    "dividends": {
        "2011-01-01": {
            "cash": 0.2,
            "stock": 0.8
        },
        "2013-03-15": {
            "cash": 2.5,
            "stock": 0
        },
        "2014-09-12": {
            "cash": 1.25,
            "stock": 0
        },
        "2015-09-18": {
            "cash": 3,
            "stock": 0
        },
        "2016-09-14": {
            "cash": 3,
            "stock": 0
        },
        "2017-09-28": {
            "cash": 4.5,
            "stock": 0.52
        },
        "2018-09-18": {
            "cash": 6,
            "stock": 0
        },
        "2019-09-10": {
            "cash": 12,
            "stock": 0
        },
        "2020-09-17": {
            "cash": 13.8,
            "stock": 0
        },
        "2021-09-17": {
            "cash": 24,
            "stock": 0
        },
        "2022-09-08": {
            "cash": 26,
            "stock": 0
        },
        "2023-08-25": {
            "cash": 20,
            "stock": 0
        }
    },
    "prices": {
        "200101": "無",
        "200102": "無",
        "200103": "無",
        "200104": "無",
        "200105": "無",
        "200106": "無",
        "200107": "無",
        "200108": "無",
        "200109": "無",
        "200110": "無",
        "200111": "無",
        "200112": "無",
        "200201": "無",
        "200202": "無",
        "200203": "無",
        "200204": "無",
        "200205": "無",
        "200206": "無",
        "200207": "無",
        "200208": "無",
        "200209": "無",
        "200210": "無",
        "200211": "無",
        "200212": "無",
        "200301": "無",
        "200302": "無",
        "200303": "無",
        "200304": "無",
        "200305": "無",
        "200306": "無",
        "200307": "無",
        "200308": "無",
        "200309": "無",
        "200310": "無",
        "200311": "無",
        "200312": "無",
        "200401": "無",
        "200402": "無",
        "200403": "無",
        "200404": "無",
        "200405": "無",
        "200406": "無",
        "200407": "無",
        "200408": "無",
        "200409": "無",
        "200410": "無",
        "200411": "無",
        "200412": "無",
        "200501": "無",
        "200502": "無",
        "200503": "無",
        "200504": "無",
        "200505": "無",
        "200506": "無",
        "200507": "無",
        "200508": "無",
        "200509": "無",
        "200510": "無",
        "200511": "無",
        "200512": "無",
        "200601": "無",
        "200602": "無",
        "200603": "無",
        "200604": "無",
        "200605": "無",
        "200606": "無",
        "200607": "無",
        "200608": "無",
        "200609": "無",
        "200610": "無",
        "200611": "無",
        "200612": "無",
        "200701": "無",
        "200702": "無",
        "200703": "無",
        "200704": "無",
        "200705": "無",
        "200706": "無",
        "200707": "無",
        "200708": "無",
        "200709": "無",
        "200710": "無",
        "200711": "無",
        "200712": "無",
        "200801": "無",
        "200802": "無",
        "200803": "無",
        "200804": "無",
        "200805": "無",
        "200806": "無",
        "200807": "無",
        "200808": "無",
        "200809": "無",
        "200810": "無",
        "200811": "無",
        "200812": "無",
        "200901": "無",
        "200902": "無",
        "200903": "無",
        "200904": "無",
        "200905": "無",
        "200906": "無",
        "200907": "無",
        "200908": "無",
        "200909": "無",
        "200910": "無",
        "200911": "無",
        "200912": "無",
        "201001": "無",
        "201002": "無",
        "201003": "無",
        "201004": "無",
        "201005": "無",
        "201006": "無",
        "201007": "無",
        "201008": "無",
        "201009": "無",
        "201010": "無",
        "201011": "無",
        "201012": "無",
        "201101": "無",
        "201102": "無",
        "201103": "無",
        "201104": "無",
        "201105": "無",
        "201106": "無",
        "201107": "無",
        "201108": "無",
        "201109": "無",
        "201110": "無",
        "201111": "無",
        "201112": "無",
        "201201": "79.54",
        "201202": "82.03",
        "201203": "107.92",
        "201204": "120.42",
        "201205": "120.27",
        "201206": "116.54",
        "201207": "103.11",
        "201208": "94.77",
        "201209": "86.90",
        "201210": "88.02",
        "201211": "85.11",
        "201212": "72.54",
        "201301": "70.52",
        "201302": "72.20",
        "201303": "66.54",
        "201304": "53.78",
        "201305": "51.44",
        "201306": "50.25",
        "201307": "45.54",
        "201308": "43.50",
        "201309": "39.93",
        "201310": "36.44",
        "201311": "32.41",
        "201312": "34.62",
        "201401": "39.11",
        "201402": "44.94",
        "201403": "53.97",
        "201404": "63.77",
        "201405": "117.20",
        "201406": "173.25",
        "201407": "179.25",
        "201408": "151.74",
        "201409": "173.40",
        "201410": "145.34",
        "201411": "140.28",
        "201412": "174.27",
        "201501": "164.65",
        "201502": "157.12",
        "201503": "193.73",
        "201504": "192.22",
        "201505": "160.75",
        "201506": "193.33",
        "201507": "200.75",
        "201508": "135.36",
        "201509": "149.85",
        "201510": "178.26",
        "201511": "174.48",
        "201512": "208.26",
        "201601": "199.67",
        "201602": "179.58",
        "201603": "175.09",
        "201604": "148.13",
        "201605": "145.55",
        "201606": "154.69",
        "201607": "158.72",
        "201608": "199.54",
        "201609": "255.34",
        "201610": "261.82",
        "201611": "246.20",
        "201612": "258.95",
        "201701": "296.81",
        "201702": "327.06",
        "201703": "325.74",
        "201704": "301.39",
        "201705": "317.40",
        "201706": "318.67",
        "201707": "364.57",
        "201708": "332.93",
        "201709": "340.66",
        "201710": "349.34",
        "201711": "361.64",
        "201712": "357.64",
        "201801": "360.25",
        "201802": "322.23",
        "201803": "354.22",
        "201804": "350.97",
        "201805": "335.55",
        "201806": "424.88",
        "201807": "479.43",
        "201808": "479.67",
        "201809": "537.74",
        "201810": "438.27",
        "201811": "469.91",
        "201812": "482.67",
        "201901": "536.71",
        "201902": "618.85",
        "201903": "558.95",
        "201904": "559.10",
        "201905": "504.84",
        "201906": "488.53",
        "201907": "524.78",
        "201908": "532.62",
        "201909": "483.82",
        "201910": "503.12",
        "201911": "536.00",
        "201912": "622.95",
        "202001": "702.07",
        "202002": "878.61",
        "202003": "754.73",
        "202004": "777.15",
        "202005": "1027.30",
        "202006": "1300.75",
        "202007": "1697.39",
        "202008": "1777.14",
        "202009": "1492.05",
        "202010": "1536.58",
        "202011": "1532.38",
        "202012": "1634.57",
        "202101": "1805.00",
        "202102": "1847.31",
        "202103": "1570.00",
        "202104": "1255.53",
        "202105": "1204.95",
        "202106": "1431.67",
        "202107": "1724.77",
        "202108": "1939.09",
        "202109": "2053.00",
        "202110": "1614.75",
        "202111": "1774.77",
        "202112": "1857.73",
        "202201": "1592.78",
        "202202": "1733.67",
        "202203": "1824.57",
        "202204": "1596.84",
        "202205": "1345.71",
        "202206": "1278.57",
        "202207": "1030.05",
        "202208": "961.52",
        "202209": "776.71",
        "202210": "632.10",
        "202211": "687.36",
        "202212": "715.32",
        "202301": "795.85",
        "202302": "949.61",
        "202303": "1107.26",
        "202304": "1212.06",
        "202305": "1178.41",
        "202306": "1145.00",
        "202307": "1009.43",
        "202308": "918.27",
        "202309": "1072.69"
    },
    "quarters": {
        "20011": {
            "year_quarter": 20011,
            "year": 2001,
            "quarter": 1,
            "eps": null,
            "eps_growth_year": null,
            "eps_4q": null,
            "eps_4q_growth_year": null,
            "roe": null,
            "roe_4q": 0,
            "gross_profit": null,
            "gross_margin": null,
            "gross_margin_4q_avg": 0,
            "net_income": null,
            "revenue": null,
            "common_shares": null,
            "book_valuer_per_share": null,
            "book_valuer_per_share_4q_avg": 0,
            "equity": null,
            "current_ratio": null,
            "debt_ratio": null,
            "inventory_turnover_ratio": null,
            "account_receivable_turnover_ratio": null,
            "reinvestment_rate": null,
            "research_to_sale_ratio": null,
            "price_fair": 0,
            "eps_avg_yearly": 0,
            "eps_latest_yearly": 0,
            "eps_growth_yearly": 0
        },
        "20012": {
            "year_quarter": 20012,
            "year": 2001,
            "quarter": 2,
            "eps": null,
            "eps_growth_year": null,
            "eps_4q": null,
            "eps_4q_growth_year": null,
            "roe": null,
            "roe_4q": 0,
            "gross_profit": null,
            "gross_margin": null,
            "gross_margin_4q_avg": 0,
            "net_income": null,
            "revenue": null,
            "common_shares": null,
            "book_valuer_per_share": null,
            "book_valuer_per_share_4q_avg": 0,
            "equity": null,
            "current_ratio": null,
            "debt_ratio": null,
            "inventory_turnover_ratio": null,
            "account_receivable_turnover_ratio": null,
            "reinvestment_rate": null,
            "research_to_sale_ratio": null,
            "price_fair": 0,
            "eps_avg_yearly": 0,
            "eps_latest_yearly": 0,
            "eps_growth_yearly": 0
        },
        "20013": {
            "year_quarter": 20013,
            "year": 2001,
            "quarter": 3,
            "eps": null,
            "eps_growth_year": null,
            "eps_4q": null,
            "eps_4q_growth_year": null,
            "roe": null,
            "roe_4q": 0,
            "gross_profit": null,
            "gross_margin": null,
            "gross_margin_4q_avg": 0,
            "net_income": null,
            "revenue": null,
            "common_shares": null,
            "book_valuer_per_share": null,
            "book_valuer_per_share_4q_avg": 0,
            "equity": null,
            "current_ratio": null,
            "debt_ratio": null,
            "inventory_turnover_ratio": null,
            "account_receivable_turnover_ratio": null,
            "reinvestment_rate": null,
            "research_to_sale_ratio": null,
            "price_fair": 0,
            "eps_avg_yearly": 0,
            "eps_latest_yearly": 0,
            "eps_growth_yearly": 0
        },
        "20014": {
            "year_quarter": 20014,
            "year": 2001,
            "quarter": 4,
            "eps": null,
            "eps_growth_year": null,
            "eps_4q": null,
            "eps_4q_growth_year": null,
            "roe": null,
            "roe_4q": 0,
            "gross_profit": null,
            "gross_margin": null,
            "gross_margin_4q_avg": 0,
            "net_income": null,
            "revenue": null,
            "common_shares": null,
            "book_valuer_per_share": null,
            "book_valuer_per_share_4q_avg": 0,
            "equity": null,
            "current_ratio": null,
            "debt_ratio": null,
            "inventory_turnover_ratio": null,
            "account_receivable_turnover_ratio": null,
            "reinvestment_rate": null,
            "research_to_sale_ratio": null,
            "price_fair": 0,
            "eps_avg_yearly": 0,
            "eps_latest_yearly": 0,
            "eps_growth_yearly": 0
        },
        "20021": {
            "year_quarter": 20021,
            "year": 2002,
            "quarter": 1,
            "eps": null,
            "eps_growth_year": null,
            "eps_4q": null,
            "eps_4q_growth_year": null,
            "roe": null,
            "roe_4q": 0,
            "gross_profit": null,
            "gross_margin": null,
            "gross_margin_4q_avg": 0,
            "net_income": null,
            "revenue": null,
            "common_shares": null,
            "book_valuer_per_share": null,
            "book_valuer_per_share_4q_avg": 0,
            "equity": null,
            "current_ratio": null,
            "debt_ratio": null,
            "inventory_turnover_ratio": null,
            "account_receivable_turnover_ratio": null,
            "reinvestment_rate": null,
            "research_to_sale_ratio": null,
            "price_fair": 0,
            "eps_avg_yearly": 0,
            "eps_latest_yearly": 0,
            "eps_growth_yearly": 0
        },
        "20022": {
            "year_quarter": 20022,
            "year": 2002,
            "quarter": 2,
            "eps": null,
            "eps_growth_year": null,
            "eps_4q": null,
            "eps_4q_growth_year": null,
            "roe": null,
            "roe_4q": 0,
            "gross_profit": null,
            "gross_margin": null,
            "gross_margin_4q_avg": 0,
            "net_income": null,
            "revenue": null,
            "common_shares": null,
            "book_valuer_per_share": null,
            "book_valuer_per_share_4q_avg": 0,
            "equity": null,
            "current_ratio": null,
            "debt_ratio": null,
            "inventory_turnover_ratio": null,
            "account_receivable_turnover_ratio": null,
            "reinvestment_rate": null,
            "research_to_sale_ratio": null,
            "price_fair": 0,
            "eps_avg_yearly": 0,
            "eps_latest_yearly": 0,
            "eps_growth_yearly": 0
        },
        "20023": {
            "year_quarter": 20023,
            "year": 2002,
            "quarter": 3,
            "eps": null,
            "eps_growth_year": null,
            "eps_4q": null,
            "eps_4q_growth_year": null,
            "roe": null,
            "roe_4q": 0,
            "gross_profit": null,
            "gross_margin": null,
            "gross_margin_4q_avg": 0,
            "net_income": null,
            "revenue": null,
            "common_shares": null,
            "book_valuer_per_share": null,
            "book_valuer_per_share_4q_avg": 0,
            "equity": null,
            "current_ratio": null,
            "debt_ratio": null,
            "inventory_turnover_ratio": null,
            "account_receivable_turnover_ratio": null,
            "reinvestment_rate": null,
            "research_to_sale_ratio": null,
            "price_fair": 0,
            "eps_avg_yearly": 0,
            "eps_latest_yearly": 0,
            "eps_growth_yearly": 0
        },
        "20024": {
            "year_quarter": 20024,
            "year": 2002,
            "quarter": 4,
            "eps": null,
            "eps_growth_year": null,
            "eps_4q": null,
            "eps_4q_growth_year": null,
            "roe": null,
            "roe_4q": 0,
            "gross_profit": null,
            "gross_margin": null,
            "gross_margin_4q_avg": 0,
            "net_income": null,
            "revenue": null,
            "common_shares": null,
            "book_valuer_per_share": null,
            "book_valuer_per_share_4q_avg": 0,
            "equity": null,
            "current_ratio": null,
            "debt_ratio": null,
            "inventory_turnover_ratio": null,
            "account_receivable_turnover_ratio": null,
            "reinvestment_rate": null,
            "research_to_sale_ratio": null,
            "price_fair": 0,
            "eps_avg_yearly": 0,
            "eps_latest_yearly": 0,
            "eps_growth_yearly": 0
        },
        "20031": {
            "year_quarter": 20031,
            "year": 2003,
            "quarter": 1,
            "eps": null,
            "eps_growth_year": null,
            "eps_4q": null,
            "eps_4q_growth_year": null,
            "roe": null,
            "roe_4q": 0,
            "gross_profit": null,
            "gross_margin": null,
            "gross_margin_4q_avg": 0,
            "net_income": null,
            "revenue": null,
            "common_shares": null,
            "book_valuer_per_share": null,
            "book_valuer_per_share_4q_avg": 0,
            "equity": null,
            "current_ratio": null,
            "debt_ratio": null,
            "inventory_turnover_ratio": null,
            "account_receivable_turnover_ratio": null,
            "reinvestment_rate": null,
            "research_to_sale_ratio": null,
            "price_fair": 0,
            "eps_avg_yearly": 0,
            "eps_latest_yearly": 0,
            "eps_growth_yearly": 0
        },
        "20032": {
            "year_quarter": 20032,
            "year": 2003,
            "quarter": 2,
            "eps": null,
            "eps_growth_year": null,
            "eps_4q": null,
            "eps_4q_growth_year": null,
            "roe": null,
            "roe_4q": 0,
            "gross_profit": null,
            "gross_margin": null,
            "gross_margin_4q_avg": 0,
            "net_income": null,
            "revenue": null,
            "common_shares": null,
            "book_valuer_per_share": null,
            "book_valuer_per_share_4q_avg": 0,
            "equity": null,
            "current_ratio": null,
            "debt_ratio": null,
            "inventory_turnover_ratio": null,
            "account_receivable_turnover_ratio": null,
            "reinvestment_rate": null,
            "research_to_sale_ratio": null,
            "price_fair": 0,
            "eps_avg_yearly": 0,
            "eps_latest_yearly": 0,
            "eps_growth_yearly": 0
        },
        "20033": {
            "year_quarter": 20033,
            "year": 2003,
            "quarter": 3,
            "eps": null,
            "eps_growth_year": null,
            "eps_4q": null,
            "eps_4q_growth_year": null,
            "roe": null,
            "roe_4q": 0,
            "gross_profit": null,
            "gross_margin": null,
            "gross_margin_4q_avg": 0,
            "net_income": null,
            "revenue": null,
            "common_shares": null,
            "book_valuer_per_share": null,
            "book_valuer_per_share_4q_avg": 0,
            "equity": null,
            "current_ratio": null,
            "debt_ratio": null,
            "inventory_turnover_ratio": null,
            "account_receivable_turnover_ratio": null,
            "reinvestment_rate": null,
            "research_to_sale_ratio": null,
            "price_fair": 0,
            "eps_avg_yearly": 0,
            "eps_latest_yearly": 0,
            "eps_growth_yearly": 0
        },
        "20034": {
            "year_quarter": 20034,
            "year": 2003,
            "quarter": 4,
            "eps": null,
            "eps_growth_year": null,
            "eps_4q": null,
            "eps_4q_growth_year": null,
            "roe": null,
            "roe_4q": 0,
            "gross_profit": null,
            "gross_margin": null,
            "gross_margin_4q_avg": 0,
            "net_income": null,
            "revenue": null,
            "common_shares": null,
            "book_valuer_per_share": null,
            "book_valuer_per_share_4q_avg": 0,
            "equity": null,
            "current_ratio": null,
            "debt_ratio": null,
            "inventory_turnover_ratio": null,
            "account_receivable_turnover_ratio": null,
            "reinvestment_rate": null,
            "research_to_sale_ratio": null,
            "price_fair": 0,
            "eps_avg_yearly": 0,
            "eps_latest_yearly": 0,
            "eps_growth_yearly": 0
        },
        "20041": {
            "year_quarter": 20041,
            "year": 2004,
            "quarter": 1,
            "eps": null,
            "eps_growth_year": null,
            "eps_4q": null,
            "eps_4q_growth_year": null,
            "roe": null,
            "roe_4q": 0,
            "gross_profit": null,
            "gross_margin": null,
            "gross_margin_4q_avg": 0,
            "net_income": null,
            "revenue": null,
            "common_shares": null,
            "book_valuer_per_share": null,
            "book_valuer_per_share_4q_avg": 0,
            "equity": null,
            "current_ratio": null,
            "debt_ratio": null,
            "inventory_turnover_ratio": null,
            "account_receivable_turnover_ratio": null,
            "reinvestment_rate": null,
            "research_to_sale_ratio": null,
            "price_fair": 0,
            "eps_avg_yearly": 0,
            "eps_latest_yearly": 0,
            "eps_growth_yearly": 0
        },
        "20042": {
            "year_quarter": 20042,
            "year": 2004,
            "quarter": 2,
            "eps": null,
            "eps_growth_year": null,
            "eps_4q": null,
            "eps_4q_growth_year": null,
            "roe": null,
            "roe_4q": 0,
            "gross_profit": null,
            "gross_margin": null,
            "gross_margin_4q_avg": 0,
            "net_income": null,
            "revenue": null,
            "common_shares": null,
            "book_valuer_per_share": null,
            "book_valuer_per_share_4q_avg": 0,
            "equity": null,
            "current_ratio": null,
            "debt_ratio": null,
            "inventory_turnover_ratio": null,
            "account_receivable_turnover_ratio": null,
            "reinvestment_rate": null,
            "research_to_sale_ratio": null,
            "price_fair": 0,
            "eps_avg_yearly": 0,
            "eps_latest_yearly": 0,
            "eps_growth_yearly": 0
        },
        "20043": {
            "year_quarter": 20043,
            "year": 2004,
            "quarter": 3,
            "eps": null,
            "eps_growth_year": null,
            "eps_4q": null,
            "eps_4q_growth_year": null,
            "roe": null,
            "roe_4q": 0,
            "gross_profit": null,
            "gross_margin": null,
            "gross_margin_4q_avg": 0,
            "net_income": null,
            "revenue": null,
            "common_shares": null,
            "book_valuer_per_share": null,
            "book_valuer_per_share_4q_avg": 0,
            "equity": null,
            "current_ratio": null,
            "debt_ratio": null,
            "inventory_turnover_ratio": null,
            "account_receivable_turnover_ratio": null,
            "reinvestment_rate": null,
            "research_to_sale_ratio": null,
            "price_fair": 0,
            "eps_avg_yearly": 0,
            "eps_latest_yearly": 0,
            "eps_growth_yearly": 0
        },
        "20044": {
            "year_quarter": 20044,
            "year": 2004,
            "quarter": 4,
            "eps": null,
            "eps_growth_year": null,
            "eps_4q": null,
            "eps_4q_growth_year": null,
            "roe": null,
            "roe_4q": 0,
            "gross_profit": null,
            "gross_margin": null,
            "gross_margin_4q_avg": 0,
            "net_income": null,
            "revenue": null,
            "common_shares": null,
            "book_valuer_per_share": null,
            "book_valuer_per_share_4q_avg": 0,
            "equity": null,
            "current_ratio": null,
            "debt_ratio": null,
            "inventory_turnover_ratio": null,
            "account_receivable_turnover_ratio": null,
            "reinvestment_rate": null,
            "research_to_sale_ratio": null,
            "price_fair": 0,
            "eps_avg_yearly": 0,
            "eps_latest_yearly": 0,
            "eps_growth_yearly": 0
        },
        "20051": {
            "year_quarter": 20051,
            "year": 2005,
            "quarter": 1,
            "eps": null,
            "eps_growth_year": null,
            "eps_4q": null,
            "eps_4q_growth_year": null,
            "roe": null,
            "roe_4q": 0,
            "gross_profit": null,
            "gross_margin": null,
            "gross_margin_4q_avg": 0,
            "net_income": null,
            "revenue": null,
            "common_shares": null,
            "book_valuer_per_share": null,
            "book_valuer_per_share_4q_avg": 0,
            "equity": null,
            "current_ratio": null,
            "debt_ratio": null,
            "inventory_turnover_ratio": null,
            "account_receivable_turnover_ratio": null,
            "reinvestment_rate": null,
            "research_to_sale_ratio": null,
            "price_fair": 0,
            "eps_avg_yearly": 0,
            "eps_latest_yearly": 0,
            "eps_growth_yearly": 0
        },
        "20052": {
            "year_quarter": 20052,
            "year": 2005,
            "quarter": 2,
            "eps": null,
            "eps_growth_year": null,
            "eps_4q": null,
            "eps_4q_growth_year": null,
            "roe": null,
            "roe_4q": 0,
            "gross_profit": null,
            "gross_margin": null,
            "gross_margin_4q_avg": 0,
            "net_income": null,
            "revenue": null,
            "common_shares": null,
            "book_valuer_per_share": null,
            "book_valuer_per_share_4q_avg": 0,
            "equity": null,
            "current_ratio": null,
            "debt_ratio": null,
            "inventory_turnover_ratio": null,
            "account_receivable_turnover_ratio": null,
            "reinvestment_rate": null,
            "research_to_sale_ratio": null,
            "price_fair": 0,
            "eps_avg_yearly": 0,
            "eps_latest_yearly": 0,
            "eps_growth_yearly": 0
        },
        "20053": {
            "year_quarter": 20053,
            "year": 2005,
            "quarter": 3,
            "eps": null,
            "eps_growth_year": null,
            "eps_4q": null,
            "eps_4q_growth_year": null,
            "roe": null,
            "roe_4q": 0,
            "gross_profit": null,
            "gross_margin": null,
            "gross_margin_4q_avg": 0,
            "net_income": null,
            "revenue": null,
            "common_shares": null,
            "book_valuer_per_share": null,
            "book_valuer_per_share_4q_avg": 0,
            "equity": null,
            "current_ratio": null,
            "debt_ratio": null,
            "inventory_turnover_ratio": null,
            "account_receivable_turnover_ratio": null,
            "reinvestment_rate": null,
            "research_to_sale_ratio": null,
            "price_fair": 0,
            "eps_avg_yearly": 0,
            "eps_latest_yearly": 0,
            "eps_growth_yearly": 0
        },
        "20054": {
            "year_quarter": 20054,
            "year": 2005,
            "quarter": 4,
            "eps": null,
            "eps_growth_year": null,
            "eps_4q": null,
            "eps_4q_growth_year": null,
            "roe": null,
            "roe_4q": 0,
            "gross_profit": null,
            "gross_margin": null,
            "gross_margin_4q_avg": 0,
            "net_income": null,
            "revenue": null,
            "common_shares": null,
            "book_valuer_per_share": null,
            "book_valuer_per_share_4q_avg": 0,
            "equity": null,
            "current_ratio": null,
            "debt_ratio": null,
            "inventory_turnover_ratio": null,
            "account_receivable_turnover_ratio": null,
            "reinvestment_rate": null,
            "research_to_sale_ratio": null,
            "price_fair": 0,
            "eps_avg_yearly": 0,
            "eps_latest_yearly": 0,
            "eps_growth_yearly": 0
        },
        "20061": {
            "year_quarter": 20061,
            "year": 2006,
            "quarter": 1,
            "eps": null,
            "eps_growth_year": null,
            "eps_4q": null,
            "eps_4q_growth_year": null,
            "roe": null,
            "roe_4q": 0,
            "gross_profit": null,
            "gross_margin": null,
            "gross_margin_4q_avg": 0,
            "net_income": null,
            "revenue": null,
            "common_shares": null,
            "book_valuer_per_share": null,
            "book_valuer_per_share_4q_avg": 0,
            "equity": null,
            "current_ratio": null,
            "debt_ratio": null,
            "inventory_turnover_ratio": null,
            "account_receivable_turnover_ratio": null,
            "reinvestment_rate": null,
            "research_to_sale_ratio": null,
            "price_fair": 0,
            "eps_avg_yearly": 0,
            "eps_latest_yearly": 0,
            "eps_growth_yearly": 0
        },
        "20062": {
            "year_quarter": 20062,
            "year": 2006,
            "quarter": 2,
            "eps": null,
            "eps_growth_year": null,
            "eps_4q": null,
            "eps_4q_growth_year": null,
            "roe": null,
            "roe_4q": 0,
            "gross_profit": null,
            "gross_margin": null,
            "gross_margin_4q_avg": 0,
            "net_income": null,
            "revenue": null,
            "common_shares": null,
            "book_valuer_per_share": null,
            "book_valuer_per_share_4q_avg": 0,
            "equity": null,
            "current_ratio": null,
            "debt_ratio": null,
            "inventory_turnover_ratio": null,
            "account_receivable_turnover_ratio": null,
            "reinvestment_rate": null,
            "research_to_sale_ratio": null,
            "price_fair": 0,
            "eps_avg_yearly": 0,
            "eps_latest_yearly": 0,
            "eps_growth_yearly": 0
        },
        "20063": {
            "year_quarter": 20063,
            "year": 2006,
            "quarter": 3,
            "eps": null,
            "eps_growth_year": null,
            "eps_4q": null,
            "eps_4q_growth_year": null,
            "roe": null,
            "roe_4q": 0,
            "gross_profit": null,
            "gross_margin": null,
            "gross_margin_4q_avg": 0,
            "net_income": null,
            "revenue": null,
            "common_shares": null,
            "book_valuer_per_share": null,
            "book_valuer_per_share_4q_avg": 0,
            "equity": null,
            "current_ratio": null,
            "debt_ratio": null,
            "inventory_turnover_ratio": null,
            "account_receivable_turnover_ratio": null,
            "reinvestment_rate": null,
            "research_to_sale_ratio": null,
            "price_fair": 0,
            "eps_avg_yearly": 0,
            "eps_latest_yearly": 0,
            "eps_growth_yearly": 0
        },
        "20064": {
            "year_quarter": 20064,
            "year": 2006,
            "quarter": 4,
            "eps": null,
            "eps_growth_year": null,
            "eps_4q": null,
            "eps_4q_growth_year": null,
            "roe": null,
            "roe_4q": 0,
            "gross_profit": null,
            "gross_margin": null,
            "gross_margin_4q_avg": 0,
            "net_income": null,
            "revenue": null,
            "common_shares": 200000,
            "book_valuer_per_share": 3.74,
            "book_valuer_per_share_4q_avg": 0.94,
            "equity": 74783,
            "current_ratio": 54.93,
            "debt_ratio": 61.06,
            "inventory_turnover_ratio": null,
            "account_receivable_turnover_ratio": null,
            "reinvestment_rate": null,
            "research_to_sale_ratio": null,
            "price_fair": 0,
            "eps_avg_yearly": 0,
            "eps_latest_yearly": 0,
            "eps_growth_yearly": 0
        },
        "20071": {
            "year_quarter": 20071,
            "year": 2007,
            "quarter": 1,
            "eps": null,
            "eps_growth_year": null,
            "eps_4q": null,
            "eps_4q_growth_year": null,
            "roe": null,
            "roe_4q": 0,
            "gross_profit": null,
            "gross_margin": null,
            "gross_margin_4q_avg": 0,
            "net_income": null,
            "revenue": null,
            "common_shares": null,
            "book_valuer_per_share": null,
            "book_valuer_per_share_4q_avg": 0.94,
            "equity": null,
            "current_ratio": null,
            "debt_ratio": null,
            "inventory_turnover_ratio": null,
            "account_receivable_turnover_ratio": null,
            "reinvestment_rate": null,
            "research_to_sale_ratio": null,
            "price_fair": 0,
            "eps_avg_yearly": 0,
            "eps_latest_yearly": 0,
            "eps_growth_yearly": 0
        },
        "20072": {
            "year_quarter": 20072,
            "year": 2007,
            "quarter": 2,
            "eps": null,
            "eps_growth_year": null,
            "eps_4q": null,
            "eps_4q_growth_year": null,
            "roe": null,
            "roe_4q": 0,
            "gross_profit": null,
            "gross_margin": null,
            "gross_margin_4q_avg": 0,
            "net_income": null,
            "revenue": null,
            "common_shares": null,
            "book_valuer_per_share": null,
            "book_valuer_per_share_4q_avg": 0.94,
            "equity": null,
            "current_ratio": null,
            "debt_ratio": null,
            "inventory_turnover_ratio": null,
            "account_receivable_turnover_ratio": null,
            "reinvestment_rate": null,
            "research_to_sale_ratio": null,
            "price_fair": 0,
            "eps_avg_yearly": 0,
            "eps_latest_yearly": 0,
            "eps_growth_yearly": 0
        },
        "20073": {
            "year_quarter": 20073,
            "year": 2007,
            "quarter": 3,
            "eps": null,
            "eps_growth_year": null,
            "eps_4q": null,
            "eps_4q_growth_year": null,
            "roe": null,
            "roe_4q": 0,
            "gross_profit": null,
            "gross_margin": null,
            "gross_margin_4q_avg": 0,
            "net_income": null,
            "revenue": null,
            "common_shares": null,
            "book_valuer_per_share": null,
            "book_valuer_per_share_4q_avg": 0.94,
            "equity": null,
            "current_ratio": null,
            "debt_ratio": null,
            "inventory_turnover_ratio": null,
            "account_receivable_turnover_ratio": null,
            "reinvestment_rate": null,
            "research_to_sale_ratio": null,
            "price_fair": 0,
            "eps_avg_yearly": 0,
            "eps_latest_yearly": 0,
            "eps_growth_yearly": 0
        },
        "20074": {
            "year_quarter": 20074,
            "year": 2007,
            "quarter": 4,
            "eps": null,
            "eps_growth_year": null,
            "eps_4q": null,
            "eps_4q_growth_year": null,
            "roe": null,
            "roe_4q": 0,
            "gross_profit": null,
            "gross_margin": null,
            "gross_margin_4q_avg": 0,
            "net_income": null,
            "revenue": null,
            "common_shares": 300000,
            "book_valuer_per_share": 7.19,
            "book_valuer_per_share_4q_avg": 1.8,
            "equity": 215604,
            "current_ratio": 171.44,
            "debt_ratio": 35.6,
            "inventory_turnover_ratio": null,
            "account_receivable_turnover_ratio": null,
            "reinvestment_rate": null,
            "research_to_sale_ratio": null,
            "price_fair": 0,
            "eps_avg_yearly": 0,
            "eps_latest_yearly": 0,
            "eps_growth_yearly": 0
        },
        "20081": {
            "year_quarter": 20081,
            "year": 2008,
            "quarter": 1,
            "eps": null,
            "eps_growth_year": null,
            "eps_4q": null,
            "eps_4q_growth_year": null,
            "roe": null,
            "roe_4q": 0,
            "gross_profit": null,
            "gross_margin": null,
            "gross_margin_4q_avg": 0,
            "net_income": null,
            "revenue": null,
            "common_shares": null,
            "book_valuer_per_share": null,
            "book_valuer_per_share_4q_avg": 1.8,
            "equity": null,
            "current_ratio": null,
            "debt_ratio": null,
            "inventory_turnover_ratio": null,
            "account_receivable_turnover_ratio": null,
            "reinvestment_rate": null,
            "research_to_sale_ratio": null,
            "price_fair": 0,
            "eps_avg_yearly": 0,
            "eps_latest_yearly": 0,
            "eps_growth_yearly": 0
        },
        "20082": {
            "year_quarter": 20082,
            "year": 2008,
            "quarter": 2,
            "eps": null,
            "eps_growth_year": null,
            "eps_4q": null,
            "eps_4q_growth_year": null,
            "roe": null,
            "roe_4q": 0,
            "gross_profit": null,
            "gross_margin": null,
            "gross_margin_4q_avg": 0,
            "net_income": null,
            "revenue": null,
            "common_shares": null,
            "book_valuer_per_share": null,
            "book_valuer_per_share_4q_avg": 1.8,
            "equity": null,
            "current_ratio": null,
            "debt_ratio": null,
            "inventory_turnover_ratio": null,
            "account_receivable_turnover_ratio": null,
            "reinvestment_rate": null,
            "research_to_sale_ratio": null,
            "price_fair": 0,
            "eps_avg_yearly": 0,
            "eps_latest_yearly": 0,
            "eps_growth_yearly": 0
        },
        "20083": {
            "year_quarter": 20083,
            "year": 2008,
            "quarter": 3,
            "eps": null,
            "eps_growth_year": null,
            "eps_4q": null,
            "eps_4q_growth_year": null,
            "roe": null,
            "roe_4q": 0,
            "gross_profit": null,
            "gross_margin": null,
            "gross_margin_4q_avg": 0,
            "net_income": null,
            "revenue": null,
            "common_shares": null,
            "book_valuer_per_share": null,
            "book_valuer_per_share_4q_avg": 1.8,
            "equity": null,
            "current_ratio": null,
            "debt_ratio": null,
            "inventory_turnover_ratio": null,
            "account_receivable_turnover_ratio": null,
            "reinvestment_rate": null,
            "research_to_sale_ratio": null,
            "price_fair": 0,
            "eps_avg_yearly": 0,
            "eps_latest_yearly": 0,
            "eps_growth_yearly": 0
        },
        "20084": {
            "year_quarter": 20084,
            "year": 2008,
            "quarter": 4,
            "eps": null,
            "eps_growth_year": null,
            "eps_4q": null,
            "eps_4q_growth_year": null,
            "roe": null,
            "roe_4q": 0,
            "gross_profit": null,
            "gross_margin": null,
            "gross_margin_4q_avg": 0,
            "net_income": null,
            "revenue": null,
            "common_shares": 300000,
            "book_valuer_per_share": 5.96,
            "book_valuer_per_share_4q_avg": 1.49,
            "equity": 178675,
            "current_ratio": 101.37,
            "debt_ratio": 45.03,
            "inventory_turnover_ratio": null,
            "account_receivable_turnover_ratio": null,
            "reinvestment_rate": null,
            "research_to_sale_ratio": null,
            "price_fair": 0,
            "eps_avg_yearly": 0,
            "eps_latest_yearly": 0,
            "eps_growth_yearly": 0
        },
        "20091": {
            "year_quarter": 20091,
            "year": 2009,
            "quarter": 1,
            "eps": null,
            "eps_growth_year": null,
            "eps_4q": null,
            "eps_4q_growth_year": null,
            "roe": null,
            "roe_4q": 0,
            "gross_profit": null,
            "gross_margin": null,
            "gross_margin_4q_avg": 0,
            "net_income": null,
            "revenue": null,
            "common_shares": null,
            "book_valuer_per_share": null,
            "book_valuer_per_share_4q_avg": 1.49,
            "equity": null,
            "current_ratio": null,
            "debt_ratio": null,
            "inventory_turnover_ratio": null,
            "account_receivable_turnover_ratio": null,
            "reinvestment_rate": null,
            "research_to_sale_ratio": null,
            "price_fair": 0,
            "eps_avg_yearly": 0,
            "eps_latest_yearly": 0,
            "eps_growth_yearly": 0
        },
        "20092": {
            "year_quarter": 20092,
            "year": 2009,
            "quarter": 2,
            "eps": null,
            "eps_growth_year": null,
            "eps_4q": null,
            "eps_4q_growth_year": null,
            "roe": null,
            "roe_4q": 0,
            "gross_profit": null,
            "gross_margin": null,
            "gross_margin_4q_avg": 0,
            "net_income": null,
            "revenue": null,
            "common_shares": null,
            "book_valuer_per_share": null,
            "book_valuer_per_share_4q_avg": 1.49,
            "equity": null,
            "current_ratio": null,
            "debt_ratio": null,
            "inventory_turnover_ratio": null,
            "account_receivable_turnover_ratio": null,
            "reinvestment_rate": null,
            "research_to_sale_ratio": null,
            "price_fair": 0,
            "eps_avg_yearly": 0,
            "eps_latest_yearly": 0,
            "eps_growth_yearly": 0
        },
        "20093": {
            "year_quarter": 20093,
            "year": 2009,
            "quarter": 3,
            "eps": null,
            "eps_growth_year": null,
            "eps_4q": null,
            "eps_4q_growth_year": null,
            "roe": null,
            "roe_4q": 0,
            "gross_profit": null,
            "gross_margin": null,
            "gross_margin_4q_avg": 0,
            "net_income": null,
            "revenue": null,
            "common_shares": null,
            "book_valuer_per_share": null,
            "book_valuer_per_share_4q_avg": 1.49,
            "equity": null,
            "current_ratio": null,
            "debt_ratio": null,
            "inventory_turnover_ratio": null,
            "account_receivable_turnover_ratio": null,
            "reinvestment_rate": null,
            "research_to_sale_ratio": null,
            "price_fair": 0,
            "eps_avg_yearly": 0,
            "eps_latest_yearly": 0,
            "eps_growth_yearly": 0
        },
        "20094": {
            "year_quarter": 20094,
            "year": 2009,
            "quarter": 4,
            "eps": null,
            "eps_growth_year": null,
            "eps_4q": null,
            "eps_4q_growth_year": null,
            "roe": null,
            "roe_4q": 0,
            "gross_profit": null,
            "gross_margin": null,
            "gross_margin_4q_avg": 0,
            "net_income": null,
            "revenue": null,
            "common_shares": 400000,
            "book_valuer_per_share": 5,
            "book_valuer_per_share_4q_avg": 1.25,
            "equity": 200189,
            "current_ratio": 135.42,
            "debt_ratio": 39.78,
            "inventory_turnover_ratio": null,
            "account_receivable_turnover_ratio": null,
            "reinvestment_rate": null,
            "research_to_sale_ratio": null,
            "price_fair": 0,
            "eps_avg_yearly": 0,
            "eps_latest_yearly": 0,
            "eps_growth_yearly": 0
        },
        "20101": {
            "year_quarter": 20101,
            "year": 2010,
            "quarter": 1,
            "eps": null,
            "eps_growth_year": null,
            "eps_4q": null,
            "eps_4q_growth_year": null,
            "roe": null,
            "roe_4q": 0,
            "gross_profit": null,
            "gross_margin": null,
            "gross_margin_4q_avg": 0,
            "net_income": null,
            "revenue": null,
            "common_shares": null,
            "book_valuer_per_share": null,
            "book_valuer_per_share_4q_avg": 1.25,
            "equity": null,
            "current_ratio": null,
            "debt_ratio": null,
            "inventory_turnover_ratio": null,
            "account_receivable_turnover_ratio": null,
            "reinvestment_rate": null,
            "research_to_sale_ratio": null,
            "price_fair": 0,
            "eps_avg_yearly": 0,
            "eps_latest_yearly": 0,
            "eps_growth_yearly": 0
        },
        "20102": {
            "year_quarter": 20102,
            "year": 2010,
            "quarter": 2,
            "eps": null,
            "eps_growth_year": null,
            "eps_4q": null,
            "eps_4q_growth_year": null,
            "roe": null,
            "roe_4q": 0,
            "gross_profit": null,
            "gross_margin": null,
            "gross_margin_4q_avg": 0,
            "net_income": null,
            "revenue": null,
            "common_shares": null,
            "book_valuer_per_share": null,
            "book_valuer_per_share_4q_avg": 1.25,
            "equity": null,
            "current_ratio": null,
            "debt_ratio": null,
            "inventory_turnover_ratio": null,
            "account_receivable_turnover_ratio": null,
            "reinvestment_rate": null,
            "research_to_sale_ratio": null,
            "price_fair": 0,
            "eps_avg_yearly": 0,
            "eps_latest_yearly": 0,
            "eps_growth_yearly": 0
        },
        "20103": {
            "year_quarter": 20103,
            "year": 2010,
            "quarter": 3,
            "eps": null,
            "eps_growth_year": null,
            "eps_4q": null,
            "eps_4q_growth_year": null,
            "roe": null,
            "roe_4q": 0,
            "gross_profit": null,
            "gross_margin": null,
            "gross_margin_4q_avg": 0,
            "net_income": null,
            "revenue": null,
            "common_shares": null,
            "book_valuer_per_share": null,
            "book_valuer_per_share_4q_avg": 1.25,
            "equity": null,
            "current_ratio": null,
            "debt_ratio": null,
            "inventory_turnover_ratio": null,
            "account_receivable_turnover_ratio": null,
            "reinvestment_rate": null,
            "research_to_sale_ratio": null,
            "price_fair": 0,
            "eps_avg_yearly": 0,
            "eps_latest_yearly": 0,
            "eps_growth_yearly": 0
        },
        "20104": {
            "year_quarter": 20104,
            "year": 2010,
            "quarter": 4,
            "eps": null,
            "eps_growth_year": null,
            "eps_4q": null,
            "eps_4q_growth_year": null,
            "roe": null,
            "roe_4q": 0,
            "gross_profit": null,
            "gross_margin": null,
            "gross_margin_4q_avg": 0,
            "net_income": null,
            "revenue": null,
            "common_shares": 400000,
            "book_valuer_per_share": 6.19,
            "book_valuer_per_share_4q_avg": 1.55,
            "equity": 247430,
            "current_ratio": 138.03,
            "debt_ratio": 52.05,
            "inventory_turnover_ratio": null,
            "account_receivable_turnover_ratio": null,
            "reinvestment_rate": null,
            "research_to_sale_ratio": null,
            "price_fair": 0,
            "eps_avg_yearly": 0,
            "eps_latest_yearly": 0,
            "eps_growth_yearly": 0
        },
        "20111": {
            "year_quarter": 20111,
            "year": 2011,
            "quarter": 1,
            "eps": null,
            "eps_growth_year": null,
            "eps_4q": null,
            "eps_4q_growth_year": null,
            "roe": null,
            "roe_4q": 0,
            "gross_profit": 152886,
            "gross_margin": null,
            "gross_margin_4q_avg": 0,
            "net_income": 69040,
            "revenue": 343164,
            "common_shares": 400000,
            "book_valuer_per_share": 7.91,
            "book_valuer_per_share_4q_avg": 3.53,
            "equity": 316499,
            "current_ratio": 154.44,
            "debt_ratio": 49.13,
            "inventory_turnover_ratio": null,
            "account_receivable_turnover_ratio": null,
            "reinvestment_rate": null,
            "research_to_sale_ratio": null,
            "price_fair": 0,
            "eps_avg_yearly": 0,
            "eps_latest_yearly": 0,
            "eps_growth_yearly": 0
        },
        "20112": {
            "year_quarter": 20112,
            "year": 2011,
            "quarter": 2,
            "eps": null,
            "eps_growth_year": null,
            "eps_4q": null,
            "eps_4q_growth_year": null,
            "roe": null,
            "roe_4q": 0,
            "gross_profit": 160254,
            "gross_margin": null,
            "gross_margin_4q_avg": 0,
            "net_income": 70159,
            "revenue": 401826,
            "common_shares": 424860,
            "book_valuer_per_share": 9.69,
            "book_valuer_per_share_4q_avg": 5.95,
            "equity": 411743,
            "current_ratio": 171.02,
            "debt_ratio": 47.49,
            "inventory_turnover_ratio": null,
            "account_receivable_turnover_ratio": null,
            "reinvestment_rate": null,
            "research_to_sale_ratio": null,
            "price_fair": 0,
            "eps_avg_yearly": 0,
            "eps_latest_yearly": 0,
            "eps_growth_yearly": 0
        },
        "20113": {
            "year_quarter": 20113,
            "year": 2011,
            "quarter": 3,
            "eps": null,
            "eps_growth_year": null,
            "eps_4q": null,
            "eps_4q_growth_year": null,
            "roe": null,
            "roe_4q": 0,
            "gross_profit": 137371,
            "gross_margin": null,
            "gross_margin_4q_avg": 0,
            "net_income": 44812,
            "revenue": 381501,
            "common_shares": 474860,
            "book_valuer_per_share": 12.36,
            "book_valuer_per_share_4q_avg": 9.04,
            "equity": 586889,
            "current_ratio": 243.89,
            "debt_ratio": 34.91,
            "inventory_turnover_ratio": null,
            "account_receivable_turnover_ratio": null,
            "reinvestment_rate": null,
            "research_to_sale_ratio": null,
            "price_fair": 0,
            "eps_avg_yearly": 0,
            "eps_latest_yearly": 0,
            "eps_growth_yearly": 0
        },
        "20114": {
            "year_quarter": 20114,
            "year": 2011,
            "quarter": 4,
            "eps": null,
            "eps_growth_year": null,
            "eps_4q": null,
            "eps_4q_growth_year": null,
            "roe": null,
            "roe_4q": 0,
            "gross_profit": 110401,
            "gross_margin": null,
            "gross_margin_4q_avg": 0,
            "net_income": 32880,
            "revenue": 319811,
            "common_shares": 474860,
            "book_valuer_per_share": 13.05,
            "book_valuer_per_share_4q_avg": 10.75,
            "equity": 619797,
            "current_ratio": 258.14,
            "debt_ratio": 31.15,
            "inventory_turnover_ratio": null,
            "account_receivable_turnover_ratio": null,
            "reinvestment_rate": null,
            "research_to_sale_ratio": null,
            "price_fair": 0,
            "eps_avg_yearly": 0,
            "eps_latest_yearly": 0,
            "eps_growth_yearly": 0
        },
        "20121": {
            "year_quarter": 20121,
            "year": 2012,
            "quarter": 1,
            "eps": null,
            "eps_growth_year": null,
            "eps_4q": null,
            "eps_4q_growth_year": null,
            "roe": null,
            "roe_4q": 0,
            "gross_profit": 180679,
            "gross_margin": null,
            "gross_margin_4q_avg": 0,
            "net_income": 63609,
            "revenue": 445966,
            "common_shares": 474860,
            "book_valuer_per_share": 14.39,
            "book_valuer_per_share_4q_avg": 12.37,
            "equity": 683393,
            "current_ratio": 349.23,
            "debt_ratio": 23.06,
            "inventory_turnover_ratio": null,
            "account_receivable_turnover_ratio": null,
            "reinvestment_rate": null,
            "research_to_sale_ratio": null,
            "price_fair": 0,
            "eps_avg_yearly": 0,
            "eps_latest_yearly": 0,
            "eps_growth_yearly": 0
        },
        "20122": {
            "year_quarter": 20122,
            "year": 2012,
            "quarter": 2,
            "eps": 1.35,
            "eps_growth_year": null,
            "eps_4q": 1.35,
            "eps_4q_growth_year": null,
            "roe": 9.69,
            "roe_4q": 9.69,
            "gross_profit": 178042,
            "gross_margin": 39.71,
            "gross_margin_4q_avg": 9.93,
            "net_income": 69090,
            "revenue": 448400,
            "common_shares": 474860,
            "book_valuer_per_share": 14.49,
            "book_valuer_per_share_4q_avg": 13.57,
            "equity": 742987,
            "current_ratio": 300.74,
            "debt_ratio": 27.89,
            "inventory_turnover_ratio": 1.23,
            "account_receivable_turnover_ratio": 4.19,
            "reinvestment_rate": null,
            "research_to_sale_ratio": null,
            "price_fair": 0,
            "eps_avg_yearly": 0,
            "eps_latest_yearly": 0,
            "eps_growth_yearly": 0
        },
        "20123": {
            "year_quarter": 20123,
            "year": 2012,
            "quarter": 3,
            "eps": 1.44,
            "eps_growth_year": null,
            "eps_4q": 2.79,
            "eps_4q_growth_year": null,
            "roe": 9.49,
            "roe_4q": 19.18,
            "gross_profit": 170584,
            "gross_margin": 40.77,
            "gross_margin_4q_avg": 20.12,
            "net_income": 73985,
            "revenue": 418440,
            "common_shares": 512849,
            "book_valuer_per_share": 15.93,
            "book_valuer_per_share_4q_avg": 14.47,
            "equity": 816960,
            "current_ratio": 389.38,
            "debt_ratio": 20.86,
            "inventory_turnover_ratio": 0.99,
            "account_receivable_turnover_ratio": 1.84,
            "reinvestment_rate": null,
            "research_to_sale_ratio": 15.32,
            "price_fair": 201.6,
            "eps_avg_yearly": 5.76,
            "eps_latest_yearly": 5.76,
            "eps_growth_yearly": 26.67
        },
        "20124": {
            "year_quarter": 20124,
            "year": 2012,
            "quarter": 4,
            "eps": 0.2,
            "eps_growth_year": null,
            "eps_4q": 2.74,
            "eps_4q_growth_year": null,
            "roe": 1.16,
            "roe_4q": 20.34,
            "gross_profit": 116873,
            "gross_margin": 39.98,
            "gross_margin_4q_avg": 30.12,
            "net_income": 11370,
            "revenue": 292337,
            "common_shares": 563879,
            "book_valuer_per_share": 20.3,
            "book_valuer_per_share_4q_avg": 16.28,
            "equity": 1144730,
            "current_ratio": 534.38,
            "debt_ratio": 16.04,
            "inventory_turnover_ratio": 0.92,
            "account_receivable_turnover_ratio": 1.26,
            "reinvestment_rate": null,
            "research_to_sale_ratio": 21.53,
            "price_fair": 9.84,
            "eps_avg_yearly": 3.28,
            "eps_latest_yearly": 0.8,
            "eps_growth_yearly": -158.89
        },
        "20131": {
            "year_quarter": 20131,
            "year": 2013,
            "quarter": 1,
            "eps": 0.41,
            "eps_growth_year": null,
            "eps_4q": 3.15,
            "eps_4q_growth_year": null,
            "roe": 2.02,
            "roe_4q": 22.36,
            "gross_profit": 118966,
            "gross_margin": 39.52,
            "gross_margin_4q_avg": 40,
            "net_income": 23290,
            "revenue": 301038,
            "common_shares": 563879,
            "book_valuer_per_share": 20.63,
            "book_valuer_per_share_4q_avg": 17.84,
            "equity": 1163560,
            "current_ratio": 505.14,
            "debt_ratio": 16.79,
            "inventory_turnover_ratio": 1.27,
            "account_receivable_turnover_ratio": 1.49,
            "reinvestment_rate": null,
            "research_to_sale_ratio": 20.36,
            "price_fair": 95.67,
            "eps_avg_yearly": 2.73,
            "eps_latest_yearly": 1.64,
            "eps_growth_yearly": 34.07
        },
        "20132": {
            "year_quarter": 20132,
            "year": 2013,
            "quarter": 2,
            "eps": 0.55,
            "eps_growth_year": -59.17,
            "eps_4q": 2.47,
            "eps_4q_growth_year": 83.35,
            "roe": 2.76,
            "roe_4q": 15.43,
            "gross_profit": 124232,
            "gross_margin": 40.45,
            "gross_margin_4q_avg": 40.18,
            "net_income": 30636,
            "revenue": 307160,
            "common_shares": 563879,
            "book_valuer_per_share": 18.68,
            "book_valuer_per_share_4q_avg": 18.89,
            "equity": 1053226,
            "current_ratio": 360.14,
            "debt_ratio": 24.66,
            "inventory_turnover_ratio": 1.34,
            "account_receivable_turnover_ratio": 1.58,
            "reinvestment_rate": null,
            "research_to_sale_ratio": 20.37,
            "price_fair": 91,
            "eps_avg_yearly": 2.6,
            "eps_latest_yearly": 2.2,
            "eps_growth_yearly": 59.7
        },
        "20133": {
            "year_quarter": 20133,
            "year": 2013,
            "quarter": 3,
            "eps": 0.24,
            "eps_growth_year": -83.36,
            "eps_4q": 1.4,
            "eps_4q_growth_year": -49.81,
            "roe": 1.29,
            "roe_4q": 7.23,
            "gross_profit": 101126,
            "gross_margin": 36.4,
            "gross_margin_4q_avg": 39.09,
            "net_income": 13660,
            "revenue": 277783,
            "common_shares": 563879,
            "book_valuer_per_share": 18.92,
            "book_valuer_per_share_4q_avg": 19.63,
            "equity": 1066886,
            "current_ratio": 576.72,
            "debt_ratio": 14.51,
            "inventory_turnover_ratio": 1.36,
            "account_receivable_turnover_ratio": 1.39,
            "reinvestment_rate": null,
            "research_to_sale_ratio": 22.27,
            "price_fair": 28.79,
            "eps_avg_yearly": 2.27,
            "eps_latest_yearly": 0.96,
            "eps_growth_yearly": 2.67
        },
        "20134": {
            "year_quarter": 20134,
            "year": 2013,
            "quarter": 4,
            "eps": 0.34,
            "eps_growth_year": 70.61,
            "eps_4q": 1.54,
            "eps_4q_growth_year": -43.68,
            "roe": 1.8,
            "roe_4q": 7.869999999999999,
            "gross_profit": 107162,
            "gross_margin": 35.37,
            "gross_margin_4q_avg": 37.94,
            "net_income": 19398,
            "revenue": 303002,
            "common_shares": 563879,
            "book_valuer_per_share": 19.26,
            "book_valuer_per_share_4q_avg": 19.37,
            "equity": 1086211,
            "current_ratio": 445.69,
            "debt_ratio": 19.11,
            "inventory_turnover_ratio": 1.32,
            "account_receivable_turnover_ratio": 1.62,
            "reinvestment_rate": null,
            "research_to_sale_ratio": 21.06,
            "price_fair": 74.2,
            "eps_avg_yearly": 2.12,
            "eps_latest_yearly": 1.36,
            "eps_growth_yearly": 30
        },
        "20141": {
            "year_quarter": 20141,
            "year": 2014,
            "quarter": 1,
            "eps": 0.85,
            "eps_growth_year": 107.32,
            "eps_4q": 1.98,
            "eps_4q_growth_year": -37.22,
            "roe": 4.31,
            "roe_4q": 10.16,
            "gross_profit": 155575,
            "gross_margin": 43.01,
            "gross_margin_4q_avg": 38.81,
            "net_income": 47892,
            "revenue": 361709,
            "common_shares": 563879,
            "book_valuer_per_share": 20.11,
            "book_valuer_per_share_4q_avg": 19.24,
            "equity": 1134103,
            "current_ratio": 540.86,
            "debt_ratio": 15.96,
            "inventory_turnover_ratio": 0.99,
            "account_receivable_turnover_ratio": 2.09,
            "reinvestment_rate": null,
            "research_to_sale_ratio": 21.83,
            "price_fair": 80.6,
            "eps_avg_yearly": 2.3,
            "eps_latest_yearly": 3.4,
            "eps_growth_yearly": 111.43
        },
        "20142": {
            "year_quarter": 20142,
            "year": 2014,
            "quarter": 2,
            "eps": 1.21,
            "eps_growth_year": 120,
            "eps_4q": 2.65,
            "eps_4q_growth_year": 7.11,
            "roe": 6.02,
            "roe_4q": 13.419999999999998,
            "gross_profit": 188890,
            "gross_margin": 43.69,
            "gross_margin_4q_avg": 39.62,
            "net_income": 68238,
            "revenue": 432377,
            "common_shares": 563879,
            "book_valuer_per_share": 20.07,
            "book_valuer_per_share_4q_avg": 19.59,
            "equity": 1131856,
            "current_ratio": 395.15,
            "debt_ratio": 22.16,
            "inventory_turnover_ratio": 1,
            "account_receivable_turnover_ratio": 2.25,
            "reinvestment_rate": null,
            "research_to_sale_ratio": 18.22,
            "price_fair": 91.7,
            "eps_avg_yearly": 2.62,
            "eps_latest_yearly": 4.84,
            "eps_growth_yearly": 118.68
        },
        "20143": {
            "year_quarter": 20143,
            "year": 2014,
            "quarter": 3,
            "eps": 0.98,
            "eps_growth_year": 308.33,
            "eps_4q": 3.38,
            "eps_4q_growth_year": 141.56,
            "roe": 4.76,
            "roe_4q": 16.89,
            "gross_profit": 161366,
            "gross_margin": 41.66,
            "gross_margin_4q_avg": 40.93,
            "net_income": 55197,
            "revenue": 387383,
            "common_shares": 563879,
            "book_valuer_per_share": 21.05,
            "book_valuer_per_share_4q_avg": 20.12,
            "equity": 1187053,
            "current_ratio": 487.83,
            "debt_ratio": 17.93,
            "inventory_turnover_ratio": 0.85,
            "account_receivable_turnover_ratio": 1.74,
            "reinvestment_rate": null,
            "research_to_sale_ratio": 21.41,
            "price_fair": 96.76,
            "eps_avg_yearly": 2.76,
            "eps_latest_yearly": 3.92,
            "eps_growth_yearly": 97.04
        },
        "20144": {
            "year_quarter": 20144,
            "year": 2014,
            "quarter": 4,
            "eps": 1.01,
            "eps_growth_year": 192.27,
            "eps_4q": 4.04,
            "eps_4q_growth_year": 162.14,
            "roe": 4.66,
            "roe_4q": 19.75,
            "gross_profit": 131113,
            "gross_margin": 38.29,
            "gross_margin_4q_avg": 41.66,
            "net_income": 56695,
            "revenue": 342458,
            "common_shares": 563879,
            "book_valuer_per_share": 22.06,
            "book_valuer_per_share_4q_avg": 20.82,
            "equity": 1243726,
            "current_ratio": 585.67,
            "debt_ratio": 15.12,
            "inventory_turnover_ratio": 0.86,
            "account_receivable_turnover_ratio": 1.48,
            "reinvestment_rate": 2.86,
            "research_to_sale_ratio": 20.25,
            "price_fair": 101.22,
            "eps_avg_yearly": 2.89,
            "eps_latest_yearly": 4.04,
            "eps_growth_yearly": 88.56
        },
        "20151": {
            "year_quarter": 20151,
            "year": 2015,
            "quarter": 1,
            "eps": 0.64,
            "eps_growth_year": -24.71,
            "eps_4q": 3.79,
            "eps_4q_growth_year": 91.5,
            "roe": 2.85,
            "roe_4q": 18.29,
            "gross_profit": 176790,
            "gross_margin": 45.44,
            "gross_margin_4q_avg": 42.27,
            "net_income": 36328,
            "revenue": 389025,
            "common_shares": 571199,
            "book_valuer_per_share": 22.79,
            "book_valuer_per_share_4q_avg": 21.49,
            "equity": 1301891,
            "current_ratio": 607.66,
            "debt_ratio": 14.52,
            "inventory_turnover_ratio": 1.07,
            "account_receivable_turnover_ratio": 1.73,
            "reinvestment_rate": 2.43,
            "research_to_sale_ratio": 26.56,
            "price_fair": 100.16,
            "eps_avg_yearly": 2.86,
            "eps_latest_yearly": 2.56,
            "eps_growth_yearly": 67.19
        },
        "20152": {
            "year_quarter": 20152,
            "year": 2015,
            "quarter": 2,
            "eps": 0.12,
            "eps_growth_year": -90.08,
            "eps_4q": 2.71,
            "eps_4q_growth_year": 2.42,
            "roe": 0.53,
            "roe_4q": 12.799999999999999,
            "gross_profit": 132906,
            "gross_margin": 44.89,
            "gross_margin_4q_avg": 42.57,
            "net_income": 6556,
            "revenue": 296060,
            "common_shares": 571199,
            "book_valuer_per_share": 20.17,
            "book_valuer_per_share_4q_avg": 21.52,
            "equity": 1151455,
            "current_ratio": 371.93,
            "debt_ratio": 23.7,
            "inventory_turnover_ratio": 0.84,
            "account_receivable_turnover_ratio": 1.58,
            "reinvestment_rate": 3.05,
            "research_to_sale_ratio": 31.02,
            "price_fair": 93.22,
            "eps_avg_yearly": 2.66,
            "eps_latest_yearly": 0.48,
            "eps_growth_yearly": 34.51
        },
        "20153": {
            "year_quarter": 20153,
            "year": 2015,
            "quarter": 3,
            "eps": 1.62,
            "eps_growth_year": 65.31,
            "eps_4q": 3.35,
            "eps_4q_growth_year": -1.04,
            "roe": 7.6,
            "roe_4q": 15.639999999999999,
            "gross_profit": 205880,
            "gross_margin": 47.69,
            "gross_margin_4q_avg": 44.08,
            "net_income": 91512,
            "revenue": 431717,
            "common_shares": 570909,
            "book_valuer_per_share": 22.04,
            "book_valuer_per_share_4q_avg": 21.77,
            "equity": 1258310,
            "current_ratio": 526.1,
            "debt_ratio": 16.59,
            "inventory_turnover_ratio": 1.32,
            "account_receivable_turnover_ratio": 1.85,
            "reinvestment_rate": 2.83,
            "research_to_sale_ratio": 25.28,
            "price_fair": 103.49,
            "eps_avg_yearly": 2.96,
            "eps_latest_yearly": 6.48,
            "eps_growth_yearly": 416.47
        },
        "20154": {
            "year_quarter": 20154,
            "year": 2015,
            "quarter": 4,
            "eps": 1.26,
            "eps_growth_year": 25.74,
            "eps_4q": 3.62,
            "eps_4q_growth_year": -10.52,
            "roe": 5.54,
            "roe_4q": 16.52,
            "gross_profit": 222091,
            "gross_margin": 50.62,
            "gross_margin_4q_avg": 47.16,
            "net_income": 72170,
            "revenue": 438719,
            "common_shares": 570869,
            "book_valuer_per_share": 23.57,
            "book_valuer_per_share_4q_avg": 22.14,
            "equity": 1345556,
            "current_ratio": 507.48,
            "debt_ratio": 17.19,
            "inventory_turnover_ratio": 1.2,
            "account_receivable_turnover_ratio": 1.8,
            "reinvestment_rate": -0.1,
            "research_to_sale_ratio": 24.63,
            "price_fair": 108.7,
            "eps_avg_yearly": 3.11,
            "eps_latest_yearly": 5.04,
            "eps_growth_yearly": 380.37
        },
        "20161": {
            "year_quarter": 20161,
            "year": 2016,
            "quarter": 1,
            "eps": 1.1,
            "eps_growth_year": 71.88,
            "eps_4q": 4.07,
            "eps_4q_growth_year": 7.52,
            "roe": 4.52,
            "roe_4q": 18.189999999999998,
            "gross_profit": 209380,
            "gross_margin": 50.46,
            "gross_margin_4q_avg": 48.42,
            "net_income": 62374,
            "revenue": 414919,
            "common_shares": 570869,
            "book_valuer_per_share": 24.81,
            "book_valuer_per_share_4q_avg": 22.65,
            "equity": 1416453,
            "current_ratio": 626.31,
            "debt_ratio": 13.9,
            "inventory_turnover_ratio": 1.05,
            "account_receivable_turnover_ratio": 2.48,
            "reinvestment_rate": 2.4,
            "research_to_sale_ratio": 25.31,
            "price_fair": 111.72,
            "eps_avg_yearly": 3.19,
            "eps_latest_yearly": 4.4,
            "eps_growth_yearly": 351.63
        },
        "20162": {
            "year_quarter": 20162,
            "year": 2016,
            "quarter": 2,
            "eps": 0.93,
            "eps_growth_year": 675,
            "eps_4q": 4.88,
            "eps_4q_growth_year": 80.12,
            "roe": 3.86,
            "roe_4q": 21.519999999999996,
            "gross_profit": 181567,
            "gross_margin": 48.2,
            "gross_margin_4q_avg": 49.24,
            "net_income": 52568,
            "revenue": 376676,
            "common_shares": 570869,
            "book_valuer_per_share": 22.88,
            "book_valuer_per_share_4q_avg": 23.33,
            "equity": 1306283,
            "current_ratio": 360.05,
            "debt_ratio": 24,
            "inventory_turnover_ratio": 0.95,
            "account_receivable_turnover_ratio": 2.36,
            "reinvestment_rate": 2.46,
            "research_to_sale_ratio": 24.97,
            "price_fair": 112.88,
            "eps_avg_yearly": 3.23,
            "eps_latest_yearly": 3.72,
            "eps_growth_yearly": 325.79
        },
        "20163": {
            "year_quarter": 20163,
            "year": 2016,
            "quarter": 3,
            "eps": 2.01,
            "eps_growth_year": 24.07,
            "eps_4q": 5.27,
            "eps_4q_growth_year": 57.48,
            "roe": 8.32,
            "roe_4q": 22.24,
            "gross_profit": 283727,
            "gross_margin": 45.32,
            "gross_margin_4q_avg": 48.65,
            "net_income": 113792,
            "revenue": 626086,
            "common_shares": 570848,
            "book_valuer_per_share": 25.03,
            "book_valuer_per_share_4q_avg": 24.07,
            "equity": 1428578,
            "current_ratio": 417.59,
            "debt_ratio": 20.52,
            "inventory_turnover_ratio": 1.4,
            "account_receivable_turnover_ratio": 2.33,
            "reinvestment_rate": 3.72,
            "research_to_sale_ratio": 17.95,
            "price_fair": 117.86,
            "eps_avg_yearly": 3.37,
            "eps_latest_yearly": 8.04,
            "eps_growth_yearly": 353.15
        },
        "20164": {
            "year_quarter": 20164,
            "year": 2016,
            "quarter": 4,
            "eps": 2.13,
            "eps_growth_year": 68.1,
            "eps_4q": 6.13,
            "eps_4q_growth_year": 69.49,
            "roe": 8.13,
            "roe_4q": 24.830000000000002,
            "gross_profit": 298945,
            "gross_margin": 46.78,
            "gross_margin_4q_avg": 47.69,
            "net_income": 121283,
            "revenue": 639030,
            "common_shares": 570708,
            "book_valuer_per_share": 27.27,
            "book_valuer_per_share_4q_avg": 25,
            "equity": 1556338,
            "current_ratio": 390.57,
            "debt_ratio": 22.3,
            "inventory_turnover_ratio": 1,
            "account_receivable_turnover_ratio": 1.83,
            "reinvestment_rate": 4.69,
            "research_to_sale_ratio": 21.42,
            "price_fair": 134.75,
            "eps_avg_yearly": 3.85,
            "eps_latest_yearly": 8.52,
            "eps_growth_yearly": 376.17
        },
        "20171": {
            "year_quarter": 20171,
            "year": 2017,
            "quarter": 1,
            "eps": 2.03,
            "eps_growth_year": 84.55,
            "eps_4q": 7.06,
            "eps_4q_growth_year": 73.3,
            "roe": 7.14,
            "roe_4q": 27.45,
            "gross_profit": 306643,
            "gross_margin": 43.9,
            "gross_margin_4q_avg": 46.05,
            "net_income": 115363,
            "revenue": 698488,
            "common_shares": 570708,
            "book_valuer_per_share": 29.34,
            "book_valuer_per_share_4q_avg": 26.13,
            "equity": 1674620,
            "current_ratio": 430.75,
            "debt_ratio": 20.41,
            "inventory_turnover_ratio": 0.97,
            "account_receivable_turnover_ratio": 1.95,
            "reinvestment_rate": 3.75,
            "research_to_sale_ratio": 16.62,
            "price_fair": 148.93,
            "eps_avg_yearly": 4.26,
            "eps_latest_yearly": 8.12,
            "eps_growth_yearly": 348.75
        },
        "20172": {
            "year_quarter": 20172,
            "year": 2017,
            "quarter": 2,
            "eps": -0.27,
            "eps_growth_year": -129.03,
            "eps_4q": 5.58,
            "eps_4q_growth_year": 14.27,
            "roe": -1.01,
            "roe_4q": 22.580000000000002,
            "gross_profit": 340159,
            "gross_margin": 41.75,
            "gross_margin_4q_avg": 44.44,
            "net_income": -15603,
            "revenue": 814792,
            "common_shares": 570708,
            "book_valuer_per_share": 24.62,
            "book_valuer_per_share_4q_avg": 26.57,
            "equity": 1405117,
            "current_ratio": 220.17,
            "debt_ratio": 40.54,
            "inventory_turnover_ratio": 1.12,
            "account_receivable_turnover_ratio": 1.75,
            "reinvestment_rate": 5.26,
            "research_to_sale_ratio": 12.48,
            "price_fair": 153.72,
            "eps_avg_yearly": 4.39,
            "eps_latest_yearly": 8.12,
            "eps_growth_yearly": 362.89
        },
        "20173": {
            "year_quarter": 20173,
            "year": 2017,
            "quarter": 3,
            "eps": 3.51,
            "eps_growth_year": 74.63,
            "eps_4q": 7.17,
            "eps_4q_growth_year": 36.09,
            "roe": 13.87,
            "roe_4q": 28.130000000000003,
            "gross_profit": 385966,
            "gross_margin": 47.44,
            "gross_margin_4q_avg": 44.97,
            "net_income": 209632,
            "revenue": 813661,
            "common_shares": 600379,
            "book_valuer_per_share": 26.94,
            "book_valuer_per_share_4q_avg": 27.04,
            "equity": 1617662,
            "current_ratio": 454.98,
            "debt_ratio": 19.26,
            "inventory_turnover_ratio": 1.03,
            "account_receivable_turnover_ratio": 1.57,
            "reinvestment_rate": 4.12,
            "research_to_sale_ratio": 14.9,
            "price_fair": 162.3,
            "eps_avg_yearly": 4.64,
            "eps_latest_yearly": 8.12,
            "eps_growth_yearly": 404.92
        },
        "20174": {
            "year_quarter": 20174,
            "year": 2017,
            "quarter": 4,
            "eps": 2.04,
            "eps_growth_year": -3.83,
            "eps_4q": 7.2,
            "eps_4q_growth_year": 17.35,
            "roe": 7.3,
            "roe_4q": 27.299999999999997,
            "gross_profit": 294916,
            "gross_margin": 45.49,
            "gross_margin_4q_avg": 44.65,
            "net_income": 122706,
            "revenue": 648290,
            "common_shares": 600379,
            "book_valuer_per_share": 29.03,
            "book_valuer_per_share_4q_avg": 27.48,
            "equity": 1742881,
            "current_ratio": 363.7,
            "debt_ratio": 24.35,
            "inventory_turnover_ratio": 0.83,
            "account_receivable_turnover_ratio": 1.42,
            "reinvestment_rate": 7.78,
            "research_to_sale_ratio": 17,
            "price_fair": 179.3,
            "eps_avg_yearly": 5.12,
            "eps_latest_yearly": 8.16,
            "eps_growth_yearly": 381.05
        },
        "20181": {
            "year_quarter": 20181,
            "year": 2018,
            "quarter": 1,
            "eps": 2.43,
            "eps_growth_year": 19.7,
            "eps_4q": 7.7,
            "eps_4q_growth_year": 9.04,
            "roe": 8.01,
            "roe_4q": 28.169999999999998,
            "gross_profit": 341724,
            "gross_margin": 46.9,
            "gross_margin_4q_avg": 45.4,
            "net_income": 145554,
            "revenue": 728622,
            "common_shares": 600379,
            "book_valuer_per_share": 31.47,
            "book_valuer_per_share_4q_avg": 28.02,
            "equity": 1889326,
            "current_ratio": 567.34,
            "debt_ratio": 15.61,
            "inventory_turnover_ratio": 0.94,
            "account_receivable_turnover_ratio": 1.79,
            "reinvestment_rate": 6.41,
            "research_to_sale_ratio": 16.58,
            "price_fair": 195.1,
            "eps_avg_yearly": 5.57,
            "eps_latest_yearly": 9.72,
            "eps_growth_yearly": 343.65
        },
        "20182": {
            "year_quarter": 20182,
            "year": 2018,
            "quarter": 2,
            "eps": 3.6,
            "eps_growth_year": null,
            "eps_4q": 11.56,
            "eps_4q_growth_year": 107.3,
            "roe": 11.9,
            "roe_4q": 41.08,
            "gross_profit": 371747,
            "gross_margin": 47.14,
            "gross_margin_4q_avg": 46.74,
            "net_income": 216220,
            "revenue": 788631,
            "common_shares": 600379,
            "book_valuer_per_share": 29.07,
            "book_valuer_per_share_4q_avg": 29.13,
            "equity": 1745319,
            "current_ratio": 252.11,
            "debt_ratio": 35.4,
            "inventory_turnover_ratio": 1.15,
            "account_receivable_turnover_ratio": 1.77,
            "reinvestment_rate": 7.05,
            "research_to_sale_ratio": 15.54,
            "price_fair": 219,
            "eps_avg_yearly": 6.26,
            "eps_latest_yearly": 14.4,
            "eps_growth_yearly": 345.31
        },
        "20183": {
            "year_quarter": 20183,
            "year": 2018,
            "quarter": 3,
            "eps": 4.6,
            "eps_growth_year": 31.05,
            "eps_4q": 12.67,
            "eps_4q_growth_year": 76.65,
            "roe": 14.67,
            "roe_4q": 41.879999999999995,
            "gross_profit": 497890,
            "gross_margin": 47.68,
            "gross_margin_4q_avg": 46.8,
            "net_income": 276290,
            "revenue": 1044129,
            "common_shares": 600379,
            "book_valuer_per_share": 33.67,
            "book_valuer_per_share_4q_avg": 30.81,
            "equity": 2021609,
            "current_ratio": 334.08,
            "debt_ratio": 25.81,
            "inventory_turnover_ratio": 1.42,
            "account_receivable_turnover_ratio": 1.74,
            "reinvestment_rate": 4.19,
            "research_to_sale_ratio": 11.91,
            "price_fair": 255.2,
            "eps_avg_yearly": 7.29,
            "eps_latest_yearly": 18.4,
            "eps_growth_yearly": 358.68
        },
        "20184": {
            "year_quarter": 20184,
            "year": 2018,
            "quarter": 4,
            "eps": 5.29,
            "eps_growth_year": 158.98,
            "eps_4q": 15.92,
            "eps_4q_growth_year": 121.21,
            "roe": 14.61,
            "roe_4q": 49.19,
            "gross_profit": 544017,
            "gross_margin": 46.86,
            "gross_margin_4q_avg": 47.15,
            "net_income": 317783,
            "revenue": 1160969,
            "common_shares": 600379,
            "book_valuer_per_share": 38.78,
            "book_valuer_per_share_4q_avg": 33.25,
            "equity": 2328318,
            "current_ratio": 313.1,
            "debt_ratio": 27.65,
            "inventory_turnover_ratio": 1.55,
            "account_receivable_turnover_ratio": 1.53,
            "reinvestment_rate": 3.09,
            "research_to_sale_ratio": 11.18,
            "price_fair": 298,
            "eps_avg_yearly": 8.51,
            "eps_latest_yearly": 21.16,
            "eps_growth_yearly": 362.09
        },
        "20191": {
            "year_quarter": 20191,
            "year": 2019,
            "quarter": 1,
            "eps": 4.5,
            "eps_growth_year": 85.19,
            "eps_4q": 18,
            "eps_4q_growth_year": 133.77,
            "roe": 10.98,
            "roe_4q": 52.16,
            "gross_profit": 500472,
            "gross_margin": 47.75,
            "gross_margin_4q_avg": 47.36,
            "net_income": 270390,
            "revenue": 1048204,
            "common_shares": 600379,
            "book_valuer_per_share": 43.28,
            "book_valuer_per_share_4q_avg": 36.2,
            "equity": 2598708,
            "current_ratio": 390.94,
            "debt_ratio": 22.32,
            "inventory_turnover_ratio": 1.45,
            "account_receivable_turnover_ratio": 1.43,
            "reinvestment_rate": 2.47,
            "research_to_sale_ratio": 13.24,
            "price_fair": 336.6,
            "eps_avg_yearly": 9.62,
            "eps_latest_yearly": 18,
            "eps_growth_yearly": 368.29
        },
        "20192": {
            "year_quarter": 20192,
            "year": 2019,
            "quarter": 2,
            "eps": 3.51,
            "eps_growth_year": -2.5,
            "eps_4q": 17.9,
            "eps_4q_growth_year": 54.87,
            "roe": 8.99,
            "roe_4q": 49.25,
            "gross_profit": 391941,
            "gross_margin": 50.44,
            "gross_margin_4q_avg": 48.18,
            "net_income": 210485,
            "revenue": 777012,
            "common_shares": 600379,
            "book_valuer_per_share": 34.74,
            "book_valuer_per_share_4q_avg": 37.62,
            "equity": 2085739,
            "current_ratio": 219.55,
            "debt_ratio": 39.81,
            "inventory_turnover_ratio": 1.23,
            "account_receivable_turnover_ratio": 1.41,
            "reinvestment_rate": 3.77,
            "research_to_sale_ratio": 16.02,
            "price_fair": 370.5,
            "eps_avg_yearly": 10.59,
            "eps_latest_yearly": 14.04,
            "eps_growth_yearly": 385.22
        },
        "20193": {
            "year_quarter": 20193,
            "year": 2019,
            "quarter": 3,
            "eps": 4.06,
            "eps_growth_year": -11.74,
            "eps_4q": 17.36,
            "eps_4q_growth_year": 36.98,
            "roe": 10.99,
            "roe_4q": 45.57,
            "gross_profit": 473336,
            "gross_margin": 51.43,
            "gross_margin_4q_avg": 49.12,
            "net_income": 243473,
            "revenue": 920276,
            "common_shares": 600379,
            "book_valuer_per_share": 39.04,
            "book_valuer_per_share_4q_avg": 38.96,
            "equity": 2343872,
            "current_ratio": 303.26,
            "debt_ratio": 28.57,
            "inventory_turnover_ratio": 1.7,
            "account_receivable_turnover_ratio": 1.67,
            "reinvestment_rate": 4.39,
            "research_to_sale_ratio": 14.31,
            "price_fair": 394.9,
            "eps_avg_yearly": 11.28,
            "eps_latest_yearly": 16.24,
            "eps_growth_yearly": 32.55
        },
        "20194": {
            "year_quarter": 20194,
            "year": 2019,
            "quarter": 4,
            "eps": 4.01,
            "eps_growth_year": -24.21,
            "eps_4q": 16.08,
            "eps_4q_growth_year": 0.98,
            "roe": 9.78,
            "roe_4q": 40.739999999999995,
            "gross_profit": 499220,
            "gross_margin": 49.89,
            "gross_margin_4q_avg": 49.88,
            "net_income": 240859,
            "revenue": 1000632,
            "common_shares": 600379,
            "book_valuer_per_share": 43,
            "book_valuer_per_share_4q_avg": 40.02,
            "equity": 2581488,
            "current_ratio": 334.05,
            "debt_ratio": 25.2,
            "inventory_turnover_ratio": 1.88,
            "account_receivable_turnover_ratio": 1.66,
            "reinvestment_rate": 8.38,
            "research_to_sale_ratio": 13.98,
            "price_fair": 422.4,
            "eps_avg_yearly": 12.07,
            "eps_latest_yearly": 16.04,
            "eps_growth_yearly": 38.55
        },
        "20201": {
            "year_quarter": 20201,
            "year": 2020,
            "quarter": 1,
            "eps": 8.2,
            "eps_growth_year": 82.22,
            "eps_4q": 19.78,
            "eps_4q_growth_year": 9.88,
            "roe": 20.01,
            "roe_4q": 49.77,
            "gross_profit": 831330,
            "gross_margin": 52.42,
            "gross_margin_4q_avg": 51.05,
            "net_income": 492600,
            "revenue": 1585805,
            "common_shares": 600379,
            "book_valuer_per_share": 39.03,
            "book_valuer_per_share_4q_avg": 38.95,
            "equity": 2343199,
            "current_ratio": 206.71,
            "debt_ratio": 40.95,
            "inventory_turnover_ratio": 1.99,
            "account_receivable_turnover_ratio": 2,
            "reinvestment_rate": 7.45,
            "research_to_sale_ratio": 11.98,
            "price_fair": 493.4,
            "eps_avg_yearly": 14.1,
            "eps_latest_yearly": 32.8,
            "eps_growth_yearly": 72.03
        },
        "20202": {
            "year_quarter": 20202,
            "year": 2020,
            "quarter": 2,
            "eps": 12.27,
            "eps_growth_year": 249.57,
            "eps_4q": 26,
            "eps_4q_growth_year": 45.19,
            "roe": 12.21,
            "roe_4q": 52.99,
            "gross_profit": 686292,
            "gross_margin": 52.43,
            "gross_margin_4q_avg": 51.54,
            "net_income": 822551,
            "revenue": 1308878,
            "common_shares": 692229,
            "book_valuer_per_share": 160.84,
            "book_valuer_per_share_4q_avg": 70.48,
            "equity": 11133834,
            "current_ratio": 215.34,
            "debt_ratio": 13.7,
            "inventory_turnover_ratio": 1,
            "account_receivable_turnover_ratio": 1.6,
            "reinvestment_rate": 223.08,
            "research_to_sale_ratio": 14.08,
            "price_fair": 606.8,
            "eps_avg_yearly": 17.34,
            "eps_latest_yearly": 49.08,
            "eps_growth_yearly": 90.63
        },
        "20203": {
            "year_quarter": 20203,
            "year": 2020,
            "quarter": 3,
            "eps": 12.73,
            "eps_growth_year": 213.55,
            "eps_4q": 35.18,
            "eps_4q_growth_year": 102.66,
            "roe": 7.61,
            "roe_4q": 49.61,
            "gross_profit": 1101441,
            "gross_margin": 52.63,
            "gross_margin_4q_avg": 51.84,
            "net_income": 879060,
            "revenue": 2092915,
            "common_shares": 692229,
            "book_valuer_per_share": 173,
            "book_valuer_per_share_4q_avg": 103.97,
            "equity": 11975415,
            "current_ratio": 330.43,
            "debt_ratio": 10.05,
            "inventory_turnover_ratio": 1.25,
            "account_receivable_turnover_ratio": 2.5,
            "reinvestment_rate": 182.57,
            "research_to_sale_ratio": 11.18,
            "price_fair": 714,
            "eps_avg_yearly": 20.4,
            "eps_latest_yearly": 50.92,
            "eps_growth_yearly": 58.52
        },
        "20204": {
            "year_quarter": 20204,
            "year": 2020,
            "quarter": 4,
            "eps": 10.6,
            "eps_growth_year": 164.2,
            "eps_4q": 42.3,
            "eps_4q_growth_year": 163.1,
            "roe": 5.63,
            "roe_4q": 45.46000000000001,
            "gross_profit": 1024622,
            "gross_margin": 51.23,
            "gross_margin_4q_avg": 52.18,
            "net_income": 733701,
            "revenue": 1999872,
            "common_shares": 692229,
            "book_valuer_per_share": 203.71,
            "book_valuer_per_share_4q_avg": 144.15,
            "equity": 14101577,
            "current_ratio": 298.37,
            "debt_ratio": 10.13,
            "inventory_turnover_ratio": 1.05,
            "account_receivable_turnover_ratio": 2.7,
            "reinvestment_rate": 190.17,
            "research_to_sale_ratio": 14.46,
            "price_fair": 798.7,
            "eps_avg_yearly": 22.82,
            "eps_latest_yearly": 42.4,
            "eps_growth_yearly": 52.03
        },
        "20211": {
            "year_quarter": 20211,
            "year": 2021,
            "quarter": 1,
            "eps": 10.35,
            "eps_growth_year": 26.22,
            "eps_4q": 45.5,
            "eps_4q_growth_year": 130.05,
            "roe": 5.23,
            "roe_4q": 30.68,
            "gross_profit": 793840,
            "gross_margin": 50.26,
            "gross_margin_4q_avg": 51.64,
            "net_income": 714203,
            "revenue": 1579440,
            "common_shares": 692229,
            "book_valuer_per_share": 191.18,
            "book_valuer_per_share_4q_avg": 182.18,
            "equity": 13234029,
            "current_ratio": 161.09,
            "debt_ratio": 18.6,
            "inventory_turnover_ratio": 0.78,
            "account_receivable_turnover_ratio": 3.24,
            "reinvestment_rate": 176.69,
            "research_to_sale_ratio": 15.04,
            "price_fair": 881.9,
            "eps_avg_yearly": 25.2,
            "eps_latest_yearly": 41.4,
            "eps_growth_yearly": 52.7
        },
        "20212": {
            "year_quarter": 20212,
            "year": 2021,
            "quarter": 2,
            "eps": 11.04,
            "eps_growth_year": -10.02,
            "eps_4q": 44.63,
            "eps_4q_growth_year": 71.7,
            "roe": 5.73,
            "roe_4q": 24.2,
            "gross_profit": 795901,
            "gross_margin": 54.08,
            "gross_margin_4q_avg": 52.05,
            "net_income": 762574,
            "revenue": 1471684,
            "common_shares": 692207,
            "book_valuer_per_share": 193.62,
            "book_valuer_per_share_4q_avg": 190.38,
            "equity": 13402641,
            "current_ratio": 171.52,
            "debt_ratio": 18.77,
            "inventory_turnover_ratio": 0.62,
            "account_receivable_turnover_ratio": 2.64,
            "reinvestment_rate": 153.31,
            "research_to_sale_ratio": 15.98,
            "price_fair": 926.15,
            "eps_avg_yearly": 26.46,
            "eps_latest_yearly": 44.16,
            "eps_growth_yearly": 50.96
        },
        "20213": {
            "year_quarter": 20213,
            "year": 2021,
            "quarter": 3,
            "eps": 14.55,
            "eps_growth_year": 14.3,
            "eps_4q": 46.46,
            "eps_4q_growth_year": 32.07,
            "roe": 7.05,
            "roe_4q": 23.64,
            "gross_profit": 988045,
            "gross_margin": 55.32,
            "gross_margin_4q_avg": 52.72,
            "net_income": 1005379,
            "revenue": 1786073,
            "common_shares": 692207,
            "book_valuer_per_share": 218.7,
            "book_valuer_per_share_4q_avg": 201.8,
            "equity": 15138601,
            "current_ratio": 289.48,
            "debt_ratio": 9.91,
            "inventory_turnover_ratio": 0.69,
            "account_receivable_turnover_ratio": 3.03,
            "reinvestment_rate": 143.28,
            "research_to_sale_ratio": 14.36,
            "price_fair": 995.58,
            "eps_avg_yearly": 28.45,
            "eps_latest_yearly": 58.2,
            "eps_growth_yearly": 55.73
        },
        "20214": {
            "year_quarter": 20214,
            "year": 2021,
            "quarter": 4,
            "eps": 10.27,
            "eps_growth_year": -3.09,
            "eps_4q": 46.13,
            "eps_4q_growth_year": 9.07,
            "roe": 4.53,
            "roe_4q": 22.540000000000003,
            "gross_profit": 643072,
            "gross_margin": 54.88,
            "gross_margin_4q_avg": 53.64,
            "net_income": 710992,
            "revenue": 1171815,
            "common_shares": 692181,
            "book_valuer_per_share": 235.24,
            "book_valuer_per_share_4q_avg": 209.69,
            "equity": 16282618,
            "current_ratio": 307.56,
            "debt_ratio": 9.21,
            "inventory_turnover_ratio": 0.41,
            "account_receivable_turnover_ratio": 2.02,
            "reinvestment_rate": 142.93,
            "research_to_sale_ratio": 22.18,
            "price_fair": 1067.59,
            "eps_avg_yearly": 30.5,
            "eps_latest_yearly": 41.08,
            "eps_growth_yearly": 58.84
        },
        "20221": {
            "year_quarter": 20221,
            "year": 2022,
            "quarter": 1,
            "eps": 12.28,
            "eps_growth_year": 18.65,
            "eps_4q": 48.07,
            "eps_4q_growth_year": 5.66,
            "roe": 5.3,
            "roe_4q": 22.61,
            "gross_profit": 800657,
            "gross_margin": 54.71,
            "gross_margin_4q_avg": 54.75,
            "net_income": 848621,
            "revenue": 1463334,
            "common_shares": 692181,
            "book_valuer_per_share": 227.69,
            "book_valuer_per_share_4q_avg": 218.81,
            "equity": 15760353,
            "current_ratio": 160.45,
            "debt_ratio": 17.22,
            "inventory_turnover_ratio": 0.49,
            "account_receivable_turnover_ratio": 2.2,
            "reinvestment_rate": 143.07,
            "research_to_sale_ratio": 20.59,
            "price_fair": 1153.78,
            "eps_avg_yearly": 32.97,
            "eps_latest_yearly": 49.12,
            "eps_growth_yearly": 58.96
        },
        "20222": {
            "year_quarter": 20222,
            "year": 2022,
            "quarter": 2,
            "eps": 10.26,
            "eps_growth_year": -7.07,
            "eps_4q": 47.3,
            "eps_4q_growth_year": 5.98,
            "roe": 4.6,
            "roe_4q": 21.48,
            "gross_profit": 764494,
            "gross_margin": 53.1,
            "gross_margin_4q_avg": 54.5,
            "net_income": 709146,
            "revenue": 1439749,
            "common_shares": 692155,
            "book_valuer_per_share": 218.24,
            "book_valuer_per_share_4q_avg": 224.97,
            "equity": 15105862,
            "current_ratio": 181.53,
            "debt_ratio": 20.1,
            "inventory_turnover_ratio": 0.49,
            "account_receivable_turnover_ratio": 1.67,
            "reinvestment_rate": 116.31,
            "research_to_sale_ratio": 20.55,
            "price_fair": 1212.05,
            "eps_avg_yearly": 34.63,
            "eps_latest_yearly": 41.04,
            "eps_growth_yearly": 42.81
        },
        "20223": {
            "year_quarter": 20223,
            "year": 2022,
            "quarter": 3,
            "eps": 10.76,
            "eps_growth_year": -26.05,
            "eps_4q": 43.44,
            "eps_4q_growth_year": -6.5,
            "roe": 4.85,
            "roe_4q": 19.28,
            "gross_profit": 682175,
            "gross_margin": 51.01,
            "gross_margin_4q_avg": 53.43,
            "net_income": 744296,
            "revenue": 1337397,
            "common_shares": 693655,
            "book_valuer_per_share": 224.67,
            "book_valuer_per_share_4q_avg": 226.46,
            "equity": 15584405,
            "current_ratio": 245.34,
            "debt_ratio": 13.22,
            "inventory_turnover_ratio": 0.45,
            "account_receivable_turnover_ratio": 1.63,
            "reinvestment_rate": 113.91,
            "research_to_sale_ratio": 21.33,
            "price_fair": 1265.95,
            "eps_avg_yearly": 36.17,
            "eps_latest_yearly": 43.04,
            "eps_growth_yearly": 37.08
        },
        "20224": {
            "year_quarter": 20224,
            "year": 2022,
            "quarter": 4,
            "eps": 4.55,
            "eps_growth_year": -55.75,
            "eps_4q": 37.73,
            "eps_4q_growth_year": -18.21,
            "roe": 2.04,
            "roe_4q": 16.79,
            "gross_profit": 463730,
            "gross_margin": 46.01,
            "gross_margin_4q_avg": 51.21,
            "net_income": 315298,
            "revenue": 1007849,
            "common_shares": 693648,
            "book_valuer_per_share": 220.74,
            "book_valuer_per_share_4q_avg": 222.84,
            "equity": 15311402,
            "current_ratio": 236.15,
            "debt_ratio": 13.96,
            "inventory_turnover_ratio": 0.42,
            "account_receivable_turnover_ratio": 1.3,
            "reinvestment_rate": 111.61,
            "research_to_sale_ratio": 25.54,
            "price_fair": 1040.07,
            "eps_avg_yearly": 35.99,
            "eps_latest_yearly": 18.2,
            "eps_growth_yearly": 18.9
        },
        "20231": {
            "year_quarter": 20231,
            "year": 2023,
            "quarter": 1,
            "eps": 5.63,
            "eps_growth_year": -54.15,
            "eps_4q": 31.11,
            "eps_4q_growth_year": -35.28,
            "roe": 2.56,
            "roe_4q": 14.049999999999999,
            "gross_profit": 736733,
            "gross_margin": 52.67,
            "gross_margin_4q_avg": 50.7,
            "net_income": 389330,
            "revenue": 1398818,
            "common_shares": 693648,
            "book_valuer_per_share": 218.5,
            "book_valuer_per_share_4q_avg": 220.54,
            "equity": 15156180,
            "current_ratio": 176.06,
            "debt_ratio": 16.19,
            "inventory_turnover_ratio": 0.64,
            "account_receivable_turnover_ratio": 1.4,
            "reinvestment_rate": 119.88,
            "research_to_sale_ratio": 24.97,
            "price_fair": 1269.36,
            "eps_avg_yearly": 36.27,
            "eps_latest_yearly": 22.52,
            "eps_growth_yearly": 28.57
        },
        "20232": {
            "year_quarter": 20232,
            "year": 2023,
            "quarter": 2,
            "eps": 7.08,
            "eps_growth_year": -30.99,
            "eps_4q": 27.95,
            "eps_4q_growth_year": -40.91,
            "roe": 3.17,
            "roe_4q": 12.620000000000001,
            "gross_profit": 810665,
            "gross_margin": 52.05,
            "gross_margin_4q_avg": 50.44,
            "net_income": 490021,
            "revenue": 1557585,
            "common_shares": 693648,
            "book_valuer_per_share": 226.99,
            "book_valuer_per_share_4q_avg": 222.73,
            "equity": 15745440,
            "current_ratio": 196.97,
            "debt_ratio": 14.69,
            "inventory_turnover_ratio": 0.88,
            "account_receivable_turnover_ratio": 1.44,
            "reinvestment_rate": 117.99,
            "research_to_sale_ratio": 21.05,
            "price_fair": 1300.6,
            "eps_avg_yearly": 37.16,
            "eps_latest_yearly": 28.32,
            "eps_growth_yearly": 40.51
        }
    },
    "months": {
        "2012-01": {
            "month": "2012-01",
            "price": "79.54",
            "revenue": 130474
        },
        "2012-02": {
            "month": "2012-02",
            "price": "82.03",
            "revenue": 150970
        },
        "2012-03": {
            "month": "2012-03",
            "price": "107.92",
            "revenue": 164522
        },
        "2012-04": {
            "month": "2012-04",
            "price": "120.42",
            "revenue": 147370
        },
        "2012-05": {
            "month": "2012-05",
            "price": "120.27",
            "revenue": 161501
        },
        "2012-06": {
            "month": "2012-06",
            "price": "116.54",
            "revenue": 139528
        },
        "2012-07": {
            "month": "2012-07",
            "price": "103.11",
            "revenue": 148104
        },
        "2012-08": {
            "month": "2012-08",
            "price": "94.77",
            "revenue": 146736
        },
        "2012-09": {
            "month": "2012-09",
            "price": "86.90",
            "revenue": 123601
        },
        "2012-10": {
            "month": "2012-10",
            "price": "88.02",
            "revenue": 94646
        },
        "2012-11": {
            "month": "2012-11",
            "price": "85.11",
            "revenue": 101610
        },
        "2012-12": {
            "month": "2012-12",
            "price": "72.54",
            "revenue": 96081
        },
        "2013-01": {
            "month": "2013-01",
            "price": "70.52",
            "revenue": 100941
        },
        "2013-02": {
            "month": "2013-02",
            "price": "72.20",
            "revenue": 95478
        },
        "2013-03": {
            "month": "2013-03",
            "price": "66.54",
            "revenue": 104619
        },
        "2013-04": {
            "month": "2013-04",
            "price": "53.78",
            "revenue": 97939
        },
        "2013-05": {
            "month": "2013-05",
            "price": "51.44",
            "revenue": 104393
        },
        "2013-06": {
            "month": "2013-06",
            "price": "50.25",
            "revenue": 104827
        },
        "2013-07": {
            "month": "2013-07",
            "price": "45.54",
            "revenue": 94280
        },
        "2013-08": {
            "month": "2013-08",
            "price": "43.50",
            "revenue": 94686
        },
        "2013-09": {
            "month": "2013-09",
            "price": "39.93",
            "revenue": 88818
        },
        "2013-10": {
            "month": "2013-10",
            "price": "36.44",
            "revenue": 90383
        },
        "2013-11": {
            "month": "2013-11",
            "price": "32.41",
            "revenue": 100439
        },
        "2013-12": {
            "month": "2013-12",
            "price": "34.62",
            "revenue": 112180
        },
        "2014-01": {
            "month": "2014-01",
            "price": "39.11",
            "revenue": 137513
        },
        "2014-02": {
            "month": "2014-02",
            "price": "44.94",
            "revenue": 105926
        },
        "2014-03": {
            "month": "2014-03",
            "price": "53.97",
            "revenue": 118270
        },
        "2014-04": {
            "month": "2014-04",
            "price": "63.77",
            "revenue": 159140
        },
        "2014-05": {
            "month": "2014-05",
            "price": "117.20",
            "revenue": 138593
        },
        "2014-06": {
            "month": "2014-06",
            "price": "173.25",
            "revenue": 134644
        },
        "2014-07": {
            "month": "2014-07",
            "price": "179.25",
            "revenue": 137988
        },
        "2014-08": {
            "month": "2014-08",
            "price": "151.74",
            "revenue": 133661
        },
        "2014-09": {
            "month": "2014-09",
            "price": "173.40",
            "revenue": 115734
        },
        "2014-10": {
            "month": "2014-10",
            "price": "145.34",
            "revenue": 105391
        },
        "2014-11": {
            "month": "2014-11",
            "price": "140.28",
            "revenue": 110665
        },
        "2014-12": {
            "month": "2014-12",
            "price": "174.27",
            "revenue": 126402
        },
        "2015-01": {
            "month": "2015-01",
            "price": "164.65",
            "revenue": 160164
        },
        "2015-02": {
            "month": "2015-02",
            "price": "157.12",
            "revenue": 106570
        },
        "2015-03": {
            "month": "2015-03",
            "price": "193.73",
            "revenue": 122291
        },
        "2015-04": {
            "month": "2015-04",
            "price": "192.22",
            "revenue": 98312
        },
        "2015-05": {
            "month": "2015-05",
            "price": "160.75",
            "revenue": 98082
        },
        "2015-06": {
            "month": "2015-06",
            "price": "193.33",
            "revenue": 99666
        },
        "2015-07": {
            "month": "2015-07",
            "price": "200.75",
            "revenue": 106484
        },
        "2015-08": {
            "month": "2015-08",
            "price": "135.36",
            "revenue": 148045
        },
        "2015-09": {
            "month": "2015-09",
            "price": "149.85",
            "revenue": 177188
        },
        "2015-10": {
            "month": "2015-10",
            "price": "178.26",
            "revenue": 152090
        },
        "2015-11": {
            "month": "2015-11",
            "price": "174.48",
            "revenue": 153323
        },
        "2015-12": {
            "month": "2015-12",
            "price": "208.26",
            "revenue": 133306
        },
        "2016-01": {
            "month": "2016-01",
            "price": "199.67",
            "revenue": 171350
        },
        "2016-02": {
            "month": "2016-02",
            "price": "179.58",
            "revenue": 113099
        },
        "2016-03": {
            "month": "2016-03",
            "price": "175.09",
            "revenue": 130470
        },
        "2016-04": {
            "month": "2016-04",
            "price": "148.13",
            "revenue": 126516
        },
        "2016-05": {
            "month": "2016-05",
            "price": "145.55",
            "revenue": 123117
        },
        "2016-06": {
            "month": "2016-06",
            "price": "154.69",
            "revenue": 127043
        },
        "2016-07": {
            "month": "2016-07",
            "price": "158.72",
            "revenue": 141084
        },
        "2016-08": {
            "month": "2016-08",
            "price": "199.54",
            "revenue": 208447
        },
        "2016-09": {
            "month": "2016-09",
            "price": "255.34",
            "revenue": 276555
        },
        "2016-10": {
            "month": "2016-10",
            "price": "261.82",
            "revenue": 182447
        },
        "2016-11": {
            "month": "2016-11",
            "price": "246.20",
            "revenue": 189111
        },
        "2016-12": {
            "month": "2016-12",
            "price": "258.95",
            "revenue": 267472
        },
        "2017-01": {
            "month": "2017-01",
            "price": "296.81",
            "revenue": 252993
        },
        "2017-02": {
            "month": "2017-02",
            "price": "327.06",
            "revenue": 194563
        },
        "2017-03": {
            "month": "2017-03",
            "price": "325.74",
            "revenue": 250932
        },
        "2017-04": {
            "month": "2017-04",
            "price": "301.39",
            "revenue": 267253
        },
        "2017-05": {
            "month": "2017-05",
            "price": "317.40",
            "revenue": 272371
        },
        "2017-06": {
            "month": "2017-06",
            "price": "318.67",
            "revenue": 275168
        },
        "2017-07": {
            "month": "2017-07",
            "price": "364.57",
            "revenue": 280572
        },
        "2017-08": {
            "month": "2017-08",
            "price": "332.93",
            "revenue": 238375
        },
        "2017-09": {
            "month": "2017-09",
            "price": "340.66",
            "revenue": 294714
        },
        "2017-10": {
            "month": "2017-10",
            "price": "349.34",
            "revenue": 214568
        },
        "2017-11": {
            "month": "2017-11",
            "price": "361.64",
            "revenue": 220153
        },
        "2017-12": {
            "month": "2017-12",
            "price": "357.64",
            "revenue": 213569
        },
        "2018-01": {
            "month": "2018-01",
            "price": "360.25",
            "revenue": 245285
        },
        "2018-02": {
            "month": "2018-02",
            "price": "322.23",
            "revenue": 185019
        },
        "2018-03": {
            "month": "2018-03",
            "price": "354.22",
            "revenue": 298318
        },
        "2018-04": {
            "month": "2018-04",
            "price": "350.97",
            "revenue": 211027
        },
        "2018-05": {
            "month": "2018-05",
            "price": "335.55",
            "revenue": 238681
        },
        "2018-06": {
            "month": "2018-06",
            "price": "424.88",
            "revenue": 338923
        },
        "2018-07": {
            "month": "2018-07",
            "price": "479.43",
            "revenue": 273977
        },
        "2018-08": {
            "month": "2018-08",
            "price": "479.67",
            "revenue": 335699
        },
        "2018-09": {
            "month": "2018-09",
            "price": "537.74",
            "revenue": 434453
        },
        "2018-10": {
            "month": "2018-10",
            "price": "438.27",
            "revenue": 450714
        },
        "2018-11": {
            "month": "2018-11",
            "price": "469.91",
            "revenue": 339744
        },
        "2018-12": {
            "month": "2018-12",
            "price": "482.67",
            "revenue": 370511
        },
        "2019-01": {
            "month": "2019-01",
            "price": "536.71",
            "revenue": 503056
        },
        "2019-02": {
            "month": "2019-02",
            "price": "618.85",
            "revenue": 217775
        },
        "2019-03": {
            "month": "2019-03",
            "price": "558.95",
            "revenue": 327373
        },
        "2019-04": {
            "month": "2019-04",
            "price": "559.10",
            "revenue": 295631
        },
        "2019-05": {
            "month": "2019-05",
            "price": "504.84",
            "revenue": 195229
        },
        "2019-06": {
            "month": "2019-06",
            "price": "488.53",
            "revenue": 286153
        },
        "2019-07": {
            "month": "2019-07",
            "price": "524.78",
            "revenue": 279695
        },
        "2019-08": {
            "month": "2019-08",
            "price": "532.62",
            "revenue": 254708
        },
        "2019-09": {
            "month": "2019-09",
            "price": "483.82",
            "revenue": 385872
        },
        "2019-10": {
            "month": "2019-10",
            "price": "503.12",
            "revenue": 269057
        },
        "2019-11": {
            "month": "2019-11",
            "price": "536.00",
            "revenue": 300342
        },
        "2019-12": {
            "month": "2019-12",
            "price": "622.95",
            "revenue": 431233
        },
        "2020-01": {
            "month": "2020-01",
            "price": "702.07",
            "revenue": 279824
        },
        "2020-02": {
            "month": "2020-02",
            "price": "878.61",
            "revenue": 604143
        },
        "2020-03": {
            "month": "2020-03",
            "price": "754.73",
            "revenue": 701838
        },
        "2020-04": {
            "month": "2020-04",
            "price": "777.15",
            "revenue": 444494
        },
        "2020-05": {
            "month": "2020-05",
            "price": "1027.30",
            "revenue": 339685
        },
        "2020-06": {
            "month": "2020-06",
            "price": "1300.75",
            "revenue": 524699
        },
        "2020-07": {
            "month": "2020-07",
            "price": "1697.39",
            "revenue": 600122
        },
        "2020-08": {
            "month": "2020-08",
            "price": "1777.14",
            "revenue": 676693
        },
        "2020-09": {
            "month": "2020-09",
            "price": "1492.05",
            "revenue": 816100
        },
        "2020-10": {
            "month": "2020-10",
            "price": "1536.58",
            "revenue": 674081
        },
        "2020-11": {
            "month": "2020-11",
            "price": "1532.38",
            "revenue": 670670
        },
        "2020-12": {
            "month": "2020-12",
            "price": "1634.57",
            "revenue": 655121
        },
        "2021-01": {
            "month": "2021-01",
            "price": "1805.00",
            "revenue": 664854
        },
        "2021-02": {
            "month": "2021-02",
            "price": "1847.31",
            "revenue": 405901
        },
        "2021-03": {
            "month": "2021-03",
            "price": "1570.00",
            "revenue": 508685
        },
        "2021-04": {
            "month": "2021-04",
            "price": "1255.53",
            "revenue": 444871
        },
        "2021-05": {
            "month": "2021-05",
            "price": "1204.95",
            "revenue": 497393
        },
        "2021-06": {
            "month": "2021-06",
            "price": "1431.67",
            "revenue": 529420
        },
        "2021-07": {
            "month": "2021-07",
            "price": "1724.77",
            "revenue": 660599
        },
        "2021-08": {
            "month": "2021-08",
            "price": "1939.09",
            "revenue": 567416
        },
        "2021-09": {
            "month": "2021-09",
            "price": "2053.00",
            "revenue": 558058
        },
        "2021-10": {
            "month": "2021-10",
            "price": "1614.75",
            "revenue": 417002
        },
        "2021-11": {
            "month": "2021-11",
            "price": "1774.77",
            "revenue": 378937
        },
        "2021-12": {
            "month": "2021-12",
            "price": "1857.73",
            "revenue": 375876
        },
        "2022-01": {
            "month": "2022-01",
            "price": "1592.78",
            "revenue": 578572
        },
        "2022-02": {
            "month": "2022-02",
            "price": "1733.67",
            "revenue": 401786
        },
        "2022-03": {
            "month": "2022-03",
            "price": "1824.57",
            "revenue": 482976
        },
        "2022-04": {
            "month": "2022-04",
            "price": "1596.84",
            "revenue": 431811
        },
        "2022-05": {
            "month": "2022-05",
            "price": "1345.71",
            "revenue": 461852
        },
        "2022-06": {
            "month": "2022-06",
            "price": "1278.57",
            "revenue": 546086
        },
        "2022-07": {
            "month": "2022-07",
            "price": "1030.05",
            "revenue": 449339
        },
        "2022-08": {
            "month": "2022-08",
            "price": "961.52",
            "revenue": 451057
        },
        "2022-09": {
            "month": "2022-09",
            "price": "776.71",
            "revenue": 437001
        },
        "2022-10": {
            "month": "2022-10",
            "price": "632.10",
            "revenue": 328362
        },
        "2022-11": {
            "month": "2022-11",
            "price": "687.36",
            "revenue": 306976
        },
        "2022-12": {
            "month": "2022-12",
            "price": "715.32",
            "revenue": 372511
        },
        "2023-01": {
            "month": "2023-01",
            "price": "795.85",
            "revenue": 349217
        },
        "2023-02": {
            "month": "2023-02",
            "price": "949.61",
            "revenue": 385524
        },
        "2023-03": {
            "month": "2023-03",
            "price": "1107.26",
            "revenue": 664077
        },
        "2023-04": {
            "month": "2023-04",
            "price": "1212.06",
            "revenue": 566255
        },
        "2023-05": {
            "month": "2023-05",
            "price": "1178.41",
            "revenue": 440431
        },
        "2023-06": {
            "month": "2023-06",
            "price": "1145.00",
            "revenue": 550899
        },
        "2023-07": {
            "month": "2023-07",
            "price": "1009.43",
            "revenue": 557232
        },
        "2023-08": {
            "month": "2023-08",
            "price": "918.27",
            "revenue": 547261
        }
    }
}
