{
    "summary": {
        "stock_name": "笙科",
        "stock_id": "5272",
        "category": "半導體",
        "main_business": "RF射頻晶片",
        "website_url": "http://www.amiccom.com.tw",
        "ceo": "曾三田",
        "pe_ratio": -69,
        "report_year_from": 2011,
        "report_year_to": 2023,
        "age": 13,
        "eps_negative_percentage": 25,
        "eps_growth_avg": {
            "last_all": -26.29,
            "last_2y": -54.17,
            "last_4y": -69.44,
            "last_8y": -47.23,
            "last_12y": null,
            "last_16y": null,
            "last_20y": null,
            "at_2006_last_3y": null,
            "at_2007_last_3y": null,
            "at_2008_last_3y": null,
            "at_2009_last_3y": null,
            "at_2010_last_3y": null,
            "at_2011_last_3y": null,
            "at_2012_last_3y": null,
            "at_2013_last_3y": null,
            "at_2014_last_3y": null,
            "at_2015_last_3y": null,
            "at_2016_last_3y": 13.26,
            "at_2017_last_3y": -2.96,
            "at_2018_last_3y": -30.57,
            "at_2019_last_3y": -20.49,
            "at_2020_last_3y": -60.43,
            "at_2021_last_3y": -100,
            "at_2022_last_3y": -54.17,
            "at_2023_last_3y": -69.44,
            "at_2024_last_3y": -69.44,
            "at_2006_last_all": null,
            "at_2007_last_all": null,
            "at_2008_last_all": null,
            "at_2009_last_all": null,
            "at_2010_last_all": null,
            "at_2011_last_all": null,
            "at_2012_last_all": null,
            "at_2013_last_all": null,
            "at_2014_last_all": 47,
            "at_2015_last_all": 11.07,
            "at_2016_last_all": 13.26,
            "at_2017_last_all": 14.35,
            "at_2018_last_all": -4.71,
            "at_2019_last_all": -4.71,
            "at_2020_last_all": -18.32,
            "at_2021_last_all": -18.32,
            "at_2022_last_all": -17.08,
            "at_2023_last_all": -26.29,
            "at_2024_last_all": -26.29
        },
        "latest_eps": -0.56,
        "latest_price": 38.9,
        "latest_roe": -2.83,
        "latest_gross_margin": 50.23,
        "latest_equity": 1107205,
        "latest_revenue": 87162,
        "latest_gross_profit": 43780,
        "latest_net_income": -13513,
        "latest_debt_ratio": 12.03,
        "latest_current_ratio": 748.04,
        "latest_account_receivable_turnover_ratio": 1.97,
        "latest_inventory_turnover_ratio": 0.25,
        "latest_reinvestment_rate": -177.82,
        "latest_research_to_sale_ratio": 38.57
    },
    "eps_dividends": {
        "2001": {
            "cash": 0,
            "stock": 0,
            "eps": 0
        },
        "2002": {
            "cash": 0,
            "stock": 0,
            "eps": 0
        },
        "2003": {
            "cash": 0,
            "stock": 0,
            "eps": 0
        },
        "2004": {
            "cash": 0,
            "stock": 0,
            "eps": 0
        },
        "2005": {
            "cash": 0,
            "stock": 0,
            "eps": 0
        },
        "2006": {
            "cash": 0,
            "stock": 0,
            "eps": 0
        },
        "2007": {
            "cash": 0,
            "stock": 0,
            "eps": 0
        },
        "2008": {
            "cash": 0,
            "stock": 0,
            "eps": 0
        },
        "2009": {
            "cash": 0,
            "stock": 0,
            "eps": 0
        },
        "2010": {
            "cash": 0,
            "stock": 0,
            "eps": 0
        },
        "2011": {
            "cash": 0,
            "stock": 0.29,
            "eps": 0
        },
        "2012": {
            "cash": 2.07,
            "stock": 0,
            "eps": 1.46
        },
        "2013": {
            "cash": 2.31,
            "stock": 0,
            "eps": 2.68
        },
        "2014": {
            "cash": 3.01,
            "stock": 0,
            "eps": 2.96
        },
        "2015": {
            "cash": 2.5,
            "stock": 1,
            "eps": 1.16
        },
        "2016": {
            "cash": 1,
            "stock": 0,
            "eps": 1.39
        },
        "2017": {
            "cash": 1.4,
            "stock": 0,
            "eps": 1.65
        },
        "2018": {
            "cash": 1.5,
            "stock": 0,
            "eps": -0.32
        },
        "2019": {
            "cash": 0,
            "stock": 0,
            "eps": 0.23
        },
        "2020": {
            "cash": 0,
            "stock": 0,
            "eps": -0.61
        },
        "2021": {
            "cash": 0,
            "stock": 0,
            "eps": 0.96
        },
        "2022": {
            "cash": 0.86,
            "stock": 0,
            "eps": 0.88
        },
        "2023": {
            "cash": 0.71,
            "stock": 0,
            "eps": -0.56
        }
    },
    "dividends": {
        "2011-03-24": {
            "cash": 0,
            "stock": 0.29
        },
        "2012-04-12": {
            "cash": 2.07,
            "stock": 0
        },
        "2013-04-25": {
            "cash": 2.31,
            "stock": 0
        },
        "2014-08-21": {
            "cash": 3.01,
            "stock": 0
        },
        "2015-08-06": {
            "cash": 2.5,
            "stock": 1
        },
        "2016-07-20": {
            "cash": 1,
            "stock": 0
        },
        "2017-08-21": {
            "cash": 1.4,
            "stock": 0
        },
        "2018-07-27": {
            "cash": 1.5,
            "stock": 0
        },
        "2022-07-15": {
            "cash": 0.86,
            "stock": 0
        },
        "2023-07-20": {
            "cash": 0.71,
            "stock": 0
        }
    },
    "prices": {
        "200101": "無",
        "200102": "無",
        "200103": "無",
        "200104": "無",
        "200105": "無",
        "200106": "無",
        "200107": "無",
        "200108": "無",
        "200109": "無",
        "200110": "無",
        "200111": "無",
        "200112": "無",
        "200201": "無",
        "200202": "無",
        "200203": "無",
        "200204": "無",
        "200205": "無",
        "200206": "無",
        "200207": "無",
        "200208": "無",
        "200209": "無",
        "200210": "無",
        "200211": "無",
        "200212": "無",
        "200301": "無",
        "200302": "無",
        "200303": "無",
        "200304": "無",
        "200305": "無",
        "200306": "無",
        "200307": "無",
        "200308": "無",
        "200309": "無",
        "200310": "無",
        "200311": "無",
        "200312": "無",
        "200401": "無",
        "200402": "無",
        "200403": "無",
        "200404": "無",
        "200405": "無",
        "200406": "無",
        "200407": "無",
        "200408": "無",
        "200409": "無",
        "200410": "無",
        "200411": "無",
        "200412": "無",
        "200501": "無",
        "200502": "無",
        "200503": "無",
        "200504": "無",
        "200505": "無",
        "200506": "無",
        "200507": "無",
        "200508": "無",
        "200509": "無",
        "200510": "無",
        "200511": "無",
        "200512": "無",
        "200601": "無",
        "200602": "無",
        "200603": "無",
        "200604": "無",
        "200605": "無",
        "200606": "無",
        "200607": "無",
        "200608": "無",
        "200609": "無",
        "200610": "無",
        "200611": "無",
        "200612": "無",
        "200701": "無",
        "200702": "無",
        "200703": "無",
        "200704": "無",
        "200705": "無",
        "200706": "無",
        "200707": "無",
        "200708": "無",
        "200709": "無",
        "200710": "無",
        "200711": "無",
        "200712": "無",
        "200801": "無",
        "200802": "無",
        "200803": "無",
        "200804": "無",
        "200805": "無",
        "200806": "無",
        "200807": "無",
        "200808": "無",
        "200809": "無",
        "200810": "無",
        "200811": "無",
        "200812": "無",
        "200901": "無",
        "200902": "無",
        "200903": "無",
        "200904": "無",
        "200905": "無",
        "200906": "無",
        "200907": "無",
        "200908": "無",
        "200909": "無",
        "200910": "無",
        "200911": "無",
        "200912": "無",
        "201001": "無",
        "201002": "無",
        "201003": "無",
        "201004": "無",
        "201005": "無",
        "201006": "無",
        "201007": "無",
        "201008": "無",
        "201009": "無",
        "201010": "無",
        "201011": "無",
        "201012": "無",
        "201101": "無",
        "201102": "無",
        "201103": "無",
        "201104": "無",
        "201105": "無",
        "201106": "無",
        "201107": "無",
        "201108": "無",
        "201109": "無",
        "201110": "無",
        "201111": "無",
        "201112": "無",
        "201201": "無",
        "201202": "無",
        "201203": "無",
        "201204": "無",
        "201205": "無",
        "201206": "29.14",
        "201207": "27.28",
        "201208": "26.01",
        "201209": "29.60",
        "201210": "29.68",
        "201211": "29.26",
        "201212": "28.67",
        "201301": "30.69",
        "201302": "30.10",
        "201303": "38.29",
        "201304": "39.65",
        "201305": "39.05",
        "201306": "41.17",
        "201307": "43.33",
        "201308": "49.73",
        "201309": "46.83",
        "201310": "45.53",
        "201311": "40.11",
        "201312": "45.08",
        "201401": "53.28",
        "201402": "68.60",
        "201403": "80.73",
        "201404": "75.30",
        "201405": "77.42",
        "201406": "96.80",
        "201407": "89.79",
        "201408": "81.13",
        "201409": "87.66",
        "201410": "71.19",
        "201411": "66.72",
        "201412": "80.70",
        "201501": "83.26",
        "201502": "76.82",
        "201503": "79.47",
        "201504": "74.53",
        "201505": "64.61",
        "201506": "64.30",
        "201507": "50.86",
        "201508": "34.49",
        "201509": "39.15",
        "201510": "43.93",
        "201511": "41.22",
        "201512": "40.14",
        "201601": "32.76",
        "201602": "33.77",
        "201603": "39.13",
        "201604": "36.01",
        "201605": "34.69",
        "201606": "37.96",
        "201607": "40.38",
        "201608": "41.70",
        "201609": "42.89",
        "201610": "40.94",
        "201611": "36.20",
        "201612": "38.60",
        "201701": "39.10",
        "201702": "40.54",
        "201703": "42.25",
        "201704": "46.51",
        "201705": "46.90",
        "201706": "42.96",
        "201707": "41.68",
        "201708": "41.82",
        "201709": "42.09",
        "201710": "42.12",
        "201711": "44.31",
        "201712": "41.07",
        "201801": "41.23",
        "201802": "37.56",
        "201803": "37.34",
        "201804": "33.96",
        "201805": "30.12",
        "201806": "29.89",
        "201807": "25.92",
        "201808": "23.45",
        "201809": "20.53",
        "201810": "20.45",
        "201811": "18.33",
        "201812": "19.47",
        "201901": "19.55",
        "201902": "20.36",
        "201903": "20.55",
        "201904": "20.34",
        "201905": "19.92",
        "201906": "18.69",
        "201907": "22.00",
        "201908": "23.86",
        "201909": "30.08",
        "201910": "28.64",
        "201911": "28.62",
        "201912": "27.69",
        "202001": "25.25",
        "202002": "22.75",
        "202003": "17.46",
        "202004": "17.12",
        "202005": "18.93",
        "202006": "18.95",
        "202007": "21.19",
        "202008": "19.47",
        "202009": "18.58",
        "202010": "17.84",
        "202011": "17.80",
        "202012": "19.90",
        "202101": "22.54",
        "202102": "22.63",
        "202103": "28.45",
        "202104": "39.96",
        "202105": "29.41",
        "202106": "31.82",
        "202107": "34.97",
        "202108": "36.91",
        "202109": "39.66",
        "202110": "33.68",
        "202111": "39.01",
        "202112": "39.45",
        "202201": "34.76",
        "202202": "34.64",
        "202203": "34.91",
        "202204": "33.85",
        "202205": "34.66",
        "202206": "40.15",
        "202207": "33.26",
        "202208": "33.90",
        "202209": "31.45",
        "202210": "24.75",
        "202211": "25.12",
        "202212": "26.93",
        "202301": "26.30",
        "202302": "27.48",
        "202303": "31.44",
        "202304": "30.75",
        "202305": "27.69",
        "202306": "27.89",
        "202307": "27.32",
        "202308": "25.26",
        "202309": "27.28",
        "202310": "30.72",
        "202311": "34.52",
        "202312": "36.96"
    },
    "quarters": {
        "20011": {
            "year_quarter": 20011,
            "year": 2001,
            "quarter": 1,
            "eps": null,
            "eps_growth_year": null,
            "eps_4q": null,
            "eps_4q_growth_year": null,
            "roe": null,
            "roe_4q": 0,
            "gross_profit": null,
            "gross_margin": null,
            "gross_margin_4q_avg": 0,
            "net_income": null,
            "net_income_4q": null,
            "revenue": null,
            "revenue_4q": null,
            "common_shares": null,
            "book_valuer_per_share": null,
            "book_valuer_per_share_4q_avg": 0,
            "equity": null,
            "current_ratio": null,
            "debt_ratio": null,
            "inventory_turnover_ratio": null,
            "account_receivable_turnover_ratio": null,
            "reinvestment_rate": null,
            "research_to_sale_ratio": null,
            "price_fair": 0,
            "eps_avg_yearly": 0,
            "eps_latest_yearly": 0,
            "eps_growth_yearly": 0
        },
        "20012": {
            "year_quarter": 20012,
            "year": 2001,
            "quarter": 2,
            "eps": null,
            "eps_growth_year": null,
            "eps_4q": null,
            "eps_4q_growth_year": null,
            "roe": null,
            "roe_4q": 0,
            "gross_profit": null,
            "gross_margin": null,
            "gross_margin_4q_avg": 0,
            "net_income": null,
            "net_income_4q": null,
            "revenue": null,
            "revenue_4q": null,
            "common_shares": null,
            "book_valuer_per_share": null,
            "book_valuer_per_share_4q_avg": 0,
            "equity": null,
            "current_ratio": null,
            "debt_ratio": null,
            "inventory_turnover_ratio": null,
            "account_receivable_turnover_ratio": null,
            "reinvestment_rate": null,
            "research_to_sale_ratio": null,
            "price_fair": 0,
            "eps_avg_yearly": 0,
            "eps_latest_yearly": 0,
            "eps_growth_yearly": 0
        },
        "20013": {
            "year_quarter": 20013,
            "year": 2001,
            "quarter": 3,
            "eps": null,
            "eps_growth_year": null,
            "eps_4q": null,
            "eps_4q_growth_year": null,
            "roe": null,
            "roe_4q": 0,
            "gross_profit": null,
            "gross_margin": null,
            "gross_margin_4q_avg": 0,
            "net_income": null,
            "net_income_4q": null,
            "revenue": null,
            "revenue_4q": null,
            "common_shares": null,
            "book_valuer_per_share": null,
            "book_valuer_per_share_4q_avg": 0,
            "equity": null,
            "current_ratio": null,
            "debt_ratio": null,
            "inventory_turnover_ratio": null,
            "account_receivable_turnover_ratio": null,
            "reinvestment_rate": null,
            "research_to_sale_ratio": null,
            "price_fair": 0,
            "eps_avg_yearly": 0,
            "eps_latest_yearly": 0,
            "eps_growth_yearly": 0
        },
        "20014": {
            "year_quarter": 20014,
            "year": 2001,
            "quarter": 4,
            "eps": null,
            "eps_growth_year": null,
            "eps_4q": null,
            "eps_4q_growth_year": null,
            "roe": null,
            "roe_4q": 0,
            "gross_profit": null,
            "gross_margin": null,
            "gross_margin_4q_avg": 0,
            "net_income": null,
            "net_income_4q": null,
            "revenue": null,
            "revenue_4q": null,
            "common_shares": null,
            "book_valuer_per_share": null,
            "book_valuer_per_share_4q_avg": 0,
            "equity": null,
            "current_ratio": null,
            "debt_ratio": null,
            "inventory_turnover_ratio": null,
            "account_receivable_turnover_ratio": null,
            "reinvestment_rate": null,
            "research_to_sale_ratio": null,
            "price_fair": 0,
            "eps_avg_yearly": 0,
            "eps_latest_yearly": 0,
            "eps_growth_yearly": 0
        },
        "20021": {
            "year_quarter": 20021,
            "year": 2002,
            "quarter": 1,
            "eps": null,
            "eps_growth_year": null,
            "eps_4q": null,
            "eps_4q_growth_year": null,
            "roe": null,
            "roe_4q": 0,
            "gross_profit": null,
            "gross_margin": null,
            "gross_margin_4q_avg": 0,
            "net_income": null,
            "net_income_4q": null,
            "revenue": null,
            "revenue_4q": null,
            "common_shares": null,
            "book_valuer_per_share": null,
            "book_valuer_per_share_4q_avg": 0,
            "equity": null,
            "current_ratio": null,
            "debt_ratio": null,
            "inventory_turnover_ratio": null,
            "account_receivable_turnover_ratio": null,
            "reinvestment_rate": null,
            "research_to_sale_ratio": null,
            "price_fair": 0,
            "eps_avg_yearly": 0,
            "eps_latest_yearly": 0,
            "eps_growth_yearly": 0
        },
        "20022": {
            "year_quarter": 20022,
            "year": 2002,
            "quarter": 2,
            "eps": null,
            "eps_growth_year": null,
            "eps_4q": null,
            "eps_4q_growth_year": null,
            "roe": null,
            "roe_4q": 0,
            "gross_profit": null,
            "gross_margin": null,
            "gross_margin_4q_avg": 0,
            "net_income": null,
            "net_income_4q": null,
            "revenue": null,
            "revenue_4q": null,
            "common_shares": null,
            "book_valuer_per_share": null,
            "book_valuer_per_share_4q_avg": 0,
            "equity": null,
            "current_ratio": null,
            "debt_ratio": null,
            "inventory_turnover_ratio": null,
            "account_receivable_turnover_ratio": null,
            "reinvestment_rate": null,
            "research_to_sale_ratio": null,
            "price_fair": 0,
            "eps_avg_yearly": 0,
            "eps_latest_yearly": 0,
            "eps_growth_yearly": 0
        },
        "20023": {
            "year_quarter": 20023,
            "year": 2002,
            "quarter": 3,
            "eps": null,
            "eps_growth_year": null,
            "eps_4q": null,
            "eps_4q_growth_year": null,
            "roe": null,
            "roe_4q": 0,
            "gross_profit": null,
            "gross_margin": null,
            "gross_margin_4q_avg": 0,
            "net_income": null,
            "net_income_4q": null,
            "revenue": null,
            "revenue_4q": null,
            "common_shares": null,
            "book_valuer_per_share": null,
            "book_valuer_per_share_4q_avg": 0,
            "equity": null,
            "current_ratio": null,
            "debt_ratio": null,
            "inventory_turnover_ratio": null,
            "account_receivable_turnover_ratio": null,
            "reinvestment_rate": null,
            "research_to_sale_ratio": null,
            "price_fair": 0,
            "eps_avg_yearly": 0,
            "eps_latest_yearly": 0,
            "eps_growth_yearly": 0
        },
        "20024": {
            "year_quarter": 20024,
            "year": 2002,
            "quarter": 4,
            "eps": null,
            "eps_growth_year": null,
            "eps_4q": null,
            "eps_4q_growth_year": null,
            "roe": null,
            "roe_4q": 0,
            "gross_profit": null,
            "gross_margin": null,
            "gross_margin_4q_avg": 0,
            "net_income": null,
            "net_income_4q": null,
            "revenue": null,
            "revenue_4q": null,
            "common_shares": null,
            "book_valuer_per_share": null,
            "book_valuer_per_share_4q_avg": 0,
            "equity": null,
            "current_ratio": null,
            "debt_ratio": null,
            "inventory_turnover_ratio": null,
            "account_receivable_turnover_ratio": null,
            "reinvestment_rate": null,
            "research_to_sale_ratio": null,
            "price_fair": 0,
            "eps_avg_yearly": 0,
            "eps_latest_yearly": 0,
            "eps_growth_yearly": 0
        },
        "20031": {
            "year_quarter": 20031,
            "year": 2003,
            "quarter": 1,
            "eps": null,
            "eps_growth_year": null,
            "eps_4q": null,
            "eps_4q_growth_year": null,
            "roe": null,
            "roe_4q": 0,
            "gross_profit": null,
            "gross_margin": null,
            "gross_margin_4q_avg": 0,
            "net_income": null,
            "net_income_4q": null,
            "revenue": null,
            "revenue_4q": null,
            "common_shares": null,
            "book_valuer_per_share": null,
            "book_valuer_per_share_4q_avg": 0,
            "equity": null,
            "current_ratio": null,
            "debt_ratio": null,
            "inventory_turnover_ratio": null,
            "account_receivable_turnover_ratio": null,
            "reinvestment_rate": null,
            "research_to_sale_ratio": null,
            "price_fair": 0,
            "eps_avg_yearly": 0,
            "eps_latest_yearly": 0,
            "eps_growth_yearly": 0
        },
        "20032": {
            "year_quarter": 20032,
            "year": 2003,
            "quarter": 2,
            "eps": null,
            "eps_growth_year": null,
            "eps_4q": null,
            "eps_4q_growth_year": null,
            "roe": null,
            "roe_4q": 0,
            "gross_profit": null,
            "gross_margin": null,
            "gross_margin_4q_avg": 0,
            "net_income": null,
            "net_income_4q": null,
            "revenue": null,
            "revenue_4q": null,
            "common_shares": null,
            "book_valuer_per_share": null,
            "book_valuer_per_share_4q_avg": 0,
            "equity": null,
            "current_ratio": null,
            "debt_ratio": null,
            "inventory_turnover_ratio": null,
            "account_receivable_turnover_ratio": null,
            "reinvestment_rate": null,
            "research_to_sale_ratio": null,
            "price_fair": 0,
            "eps_avg_yearly": 0,
            "eps_latest_yearly": 0,
            "eps_growth_yearly": 0
        },
        "20033": {
            "year_quarter": 20033,
            "year": 2003,
            "quarter": 3,
            "eps": null,
            "eps_growth_year": null,
            "eps_4q": null,
            "eps_4q_growth_year": null,
            "roe": null,
            "roe_4q": 0,
            "gross_profit": null,
            "gross_margin": null,
            "gross_margin_4q_avg": 0,
            "net_income": null,
            "net_income_4q": null,
            "revenue": null,
            "revenue_4q": null,
            "common_shares": null,
            "book_valuer_per_share": null,
            "book_valuer_per_share_4q_avg": 0,
            "equity": null,
            "current_ratio": null,
            "debt_ratio": null,
            "inventory_turnover_ratio": null,
            "account_receivable_turnover_ratio": null,
            "reinvestment_rate": null,
            "research_to_sale_ratio": null,
            "price_fair": 0,
            "eps_avg_yearly": 0,
            "eps_latest_yearly": 0,
            "eps_growth_yearly": 0
        },
        "20034": {
            "year_quarter": 20034,
            "year": 2003,
            "quarter": 4,
            "eps": null,
            "eps_growth_year": null,
            "eps_4q": null,
            "eps_4q_growth_year": null,
            "roe": null,
            "roe_4q": 0,
            "gross_profit": null,
            "gross_margin": null,
            "gross_margin_4q_avg": 0,
            "net_income": null,
            "net_income_4q": null,
            "revenue": null,
            "revenue_4q": null,
            "common_shares": null,
            "book_valuer_per_share": null,
            "book_valuer_per_share_4q_avg": 0,
            "equity": null,
            "current_ratio": null,
            "debt_ratio": null,
            "inventory_turnover_ratio": null,
            "account_receivable_turnover_ratio": null,
            "reinvestment_rate": null,
            "research_to_sale_ratio": null,
            "price_fair": 0,
            "eps_avg_yearly": 0,
            "eps_latest_yearly": 0,
            "eps_growth_yearly": 0
        },
        "20041": {
            "year_quarter": 20041,
            "year": 2004,
            "quarter": 1,
            "eps": null,
            "eps_growth_year": null,
            "eps_4q": null,
            "eps_4q_growth_year": null,
            "roe": null,
            "roe_4q": 0,
            "gross_profit": null,
            "gross_margin": null,
            "gross_margin_4q_avg": 0,
            "net_income": null,
            "net_income_4q": null,
            "revenue": null,
            "revenue_4q": null,
            "common_shares": null,
            "book_valuer_per_share": null,
            "book_valuer_per_share_4q_avg": 0,
            "equity": null,
            "current_ratio": null,
            "debt_ratio": null,
            "inventory_turnover_ratio": null,
            "account_receivable_turnover_ratio": null,
            "reinvestment_rate": null,
            "research_to_sale_ratio": null,
            "price_fair": 0,
            "eps_avg_yearly": 0,
            "eps_latest_yearly": 0,
            "eps_growth_yearly": 0
        },
        "20042": {
            "year_quarter": 20042,
            "year": 2004,
            "quarter": 2,
            "eps": null,
            "eps_growth_year": null,
            "eps_4q": null,
            "eps_4q_growth_year": null,
            "roe": null,
            "roe_4q": 0,
            "gross_profit": null,
            "gross_margin": null,
            "gross_margin_4q_avg": 0,
            "net_income": null,
            "net_income_4q": null,
            "revenue": null,
            "revenue_4q": null,
            "common_shares": null,
            "book_valuer_per_share": null,
            "book_valuer_per_share_4q_avg": 0,
            "equity": null,
            "current_ratio": null,
            "debt_ratio": null,
            "inventory_turnover_ratio": null,
            "account_receivable_turnover_ratio": null,
            "reinvestment_rate": null,
            "research_to_sale_ratio": null,
            "price_fair": 0,
            "eps_avg_yearly": 0,
            "eps_latest_yearly": 0,
            "eps_growth_yearly": 0
        },
        "20043": {
            "year_quarter": 20043,
            "year": 2004,
            "quarter": 3,
            "eps": null,
            "eps_growth_year": null,
            "eps_4q": null,
            "eps_4q_growth_year": null,
            "roe": null,
            "roe_4q": 0,
            "gross_profit": null,
            "gross_margin": null,
            "gross_margin_4q_avg": 0,
            "net_income": null,
            "net_income_4q": null,
            "revenue": null,
            "revenue_4q": null,
            "common_shares": null,
            "book_valuer_per_share": null,
            "book_valuer_per_share_4q_avg": 0,
            "equity": null,
            "current_ratio": null,
            "debt_ratio": null,
            "inventory_turnover_ratio": null,
            "account_receivable_turnover_ratio": null,
            "reinvestment_rate": null,
            "research_to_sale_ratio": null,
            "price_fair": 0,
            "eps_avg_yearly": 0,
            "eps_latest_yearly": 0,
            "eps_growth_yearly": 0
        },
        "20044": {
            "year_quarter": 20044,
            "year": 2004,
            "quarter": 4,
            "eps": null,
            "eps_growth_year": null,
            "eps_4q": null,
            "eps_4q_growth_year": null,
            "roe": null,
            "roe_4q": 0,
            "gross_profit": null,
            "gross_margin": null,
            "gross_margin_4q_avg": 0,
            "net_income": null,
            "net_income_4q": null,
            "revenue": null,
            "revenue_4q": null,
            "common_shares": null,
            "book_valuer_per_share": null,
            "book_valuer_per_share_4q_avg": 0,
            "equity": null,
            "current_ratio": null,
            "debt_ratio": null,
            "inventory_turnover_ratio": null,
            "account_receivable_turnover_ratio": null,
            "reinvestment_rate": null,
            "research_to_sale_ratio": null,
            "price_fair": 0,
            "eps_avg_yearly": 0,
            "eps_latest_yearly": 0,
            "eps_growth_yearly": 0
        },
        "20051": {
            "year_quarter": 20051,
            "year": 2005,
            "quarter": 1,
            "eps": null,
            "eps_growth_year": null,
            "eps_4q": null,
            "eps_4q_growth_year": null,
            "roe": null,
            "roe_4q": 0,
            "gross_profit": null,
            "gross_margin": null,
            "gross_margin_4q_avg": 0,
            "net_income": null,
            "net_income_4q": null,
            "revenue": null,
            "revenue_4q": null,
            "common_shares": null,
            "book_valuer_per_share": null,
            "book_valuer_per_share_4q_avg": 0,
            "equity": null,
            "current_ratio": null,
            "debt_ratio": null,
            "inventory_turnover_ratio": null,
            "account_receivable_turnover_ratio": null,
            "reinvestment_rate": null,
            "research_to_sale_ratio": null,
            "price_fair": 0,
            "eps_avg_yearly": 0,
            "eps_latest_yearly": 0,
            "eps_growth_yearly": 0
        },
        "20052": {
            "year_quarter": 20052,
            "year": 2005,
            "quarter": 2,
            "eps": null,
            "eps_growth_year": null,
            "eps_4q": null,
            "eps_4q_growth_year": null,
            "roe": null,
            "roe_4q": 0,
            "gross_profit": null,
            "gross_margin": null,
            "gross_margin_4q_avg": 0,
            "net_income": null,
            "net_income_4q": null,
            "revenue": null,
            "revenue_4q": null,
            "common_shares": null,
            "book_valuer_per_share": null,
            "book_valuer_per_share_4q_avg": 0,
            "equity": null,
            "current_ratio": null,
            "debt_ratio": null,
            "inventory_turnover_ratio": null,
            "account_receivable_turnover_ratio": null,
            "reinvestment_rate": null,
            "research_to_sale_ratio": null,
            "price_fair": 0,
            "eps_avg_yearly": 0,
            "eps_latest_yearly": 0,
            "eps_growth_yearly": 0
        },
        "20053": {
            "year_quarter": 20053,
            "year": 2005,
            "quarter": 3,
            "eps": null,
            "eps_growth_year": null,
            "eps_4q": null,
            "eps_4q_growth_year": null,
            "roe": null,
            "roe_4q": 0,
            "gross_profit": null,
            "gross_margin": null,
            "gross_margin_4q_avg": 0,
            "net_income": null,
            "net_income_4q": null,
            "revenue": null,
            "revenue_4q": null,
            "common_shares": null,
            "book_valuer_per_share": null,
            "book_valuer_per_share_4q_avg": 0,
            "equity": null,
            "current_ratio": null,
            "debt_ratio": null,
            "inventory_turnover_ratio": null,
            "account_receivable_turnover_ratio": null,
            "reinvestment_rate": null,
            "research_to_sale_ratio": null,
            "price_fair": 0,
            "eps_avg_yearly": 0,
            "eps_latest_yearly": 0,
            "eps_growth_yearly": 0
        },
        "20054": {
            "year_quarter": 20054,
            "year": 2005,
            "quarter": 4,
            "eps": null,
            "eps_growth_year": null,
            "eps_4q": null,
            "eps_4q_growth_year": null,
            "roe": null,
            "roe_4q": 0,
            "gross_profit": null,
            "gross_margin": null,
            "gross_margin_4q_avg": 0,
            "net_income": null,
            "net_income_4q": null,
            "revenue": null,
            "revenue_4q": null,
            "common_shares": null,
            "book_valuer_per_share": null,
            "book_valuer_per_share_4q_avg": 0,
            "equity": null,
            "current_ratio": null,
            "debt_ratio": null,
            "inventory_turnover_ratio": null,
            "account_receivable_turnover_ratio": null,
            "reinvestment_rate": null,
            "research_to_sale_ratio": null,
            "price_fair": 0,
            "eps_avg_yearly": 0,
            "eps_latest_yearly": 0,
            "eps_growth_yearly": 0
        },
        "20061": {
            "year_quarter": 20061,
            "year": 2006,
            "quarter": 1,
            "eps": null,
            "eps_growth_year": null,
            "eps_4q": null,
            "eps_4q_growth_year": null,
            "roe": null,
            "roe_4q": 0,
            "gross_profit": null,
            "gross_margin": null,
            "gross_margin_4q_avg": 0,
            "net_income": null,
            "net_income_4q": null,
            "revenue": null,
            "revenue_4q": null,
            "common_shares": null,
            "book_valuer_per_share": null,
            "book_valuer_per_share_4q_avg": 0,
            "equity": null,
            "current_ratio": null,
            "debt_ratio": null,
            "inventory_turnover_ratio": null,
            "account_receivable_turnover_ratio": null,
            "reinvestment_rate": null,
            "research_to_sale_ratio": null,
            "price_fair": 0,
            "eps_avg_yearly": 0,
            "eps_latest_yearly": 0,
            "eps_growth_yearly": 0
        },
        "20062": {
            "year_quarter": 20062,
            "year": 2006,
            "quarter": 2,
            "eps": null,
            "eps_growth_year": null,
            "eps_4q": null,
            "eps_4q_growth_year": null,
            "roe": null,
            "roe_4q": 0,
            "gross_profit": null,
            "gross_margin": null,
            "gross_margin_4q_avg": 0,
            "net_income": null,
            "net_income_4q": null,
            "revenue": null,
            "revenue_4q": null,
            "common_shares": null,
            "book_valuer_per_share": null,
            "book_valuer_per_share_4q_avg": 0,
            "equity": null,
            "current_ratio": null,
            "debt_ratio": null,
            "inventory_turnover_ratio": null,
            "account_receivable_turnover_ratio": null,
            "reinvestment_rate": null,
            "research_to_sale_ratio": null,
            "price_fair": 0,
            "eps_avg_yearly": 0,
            "eps_latest_yearly": 0,
            "eps_growth_yearly": 0
        },
        "20063": {
            "year_quarter": 20063,
            "year": 2006,
            "quarter": 3,
            "eps": null,
            "eps_growth_year": null,
            "eps_4q": null,
            "eps_4q_growth_year": null,
            "roe": null,
            "roe_4q": 0,
            "gross_profit": null,
            "gross_margin": null,
            "gross_margin_4q_avg": 0,
            "net_income": null,
            "net_income_4q": null,
            "revenue": null,
            "revenue_4q": null,
            "common_shares": null,
            "book_valuer_per_share": null,
            "book_valuer_per_share_4q_avg": 0,
            "equity": null,
            "current_ratio": null,
            "debt_ratio": null,
            "inventory_turnover_ratio": null,
            "account_receivable_turnover_ratio": null,
            "reinvestment_rate": null,
            "research_to_sale_ratio": null,
            "price_fair": 0,
            "eps_avg_yearly": 0,
            "eps_latest_yearly": 0,
            "eps_growth_yearly": 0
        },
        "20064": {
            "year_quarter": 20064,
            "year": 2006,
            "quarter": 4,
            "eps": null,
            "eps_growth_year": null,
            "eps_4q": null,
            "eps_4q_growth_year": null,
            "roe": null,
            "roe_4q": 0,
            "gross_profit": null,
            "gross_margin": null,
            "gross_margin_4q_avg": 0,
            "net_income": null,
            "net_income_4q": null,
            "revenue": null,
            "revenue_4q": null,
            "common_shares": 120000,
            "book_valuer_per_share": 6.14,
            "book_valuer_per_share_4q_avg": 1.54,
            "equity": 73712,
            "current_ratio": 426.1,
            "debt_ratio": 13.83,
            "inventory_turnover_ratio": null,
            "account_receivable_turnover_ratio": null,
            "reinvestment_rate": null,
            "research_to_sale_ratio": null,
            "price_fair": 0,
            "eps_avg_yearly": 0,
            "eps_latest_yearly": 0,
            "eps_growth_yearly": 0
        },
        "20071": {
            "year_quarter": 20071,
            "year": 2007,
            "quarter": 1,
            "eps": null,
            "eps_growth_year": null,
            "eps_4q": null,
            "eps_4q_growth_year": null,
            "roe": null,
            "roe_4q": 0,
            "gross_profit": null,
            "gross_margin": null,
            "gross_margin_4q_avg": 0,
            "net_income": null,
            "net_income_4q": null,
            "revenue": null,
            "revenue_4q": null,
            "common_shares": null,
            "book_valuer_per_share": null,
            "book_valuer_per_share_4q_avg": 1.54,
            "equity": null,
            "current_ratio": null,
            "debt_ratio": null,
            "inventory_turnover_ratio": null,
            "account_receivable_turnover_ratio": null,
            "reinvestment_rate": null,
            "research_to_sale_ratio": null,
            "price_fair": 0,
            "eps_avg_yearly": 0,
            "eps_latest_yearly": 0,
            "eps_growth_yearly": 0
        },
        "20072": {
            "year_quarter": 20072,
            "year": 2007,
            "quarter": 2,
            "eps": null,
            "eps_growth_year": null,
            "eps_4q": null,
            "eps_4q_growth_year": null,
            "roe": null,
            "roe_4q": 0,
            "gross_profit": null,
            "gross_margin": null,
            "gross_margin_4q_avg": 0,
            "net_income": null,
            "net_income_4q": null,
            "revenue": null,
            "revenue_4q": null,
            "common_shares": null,
            "book_valuer_per_share": null,
            "book_valuer_per_share_4q_avg": 1.54,
            "equity": null,
            "current_ratio": null,
            "debt_ratio": null,
            "inventory_turnover_ratio": null,
            "account_receivable_turnover_ratio": null,
            "reinvestment_rate": null,
            "research_to_sale_ratio": null,
            "price_fair": 0,
            "eps_avg_yearly": 0,
            "eps_latest_yearly": 0,
            "eps_growth_yearly": 0
        },
        "20073": {
            "year_quarter": 20073,
            "year": 2007,
            "quarter": 3,
            "eps": null,
            "eps_growth_year": null,
            "eps_4q": null,
            "eps_4q_growth_year": null,
            "roe": null,
            "roe_4q": 0,
            "gross_profit": null,
            "gross_margin": null,
            "gross_margin_4q_avg": 0,
            "net_income": null,
            "net_income_4q": null,
            "revenue": null,
            "revenue_4q": null,
            "common_shares": null,
            "book_valuer_per_share": null,
            "book_valuer_per_share_4q_avg": 1.54,
            "equity": null,
            "current_ratio": null,
            "debt_ratio": null,
            "inventory_turnover_ratio": null,
            "account_receivable_turnover_ratio": null,
            "reinvestment_rate": null,
            "research_to_sale_ratio": null,
            "price_fair": 0,
            "eps_avg_yearly": 0,
            "eps_latest_yearly": 0,
            "eps_growth_yearly": 0
        },
        "20074": {
            "year_quarter": 20074,
            "year": 2007,
            "quarter": 4,
            "eps": null,
            "eps_growth_year": null,
            "eps_4q": null,
            "eps_4q_growth_year": null,
            "roe": null,
            "roe_4q": 0,
            "gross_profit": null,
            "gross_margin": null,
            "gross_margin_4q_avg": 0,
            "net_income": null,
            "net_income_4q": null,
            "revenue": null,
            "revenue_4q": null,
            "common_shares": 180730,
            "book_valuer_per_share": 11.08,
            "book_valuer_per_share_4q_avg": 2.77,
            "equity": 200212,
            "current_ratio": 1424.47,
            "debt_ratio": 5.91,
            "inventory_turnover_ratio": null,
            "account_receivable_turnover_ratio": null,
            "reinvestment_rate": null,
            "research_to_sale_ratio": null,
            "price_fair": 0,
            "eps_avg_yearly": 0,
            "eps_latest_yearly": 0,
            "eps_growth_yearly": 0
        },
        "20081": {
            "year_quarter": 20081,
            "year": 2008,
            "quarter": 1,
            "eps": null,
            "eps_growth_year": null,
            "eps_4q": null,
            "eps_4q_growth_year": null,
            "roe": null,
            "roe_4q": 0,
            "gross_profit": null,
            "gross_margin": null,
            "gross_margin_4q_avg": 0,
            "net_income": null,
            "net_income_4q": null,
            "revenue": null,
            "revenue_4q": null,
            "common_shares": null,
            "book_valuer_per_share": null,
            "book_valuer_per_share_4q_avg": 2.77,
            "equity": null,
            "current_ratio": null,
            "debt_ratio": null,
            "inventory_turnover_ratio": null,
            "account_receivable_turnover_ratio": null,
            "reinvestment_rate": null,
            "research_to_sale_ratio": null,
            "price_fair": 0,
            "eps_avg_yearly": 0,
            "eps_latest_yearly": 0,
            "eps_growth_yearly": 0
        },
        "20082": {
            "year_quarter": 20082,
            "year": 2008,
            "quarter": 2,
            "eps": null,
            "eps_growth_year": null,
            "eps_4q": null,
            "eps_4q_growth_year": null,
            "roe": null,
            "roe_4q": 0,
            "gross_profit": null,
            "gross_margin": null,
            "gross_margin_4q_avg": 0,
            "net_income": null,
            "net_income_4q": null,
            "revenue": null,
            "revenue_4q": null,
            "common_shares": null,
            "book_valuer_per_share": null,
            "book_valuer_per_share_4q_avg": 2.77,
            "equity": null,
            "current_ratio": null,
            "debt_ratio": null,
            "inventory_turnover_ratio": null,
            "account_receivable_turnover_ratio": null,
            "reinvestment_rate": null,
            "research_to_sale_ratio": null,
            "price_fair": 0,
            "eps_avg_yearly": 0,
            "eps_latest_yearly": 0,
            "eps_growth_yearly": 0
        },
        "20083": {
            "year_quarter": 20083,
            "year": 2008,
            "quarter": 3,
            "eps": null,
            "eps_growth_year": null,
            "eps_4q": null,
            "eps_4q_growth_year": null,
            "roe": null,
            "roe_4q": 0,
            "gross_profit": null,
            "gross_margin": null,
            "gross_margin_4q_avg": 0,
            "net_income": null,
            "net_income_4q": null,
            "revenue": null,
            "revenue_4q": null,
            "common_shares": null,
            "book_valuer_per_share": null,
            "book_valuer_per_share_4q_avg": 2.77,
            "equity": null,
            "current_ratio": null,
            "debt_ratio": null,
            "inventory_turnover_ratio": null,
            "account_receivable_turnover_ratio": null,
            "reinvestment_rate": null,
            "research_to_sale_ratio": null,
            "price_fair": 0,
            "eps_avg_yearly": 0,
            "eps_latest_yearly": 0,
            "eps_growth_yearly": 0
        },
        "20084": {
            "year_quarter": 20084,
            "year": 2008,
            "quarter": 4,
            "eps": null,
            "eps_growth_year": null,
            "eps_4q": null,
            "eps_4q_growth_year": null,
            "roe": null,
            "roe_4q": 0,
            "gross_profit": null,
            "gross_margin": null,
            "gross_margin_4q_avg": 0,
            "net_income": null,
            "net_income_4q": null,
            "revenue": null,
            "revenue_4q": null,
            "common_shares": 180730,
            "book_valuer_per_share": 10.22,
            "book_valuer_per_share_4q_avg": 2.56,
            "equity": 184650,
            "current_ratio": 1321.38,
            "debt_ratio": 6.19,
            "inventory_turnover_ratio": null,
            "account_receivable_turnover_ratio": null,
            "reinvestment_rate": null,
            "research_to_sale_ratio": null,
            "price_fair": 0,
            "eps_avg_yearly": 0,
            "eps_latest_yearly": 0,
            "eps_growth_yearly": 0
        },
        "20091": {
            "year_quarter": 20091,
            "year": 2009,
            "quarter": 1,
            "eps": null,
            "eps_growth_year": null,
            "eps_4q": null,
            "eps_4q_growth_year": null,
            "roe": null,
            "roe_4q": 0,
            "gross_profit": null,
            "gross_margin": null,
            "gross_margin_4q_avg": 0,
            "net_income": null,
            "net_income_4q": null,
            "revenue": null,
            "revenue_4q": null,
            "common_shares": null,
            "book_valuer_per_share": null,
            "book_valuer_per_share_4q_avg": 2.56,
            "equity": null,
            "current_ratio": null,
            "debt_ratio": null,
            "inventory_turnover_ratio": null,
            "account_receivable_turnover_ratio": null,
            "reinvestment_rate": null,
            "research_to_sale_ratio": null,
            "price_fair": 0,
            "eps_avg_yearly": 0,
            "eps_latest_yearly": 0,
            "eps_growth_yearly": 0
        },
        "20092": {
            "year_quarter": 20092,
            "year": 2009,
            "quarter": 2,
            "eps": null,
            "eps_growth_year": null,
            "eps_4q": null,
            "eps_4q_growth_year": null,
            "roe": null,
            "roe_4q": 0,
            "gross_profit": null,
            "gross_margin": null,
            "gross_margin_4q_avg": 0,
            "net_income": null,
            "net_income_4q": null,
            "revenue": null,
            "revenue_4q": null,
            "common_shares": null,
            "book_valuer_per_share": null,
            "book_valuer_per_share_4q_avg": 2.56,
            "equity": null,
            "current_ratio": null,
            "debt_ratio": null,
            "inventory_turnover_ratio": null,
            "account_receivable_turnover_ratio": null,
            "reinvestment_rate": null,
            "research_to_sale_ratio": null,
            "price_fair": 0,
            "eps_avg_yearly": 0,
            "eps_latest_yearly": 0,
            "eps_growth_yearly": 0
        },
        "20093": {
            "year_quarter": 20093,
            "year": 2009,
            "quarter": 3,
            "eps": null,
            "eps_growth_year": null,
            "eps_4q": null,
            "eps_4q_growth_year": null,
            "roe": null,
            "roe_4q": 0,
            "gross_profit": null,
            "gross_margin": null,
            "gross_margin_4q_avg": 0,
            "net_income": null,
            "net_income_4q": null,
            "revenue": null,
            "revenue_4q": null,
            "common_shares": null,
            "book_valuer_per_share": null,
            "book_valuer_per_share_4q_avg": 2.56,
            "equity": null,
            "current_ratio": null,
            "debt_ratio": null,
            "inventory_turnover_ratio": null,
            "account_receivable_turnover_ratio": null,
            "reinvestment_rate": null,
            "research_to_sale_ratio": null,
            "price_fair": 0,
            "eps_avg_yearly": 0,
            "eps_latest_yearly": 0,
            "eps_growth_yearly": 0
        },
        "20094": {
            "year_quarter": 20094,
            "year": 2009,
            "quarter": 4,
            "eps": null,
            "eps_growth_year": null,
            "eps_4q": null,
            "eps_4q_growth_year": null,
            "roe": null,
            "roe_4q": 0,
            "gross_profit": null,
            "gross_margin": null,
            "gross_margin_4q_avg": 0,
            "net_income": null,
            "net_income_4q": null,
            "revenue": null,
            "revenue_4q": null,
            "common_shares": 184816,
            "book_valuer_per_share": 10.37,
            "book_valuer_per_share_4q_avg": 2.59,
            "equity": 191607,
            "current_ratio": 693.79,
            "debt_ratio": 12.41,
            "inventory_turnover_ratio": null,
            "account_receivable_turnover_ratio": null,
            "reinvestment_rate": null,
            "research_to_sale_ratio": null,
            "price_fair": 0,
            "eps_avg_yearly": 0,
            "eps_latest_yearly": 0,
            "eps_growth_yearly": 0
        },
        "20101": {
            "year_quarter": 20101,
            "year": 2010,
            "quarter": 1,
            "eps": null,
            "eps_growth_year": null,
            "eps_4q": null,
            "eps_4q_growth_year": null,
            "roe": null,
            "roe_4q": 0,
            "gross_profit": null,
            "gross_margin": null,
            "gross_margin_4q_avg": 0,
            "net_income": null,
            "net_income_4q": null,
            "revenue": null,
            "revenue_4q": null,
            "common_shares": null,
            "book_valuer_per_share": null,
            "book_valuer_per_share_4q_avg": 2.59,
            "equity": null,
            "current_ratio": null,
            "debt_ratio": null,
            "inventory_turnover_ratio": null,
            "account_receivable_turnover_ratio": null,
            "reinvestment_rate": null,
            "research_to_sale_ratio": null,
            "price_fair": 0,
            "eps_avg_yearly": 0,
            "eps_latest_yearly": 0,
            "eps_growth_yearly": 0
        },
        "20102": {
            "year_quarter": 20102,
            "year": 2010,
            "quarter": 2,
            "eps": null,
            "eps_growth_year": null,
            "eps_4q": null,
            "eps_4q_growth_year": null,
            "roe": null,
            "roe_4q": 0,
            "gross_profit": null,
            "gross_margin": null,
            "gross_margin_4q_avg": 0,
            "net_income": null,
            "net_income_4q": null,
            "revenue": null,
            "revenue_4q": null,
            "common_shares": null,
            "book_valuer_per_share": null,
            "book_valuer_per_share_4q_avg": 2.59,
            "equity": null,
            "current_ratio": null,
            "debt_ratio": null,
            "inventory_turnover_ratio": null,
            "account_receivable_turnover_ratio": null,
            "reinvestment_rate": null,
            "research_to_sale_ratio": null,
            "price_fair": 0,
            "eps_avg_yearly": 0,
            "eps_latest_yearly": 0,
            "eps_growth_yearly": 0
        },
        "20103": {
            "year_quarter": 20103,
            "year": 2010,
            "quarter": 3,
            "eps": null,
            "eps_growth_year": null,
            "eps_4q": null,
            "eps_4q_growth_year": null,
            "roe": null,
            "roe_4q": 0,
            "gross_profit": null,
            "gross_margin": null,
            "gross_margin_4q_avg": 0,
            "net_income": null,
            "net_income_4q": null,
            "revenue": null,
            "revenue_4q": null,
            "common_shares": null,
            "book_valuer_per_share": null,
            "book_valuer_per_share_4q_avg": 2.59,
            "equity": null,
            "current_ratio": null,
            "debt_ratio": null,
            "inventory_turnover_ratio": null,
            "account_receivable_turnover_ratio": null,
            "reinvestment_rate": null,
            "research_to_sale_ratio": null,
            "price_fair": 0,
            "eps_avg_yearly": 0,
            "eps_latest_yearly": 0,
            "eps_growth_yearly": 0
        },
        "20104": {
            "year_quarter": 20104,
            "year": 2010,
            "quarter": 4,
            "eps": null,
            "eps_growth_year": null,
            "eps_4q": null,
            "eps_4q_growth_year": null,
            "roe": null,
            "roe_4q": 0,
            "gross_profit": null,
            "gross_margin": null,
            "gross_margin_4q_avg": 0,
            "net_income": null,
            "net_income_4q": null,
            "revenue": null,
            "revenue_4q": null,
            "common_shares": 244671,
            "book_valuer_per_share": 14.4,
            "book_valuer_per_share_4q_avg": 3.6,
            "equity": 352299,
            "current_ratio": 569.24,
            "debt_ratio": 15.92,
            "inventory_turnover_ratio": null,
            "account_receivable_turnover_ratio": null,
            "reinvestment_rate": null,
            "research_to_sale_ratio": null,
            "price_fair": 0,
            "eps_avg_yearly": 0,
            "eps_latest_yearly": 0,
            "eps_growth_yearly": 0
        },
        "20111": {
            "year_quarter": 20111,
            "year": 2011,
            "quarter": 1,
            "eps": null,
            "eps_growth_year": null,
            "eps_4q": null,
            "eps_4q_growth_year": null,
            "roe": null,
            "roe_4q": 0,
            "gross_profit": null,
            "gross_margin": null,
            "gross_margin_4q_avg": 0,
            "net_income": null,
            "net_income_4q": null,
            "revenue": null,
            "revenue_4q": null,
            "common_shares": null,
            "book_valuer_per_share": null,
            "book_valuer_per_share_4q_avg": 3.6,
            "equity": null,
            "current_ratio": null,
            "debt_ratio": null,
            "inventory_turnover_ratio": null,
            "account_receivable_turnover_ratio": null,
            "reinvestment_rate": null,
            "research_to_sale_ratio": null,
            "price_fair": 0,
            "eps_avg_yearly": 0,
            "eps_latest_yearly": 0,
            "eps_growth_yearly": 0
        },
        "20112": {
            "year_quarter": 20112,
            "year": 2011,
            "quarter": 2,
            "eps": null,
            "eps_growth_year": null,
            "eps_4q": null,
            "eps_4q_growth_year": null,
            "roe": null,
            "roe_4q": 0,
            "gross_profit": null,
            "gross_margin": null,
            "gross_margin_4q_avg": 0,
            "net_income": null,
            "net_income_4q": null,
            "revenue": null,
            "revenue_4q": null,
            "common_shares": 335392,
            "book_valuer_per_share": null,
            "book_valuer_per_share_4q_avg": 3.6,
            "equity": 439027,
            "current_ratio": null,
            "debt_ratio": null,
            "inventory_turnover_ratio": null,
            "account_receivable_turnover_ratio": null,
            "reinvestment_rate": null,
            "research_to_sale_ratio": null,
            "price_fair": 0,
            "eps_avg_yearly": 0,
            "eps_latest_yearly": 0,
            "eps_growth_yearly": 0
        },
        "20113": {
            "year_quarter": 20113,
            "year": 2011,
            "quarter": 3,
            "eps": null,
            "eps_growth_year": null,
            "eps_4q": null,
            "eps_4q_growth_year": null,
            "roe": null,
            "roe_4q": 0,
            "gross_profit": 65115,
            "gross_margin": null,
            "gross_margin_4q_avg": 0,
            "net_income": 12986,
            "net_income_4q": null,
            "revenue": 122665,
            "revenue_4q": null,
            "common_shares": 395392,
            "book_valuer_per_share": 15.89,
            "book_valuer_per_share_4q_avg": 7.57,
            "equity": 628376,
            "current_ratio": 961.9,
            "debt_ratio": 9.52,
            "inventory_turnover_ratio": null,
            "account_receivable_turnover_ratio": null,
            "reinvestment_rate": null,
            "research_to_sale_ratio": null,
            "price_fair": 0,
            "eps_avg_yearly": 0,
            "eps_latest_yearly": 0,
            "eps_growth_yearly": 0
        },
        "20114": {
            "year_quarter": 20114,
            "year": 2011,
            "quarter": 4,
            "eps": null,
            "eps_growth_year": null,
            "eps_4q": null,
            "eps_4q_growth_year": null,
            "roe": null,
            "roe_4q": 0,
            "gross_profit": 61352,
            "gross_margin": null,
            "gross_margin_4q_avg": 0,
            "net_income": 18672,
            "net_income_4q": null,
            "revenue": 116483,
            "revenue_4q": null,
            "common_shares": 395540,
            "book_valuer_per_share": 16.49,
            "book_valuer_per_share_4q_avg": 8.1,
            "equity": 652112,
            "current_ratio": 1117.7,
            "debt_ratio": 8.01,
            "inventory_turnover_ratio": null,
            "account_receivable_turnover_ratio": null,
            "reinvestment_rate": null,
            "research_to_sale_ratio": null,
            "price_fair": 0,
            "eps_avg_yearly": 0,
            "eps_latest_yearly": 0,
            "eps_growth_yearly": 0
        },
        "20121": {
            "year_quarter": 20121,
            "year": 2012,
            "quarter": 1,
            "eps": null,
            "eps_growth_year": null,
            "eps_4q": null,
            "eps_4q_growth_year": null,
            "roe": null,
            "roe_4q": 0,
            "gross_profit": 58222,
            "gross_margin": null,
            "gross_margin_4q_avg": 0,
            "net_income": 10008,
            "net_income_4q": null,
            "revenue": 110794,
            "revenue_4q": null,
            "common_shares": 400384,
            "book_valuer_per_share": null,
            "book_valuer_per_share_4q_avg": 8.1,
            "equity": 667267,
            "current_ratio": null,
            "debt_ratio": null,
            "inventory_turnover_ratio": null,
            "account_receivable_turnover_ratio": null,
            "reinvestment_rate": null,
            "research_to_sale_ratio": null,
            "price_fair": 0,
            "eps_avg_yearly": 0,
            "eps_latest_yearly": 0,
            "eps_growth_yearly": 0
        },
        "20122": {
            "year_quarter": 20122,
            "year": 2012,
            "quarter": 2,
            "eps": null,
            "eps_growth_year": null,
            "eps_4q": null,
            "eps_4q_growth_year": null,
            "roe": null,
            "roe_4q": 0,
            "gross_profit": 83529,
            "gross_margin": null,
            "gross_margin_4q_avg": 0,
            "net_income": 34545,
            "net_income_4q": null,
            "revenue": 154332,
            "revenue_4q": null,
            "common_shares": 409346,
            "book_valuer_per_share": 15.61,
            "book_valuer_per_share_4q_avg": 12,
            "equity": 639249,
            "current_ratio": 441.93,
            "debt_ratio": 20.65,
            "inventory_turnover_ratio": null,
            "account_receivable_turnover_ratio": null,
            "reinvestment_rate": null,
            "research_to_sale_ratio": null,
            "price_fair": 0,
            "eps_avg_yearly": 0,
            "eps_latest_yearly": 0,
            "eps_growth_yearly": 0
        },
        "20123": {
            "year_quarter": 20123,
            "year": 2012,
            "quarter": 3,
            "eps": 0.91,
            "eps_growth_year": null,
            "eps_4q": 0.91,
            "eps_4q_growth_year": null,
            "roe": 5.7,
            "roe_4q": 5.7,
            "gross_profit": 95544,
            "gross_margin": 55.34,
            "gross_margin_4q_avg": 13.84,
            "net_income": 37757,
            "net_income_4q": null,
            "revenue": 172642,
            "revenue_4q": null,
            "common_shares": 413283,
            "book_valuer_per_share": 16.6,
            "book_valuer_per_share_4q_avg": 12.18,
            "equity": 686011,
            "current_ratio": 770.34,
            "debt_ratio": 11.79,
            "inventory_turnover_ratio": 0.52,
            "account_receivable_turnover_ratio": 2.5,
            "reinvestment_rate": null,
            "research_to_sale_ratio": 20.35,
            "price_fair": 0,
            "eps_avg_yearly": 0,
            "eps_latest_yearly": 0,
            "eps_growth_yearly": 0
        },
        "20124": {
            "year_quarter": 20124,
            "year": 2012,
            "quarter": 4,
            "eps": 0.55,
            "eps_growth_year": null,
            "eps_4q": 1.47,
            "eps_4q_growth_year": null,
            "roe": 3.29,
            "roe_4q": 8.99,
            "gross_profit": 79375,
            "gross_margin": 49.66,
            "gross_margin_4q_avg": 26.25,
            "net_income": 22956,
            "net_income_4q": null,
            "revenue": 159849,
            "revenue_4q": null,
            "common_shares": 414003,
            "book_valuer_per_share": 17.18,
            "book_valuer_per_share_4q_avg": 12.35,
            "equity": 711383,
            "current_ratio": 834,
            "debt_ratio": 10.7,
            "inventory_turnover_ratio": 0.61,
            "account_receivable_turnover_ratio": 2.42,
            "reinvestment_rate": null,
            "research_to_sale_ratio": 21.43,
            "price_fair": 6.6,
            "eps_avg_yearly": 2.2,
            "eps_latest_yearly": 2.2,
            "eps_growth_yearly": -158.24
        },
        "20131": {
            "year_quarter": 20131,
            "year": 2013,
            "quarter": 1,
            "eps": 0.56,
            "eps_growth_year": null,
            "eps_4q": 2.03,
            "eps_4q_growth_year": null,
            "roe": 3.2,
            "roe_4q": 12.190000000000001,
            "gross_profit": 77349,
            "gross_margin": 55.17,
            "gross_margin_4q_avg": 40.04,
            "net_income": 23164,
            "net_income_4q": null,
            "revenue": 140206,
            "revenue_4q": null,
            "common_shares": 414053,
            "book_valuer_per_share": 17.78,
            "book_valuer_per_share_4q_avg": 16.79,
            "equity": 736040,
            "current_ratio": 946.77,
            "debt_ratio": 9.42,
            "inventory_turnover_ratio": 0.57,
            "account_receivable_turnover_ratio": 2.47,
            "reinvestment_rate": null,
            "research_to_sale_ratio": 25.7,
            "price_fair": 6.66,
            "eps_avg_yearly": 2.22,
            "eps_latest_yearly": 2.24,
            "eps_growth_yearly": -75.48
        },
        "20132": {
            "year_quarter": 20132,
            "year": 2013,
            "quarter": 2,
            "eps": 0.7,
            "eps_growth_year": null,
            "eps_4q": 2.5,
            "eps_4q_growth_year": null,
            "roe": 3.97,
            "roe_4q": 16.16,
            "gross_profit": 91657,
            "gross_margin": 56.66,
            "gross_margin_4q_avg": 54.21,
            "net_income": 30764,
            "net_income_4q": null,
            "revenue": 161776,
            "revenue_4q": null,
            "common_shares": 457801,
            "book_valuer_per_share": 17.74,
            "book_valuer_per_share_4q_avg": 17.33,
            "equity": 812113,
            "current_ratio": 859.49,
            "debt_ratio": 10.54,
            "inventory_turnover_ratio": 0.72,
            "account_receivable_turnover_ratio": 3.05,
            "reinvestment_rate": null,
            "research_to_sale_ratio": 23.84,
            "price_fair": 7.24,
            "eps_avg_yearly": 2.41,
            "eps_latest_yearly": 2.8,
            "eps_growth_yearly": -16.99
        },
        "20133": {
            "year_quarter": 20133,
            "year": 2013,
            "quarter": 3,
            "eps": 0.9,
            "eps_growth_year": -1.49,
            "eps_4q": 2.57,
            "eps_4q_growth_year": 181.77,
            "roe": 4.97,
            "roe_4q": 15.43,
            "gross_profit": 110134,
            "gross_margin": 57,
            "gross_margin_4q_avg": 54.62,
            "net_income": 41404,
            "net_income_4q": null,
            "revenue": 193227,
            "revenue_4q": null,
            "common_shares": 457801,
            "book_valuer_per_share": 18.63,
            "book_valuer_per_share_4q_avg": 17.83,
            "equity": 855101,
            "current_ratio": 1151.55,
            "debt_ratio": 7.93,
            "inventory_turnover_ratio": 1.01,
            "account_receivable_turnover_ratio": 2.65,
            "reinvestment_rate": null,
            "research_to_sale_ratio": 21.69,
            "price_fair": 70,
            "eps_avg_yearly": 2.71,
            "eps_latest_yearly": 3.6,
            "eps_growth_yearly": 15.83
        },
        "20134": {
            "year_quarter": 20134,
            "year": 2013,
            "quarter": 4,
            "eps": 0.52,
            "eps_growth_year": -6.88,
            "eps_4q": 2.59,
            "eps_4q_growth_year": 76.39,
            "roe": 2.74,
            "roe_4q": 14.879999999999999,
            "gross_profit": 83091,
            "gross_margin": 53.95,
            "gross_margin_4q_avg": 55.7,
            "net_income": 23776,
            "net_income_4q": null,
            "revenue": 154001,
            "revenue_4q": null,
            "common_shares": 460316,
            "book_valuer_per_share": 19.14,
            "book_valuer_per_share_4q_avg": 18.32,
            "equity": 881064,
            "current_ratio": 1084.03,
            "debt_ratio": 8.51,
            "inventory_turnover_ratio": 1,
            "account_receivable_turnover_ratio": 1.95,
            "reinvestment_rate": null,
            "research_to_sale_ratio": 26.06,
            "price_fair": 7.75,
            "eps_avg_yearly": 2.58,
            "eps_latest_yearly": 2.08,
            "eps_growth_yearly": -21.11
        },
        "20141": {
            "year_quarter": 20141,
            "year": 2014,
            "quarter": 1,
            "eps": 0.72,
            "eps_growth_year": 28.57,
            "eps_4q": 2.8,
            "eps_4q_growth_year": 38.32,
            "roe": 3.69,
            "roe_4q": 15.37,
            "gross_profit": 98388,
            "gross_margin": 57.55,
            "gross_margin_4q_avg": 56.29,
            "net_income": 33150,
            "net_income_4q": null,
            "revenue": 170950,
            "revenue_4q": null,
            "common_shares": 460704,
            "book_valuer_per_share": 19.85,
            "book_valuer_per_share_4q_avg": 18.84,
            "equity": 914643,
            "current_ratio": 1205.32,
            "debt_ratio": 7.63,
            "inventory_turnover_ratio": 0.97,
            "account_receivable_turnover_ratio": 2.43,
            "reinvestment_rate": null,
            "research_to_sale_ratio": 25.09,
            "price_fair": 47.52,
            "eps_avg_yearly": 2.63,
            "eps_latest_yearly": 2.88,
            "eps_growth_yearly": 8.05
        },
        "20142": {
            "year_quarter": 20142,
            "year": 2014,
            "quarter": 2,
            "eps": 0.72,
            "eps_growth_year": 2.86,
            "eps_4q": 2.86,
            "eps_4q_growth_year": 14.16,
            "roe": 3.87,
            "roe_4q": 15.27,
            "gross_profit": 99260,
            "gross_margin": 56.4,
            "gross_margin_4q_avg": 56.23,
            "net_income": 33336,
            "net_income_4q": null,
            "revenue": 175988,
            "revenue_4q": null,
            "common_shares": 460704,
            "book_valuer_per_share": 17.57,
            "book_valuer_per_share_4q_avg": 18.8,
            "equity": 809432,
            "current_ratio": 414.68,
            "debt_ratio": 21.7,
            "inventory_turnover_ratio": 0.95,
            "account_receivable_turnover_ratio": 2.41,
            "reinvestment_rate": null,
            "research_to_sale_ratio": 23.69,
            "price_fair": 45.09,
            "eps_avg_yearly": 2.67,
            "eps_latest_yearly": 2.88,
            "eps_growth_yearly": 6.9
        },
        "20143": {
            "year_quarter": 20143,
            "year": 2014,
            "quarter": 3,
            "eps": 0.59,
            "eps_growth_year": -34.44,
            "eps_4q": 2.55,
            "eps_4q_growth_year": -1.06,
            "roe": 3.3,
            "roe_4q": 13.6,
            "gross_profit": 97683,
            "gross_margin": 55.2,
            "gross_margin_4q_avg": 55.78,
            "net_income": 27159,
            "net_income_4q": null,
            "revenue": 176958,
            "revenue_4q": null,
            "common_shares": 460704,
            "book_valuer_per_share": 18.16,
            "book_valuer_per_share_4q_avg": 18.68,
            "equity": 836939,
            "current_ratio": 1061.68,
            "debt_ratio": 8.43,
            "inventory_turnover_ratio": 0.9,
            "account_receivable_turnover_ratio": 2.6,
            "reinvestment_rate": null,
            "research_to_sale_ratio": 27.14,
            "price_fair": 7.89,
            "eps_avg_yearly": 2.63,
            "eps_latest_yearly": 2.36,
            "eps_growth_yearly": -2.99
        },
        "20144": {
            "year_quarter": 20144,
            "year": 2014,
            "quarter": 4,
            "eps": 0.93,
            "eps_growth_year": 80.65,
            "eps_4q": 2.96,
            "eps_4q_growth_year": 14.37,
            "roe": 5.02,
            "roe_4q": 15.88,
            "gross_profit": 123101,
            "gross_margin": 58.65,
            "gross_margin_4q_avg": 56.95,
            "net_income": 43122,
            "net_income_4q": null,
            "revenue": 209879,
            "revenue_4q": null,
            "common_shares": 462295,
            "book_valuer_per_share": 19.08,
            "book_valuer_per_share_4q_avg": 18.67,
            "equity": 882275,
            "current_ratio": 741.07,
            "debt_ratio": 9.83,
            "inventory_turnover_ratio": 1.04,
            "account_receivable_turnover_ratio": 2.79,
            "reinvestment_rate": null,
            "research_to_sale_ratio": 25.24,
            "price_fair": 90.65,
            "eps_avg_yearly": 2.75,
            "eps_latest_yearly": 3.72,
            "eps_growth_yearly": 22.95
        },
        "20151": {
            "year_quarter": 20151,
            "year": 2015,
            "quarter": 1,
            "eps": 0.44,
            "eps_growth_year": -38.89,
            "eps_4q": 2.67,
            "eps_4q_growth_year": -4.59,
            "roe": 2.29,
            "roe_4q": 14.48,
            "gross_profit": 87833,
            "gross_margin": 58.76,
            "gross_margin_4q_avg": 57.25,
            "net_income": 20451,
            "net_income_4q": null,
            "revenue": 149465,
            "revenue_4q": null,
            "common_shares": 464047,
            "book_valuer_per_share": 19.51,
            "book_valuer_per_share_4q_avg": 18.58,
            "equity": 905547,
            "current_ratio": 771.59,
            "debt_ratio": 9.47,
            "inventory_turnover_ratio": 0.72,
            "account_receivable_turnover_ratio": 1.7,
            "reinvestment_rate": null,
            "research_to_sale_ratio": 28.23,
            "price_fair": 7.96,
            "eps_avg_yearly": 2.65,
            "eps_latest_yearly": 1.76,
            "eps_growth_yearly": -0.42
        },
        "20152": {
            "year_quarter": 20152,
            "year": 2015,
            "quarter": 2,
            "eps": 0.28,
            "eps_growth_year": -61.11,
            "eps_4q": 2.06,
            "eps_4q_growth_year": -28,
            "roe": 1.67,
            "roe_4q": 12.280000000000001,
            "gross_profit": 81683,
            "gross_margin": 53.77,
            "gross_margin_4q_avg": 56.6,
            "net_income": 14310,
            "net_income_4q": null,
            "revenue": 151904,
            "revenue_4q": null,
            "common_shares": 464047,
            "book_valuer_per_share": 17.32,
            "book_valuer_per_share_4q_avg": 18.52,
            "equity": 803821,
            "current_ratio": 347.69,
            "debt_ratio": 19.68,
            "inventory_turnover_ratio": 0.76,
            "account_receivable_turnover_ratio": 1.97,
            "reinvestment_rate": 53.32,
            "research_to_sale_ratio": 28.42,
            "price_fair": 7.54,
            "eps_avg_yearly": 2.51,
            "eps_latest_yearly": 1.12,
            "eps_growth_yearly": -13.6
        },
        "20153": {
            "year_quarter": 20153,
            "year": 2015,
            "quarter": 3,
            "eps": 0.14,
            "eps_growth_year": -76.27,
            "eps_4q": 1.64,
            "eps_4q_growth_year": -35.79,
            "roe": 0.89,
            "roe_4q": 9.87,
            "gross_profit": 74616,
            "gross_margin": 53.8,
            "gross_margin_4q_avg": 56.25,
            "net_income": 7224,
            "net_income_4q": null,
            "revenue": 138683,
            "revenue_4q": null,
            "common_shares": 520451,
            "book_valuer_per_share": 15.64,
            "book_valuer_per_share_4q_avg": 17.89,
            "equity": 813755,
            "current_ratio": 887.36,
            "debt_ratio": 7.31,
            "inventory_turnover_ratio": 0.68,
            "account_receivable_turnover_ratio": 2.28,
            "reinvestment_rate": 54.71,
            "research_to_sale_ratio": 34.45,
            "price_fair": 7.05,
            "eps_avg_yearly": 2.35,
            "eps_latest_yearly": 0.56,
            "eps_growth_yearly": -29.14
        },
        "20154": {
            "year_quarter": 20154,
            "year": 2015,
            "quarter": 4,
            "eps": 0.3,
            "eps_growth_year": -68.17,
            "eps_4q": 1.1,
            "eps_4q_growth_year": -62.68,
            "roe": 1.87,
            "roe_4q": 6.72,
            "gross_profit": 96773,
            "gross_margin": 54.84,
            "gross_margin_4q_avg": 55.29,
            "net_income": 15443,
            "net_income_4q": null,
            "revenue": 176477,
            "revenue_4q": null,
            "common_shares": 520191,
            "book_valuer_per_share": 16.11,
            "book_valuer_per_share_4q_avg": 17.15,
            "equity": 838135,
            "current_ratio": 646.71,
            "debt_ratio": 10.35,
            "inventory_turnover_ratio": 0.71,
            "account_receivable_turnover_ratio": 3,
            "reinvestment_rate": 54.42,
            "research_to_sale_ratio": 29.78,
            "price_fair": 41.32,
            "eps_avg_yearly": 2.26,
            "eps_latest_yearly": 1.2,
            "eps_growth_yearly": 8.27
        },
        "20161": {
            "year_quarter": 20161,
            "year": 2016,
            "quarter": 1,
            "eps": 0.15,
            "eps_growth_year": -65.91,
            "eps_4q": 0.78,
            "eps_4q_growth_year": -70.77,
            "roe": 0.9,
            "roe_4q": 5.33,
            "gross_profit": 78557,
            "gross_margin": 53.57,
            "gross_margin_4q_avg": 54,
            "net_income": 8372,
            "net_income_4q": null,
            "revenue": 146631,
            "revenue_4q": null,
            "common_shares": 580191,
            "book_valuer_per_share": 17.74,
            "book_valuer_per_share_4q_avg": 16.7,
            "equity": 1029259,
            "current_ratio": 1073.16,
            "debt_ratio": 6.71,
            "inventory_turnover_ratio": 0.56,
            "account_receivable_turnover_ratio": 2.33,
            "reinvestment_rate": 55.18,
            "research_to_sale_ratio": 31.1,
            "price_fair": 6.43,
            "eps_avg_yearly": 2.14,
            "eps_latest_yearly": 0.6,
            "eps_growth_yearly": -6.61
        },
        "20162": {
            "year_quarter": 20162,
            "year": 2016,
            "quarter": 2,
            "eps": 0.37,
            "eps_growth_year": 32.14,
            "eps_4q": 0.91,
            "eps_4q_growth_year": -55.61,
            "roe": 2.1,
            "roe_4q": 5.76,
            "gross_profit": 96817,
            "gross_margin": 52.72,
            "gross_margin_4q_avg": 53.73,
            "net_income": 20745,
            "net_income_4q": null,
            "revenue": 183642,
            "revenue_4q": null,
            "common_shares": 580061,
            "book_valuer_per_share": 16.69,
            "book_valuer_per_share_4q_avg": 16.55,
            "equity": 946429,
            "current_ratio": 580.05,
            "debt_ratio": 12.35,
            "inventory_turnover_ratio": 0.85,
            "account_receivable_turnover_ratio": 2.9,
            "reinvestment_rate": 56.67,
            "research_to_sale_ratio": 26.91,
            "price_fair": 73.45,
            "eps_avg_yearly": 2.1,
            "eps_latest_yearly": 1.48,
            "eps_growth_yearly": 32.94
        },
        "20163": {
            "year_quarter": 20163,
            "year": 2016,
            "quarter": 3,
            "eps": 0.42,
            "eps_growth_year": 200,
            "eps_4q": 1.21,
            "eps_4q_growth_year": -26.13,
            "roe": 2.47,
            "roe_4q": 7.340000000000001,
            "gross_profit": 106130,
            "gross_margin": 53.99,
            "gross_margin_4q_avg": 53.78,
            "net_income": 23640,
            "net_income_4q": null,
            "revenue": 196579,
            "revenue_4q": null,
            "common_shares": 579911,
            "book_valuer_per_share": 17.1,
            "book_valuer_per_share_4q_avg": 16.91,
            "equity": 965624,
            "current_ratio": 716.64,
            "debt_ratio": 9.44,
            "inventory_turnover_ratio": 0.97,
            "account_receivable_turnover_ratio": 2.54,
            "reinvestment_rate": 65.35,
            "research_to_sale_ratio": 26.86,
            "price_fair": 72.54,
            "eps_avg_yearly": 2.07,
            "eps_latest_yearly": 1.68,
            "eps_growth_yearly": 34.26
        },
        "20164": {
            "year_quarter": 20164,
            "year": 2016,
            "quarter": 4,
            "eps": 0.45,
            "eps_growth_year": 51.35,
            "eps_4q": 1.38,
            "eps_4q_growth_year": 25.35,
            "roe": 2.6,
            "roe_4q": 8.07,
            "gross_profit": 109673,
            "gross_margin": 51.08,
            "gross_margin_4q_avg": 52.84,
            "net_income": 25365,
            "net_income_4q": null,
            "revenue": 214717,
            "revenue_4q": null,
            "common_shares": 579861,
            "book_valuer_per_share": 17.49,
            "book_valuer_per_share_4q_avg": 17.26,
            "equity": 987436,
            "current_ratio": 455.39,
            "debt_ratio": 12.96,
            "inventory_turnover_ratio": 1.01,
            "account_receivable_turnover_ratio": 2.57,
            "reinvestment_rate": 98.56,
            "research_to_sale_ratio": 26.68,
            "price_fair": 71.66,
            "eps_avg_yearly": 2.05,
            "eps_latest_yearly": 1.8,
            "eps_growth_yearly": 45.94
        },
        "20171": {
            "year_quarter": 20171,
            "year": 2017,
            "quarter": 1,
            "eps": 0.32,
            "eps_growth_year": 113.33,
            "eps_4q": 1.56,
            "eps_4q_growth_year": 99.29,
            "roe": 1.81,
            "roe_4q": 8.98,
            "gross_profit": 102915,
            "gross_margin": 50.62,
            "gross_margin_4q_avg": 52.1,
            "net_income": 18167,
            "net_income_4q": null,
            "revenue": 203297,
            "revenue_4q": null,
            "common_shares": 579711,
            "book_valuer_per_share": 18.11,
            "book_valuer_per_share_4q_avg": 17.35,
            "equity": 1022374,
            "current_ratio": 442.54,
            "debt_ratio": 21.39,
            "inventory_turnover_ratio": 0.78,
            "account_receivable_turnover_ratio": 2.29,
            "reinvestment_rate": 159.56,
            "research_to_sale_ratio": 26.92,
            "price_fair": 69.56,
            "eps_avg_yearly": 1.99,
            "eps_latest_yearly": 1.28,
            "eps_growth_yearly": 38.26
        },
        "20172": {
            "year_quarter": 20172,
            "year": 2017,
            "quarter": 2,
            "eps": 0.44,
            "eps_growth_year": 18.92,
            "eps_4q": 1.63,
            "eps_4q_growth_year": 77.97,
            "roe": 2.46,
            "roe_4q": 9.34,
            "gross_profit": 108866,
            "gross_margin": 50.14,
            "gross_margin_4q_avg": 51.46,
            "net_income": 24576,
            "net_income_4q": null,
            "revenue": 217133,
            "revenue_4q": null,
            "common_shares": 579711,
            "book_valuer_per_share": 17.26,
            "book_valuer_per_share_4q_avg": 17.49,
            "equity": 973956,
            "current_ratio": 295.16,
            "debt_ratio": 26.01,
            "inventory_turnover_ratio": 0.68,
            "account_receivable_turnover_ratio": 2.18,
            "reinvestment_rate": 170.83,
            "research_to_sale_ratio": 26.27,
            "price_fair": 67.29,
            "eps_avg_yearly": 1.92,
            "eps_latest_yearly": 1.76,
            "eps_growth_yearly": 41.39
        },
        "20173": {
            "year_quarter": 20173,
            "year": 2017,
            "quarter": 3,
            "eps": 0.56,
            "eps_growth_year": 33.33,
            "eps_4q": 1.76,
            "eps_4q_growth_year": 45.92,
            "roe": 3.16,
            "roe_4q": 10.03,
            "gross_profit": 116502,
            "gross_margin": 51.14,
            "gross_margin_4q_avg": 50.75,
            "net_income": 31356,
            "net_income_4q": null,
            "revenue": 227796,
            "revenue_4q": null,
            "common_shares": 579621,
            "book_valuer_per_share": 17.91,
            "book_valuer_per_share_4q_avg": 17.69,
            "equity": 1010384,
            "current_ratio": 308.55,
            "debt_ratio": 25.19,
            "inventory_turnover_ratio": 0.62,
            "account_receivable_turnover_ratio": 2.38,
            "reinvestment_rate": 188.45,
            "research_to_sale_ratio": 24.85,
            "price_fair": 64.31,
            "eps_avg_yearly": 1.84,
            "eps_latest_yearly": 2.24,
            "eps_growth_yearly": 41.06
        },
        "20174": {
            "year_quarter": 20174,
            "year": 2017,
            "quarter": 4,
            "eps": 0.33,
            "eps_growth_year": -26.66,
            "eps_4q": 1.64,
            "eps_4q_growth_year": 18.71,
            "roe": 1.83,
            "roe_4q": 9.26,
            "gross_profit": 105966,
            "gross_margin": 49.49,
            "gross_margin_4q_avg": 50.35,
            "net_income": 18592,
            "net_income_4q": null,
            "revenue": 214105,
            "revenue_4q": null,
            "common_shares": 579561,
            "book_valuer_per_share": 18.18,
            "book_valuer_per_share_4q_avg": 17.87,
            "equity": 1026053,
            "current_ratio": 352.98,
            "debt_ratio": 22.98,
            "inventory_turnover_ratio": 0.58,
            "account_receivable_turnover_ratio": 2.62,
            "reinvestment_rate": 196.46,
            "research_to_sale_ratio": 26.13,
            "price_fair": 62.65,
            "eps_avg_yearly": 1.79,
            "eps_latest_yearly": 1.32,
            "eps_growth_yearly": 41.35
        },
        "20181": {
            "year_quarter": 20181,
            "year": 2018,
            "quarter": 1,
            "eps": 0.01,
            "eps_growth_year": -96.88,
            "eps_4q": 1.33,
            "eps_4q_growth_year": -14.74,
            "roe": 0.04,
            "roe_4q": 7.49,
            "gross_profit": 75662,
            "gross_margin": 47.02,
            "gross_margin_4q_avg": 49.45,
            "net_income": 414,
            "net_income_4q": null,
            "revenue": 160907,
            "revenue_4q": null,
            "common_shares": 579561,
            "book_valuer_per_share": 18.33,
            "book_valuer_per_share_4q_avg": 17.92,
            "equity": 1034461,
            "current_ratio": 450.61,
            "debt_ratio": 19.63,
            "inventory_turnover_ratio": 0.49,
            "account_receivable_turnover_ratio": 2.46,
            "reinvestment_rate": 150.98,
            "research_to_sale_ratio": 31.62,
            "price_fair": 28.21,
            "eps_avg_yearly": 1.61,
            "eps_latest_yearly": 0.04,
            "eps_growth_yearly": 7.49
        },
        "20182": {
            "year_quarter": 20182,
            "year": 2018,
            "quarter": 2,
            "eps": 0.05,
            "eps_growth_year": -88.64,
            "eps_4q": 0.94,
            "eps_4q_growth_year": -42.06,
            "roe": 0.28,
            "roe_4q": 5.3100000000000005,
            "gross_profit": 78912,
            "gross_margin": 48.08,
            "gross_margin_4q_avg": 48.93,
            "net_income": 2781,
            "net_income_4q": null,
            "revenue": 164113,
            "revenue_4q": null,
            "common_shares": 579561,
            "book_valuer_per_share": 16.93,
            "book_valuer_per_share_4q_avg": 17.84,
            "equity": 955423,
            "current_ratio": 258.35,
            "debt_ratio": 25.48,
            "inventory_turnover_ratio": 0.53,
            "account_receivable_turnover_ratio": 2.5,
            "reinvestment_rate": 167.42,
            "research_to_sale_ratio": 33.41,
            "price_fair": 50.58,
            "eps_avg_yearly": 1.45,
            "eps_latest_yearly": 0.2,
            "eps_growth_yearly": 107.49
        },
        "20183": {
            "year_quarter": 20183,
            "year": 2018,
            "quarter": 3,
            "eps": -0.12,
            "eps_growth_year": -121.43,
            "eps_4q": 0.26,
            "eps_4q_growth_year": -85.04,
            "roe": -0.72,
            "roe_4q": 1.4300000000000002,
            "gross_profit": 63731,
            "gross_margin": 50.22,
            "gross_margin_4q_avg": 48.7,
            "net_income": -6909,
            "net_income_4q": null,
            "revenue": 126897,
            "revenue_4q": null,
            "common_shares": 579561,
            "book_valuer_per_share": 16.88,
            "book_valuer_per_share_4q_avg": 17.58,
            "equity": 952534,
            "current_ratio": 463.71,
            "debt_ratio": 18.86,
            "inventory_turnover_ratio": 0.44,
            "account_receivable_turnover_ratio": 1.93,
            "reinvestment_rate": 187.11,
            "research_to_sale_ratio": 41.75,
            "price_fair": 48.44,
            "eps_avg_yearly": 1.38,
            "eps_latest_yearly": 0.2,
            "eps_growth_yearly": 119.47
        },
        "20184": {
            "year_quarter": 20184,
            "year": 2018,
            "quarter": 4,
            "eps": -0.26,
            "eps_growth_year": -180.37,
            "eps_4q": -0.33,
            "eps_4q_growth_year": -120.16,
            "roe": -1.58,
            "roe_4q": -1.9799999999999995,
            "gross_profit": 52008,
            "gross_margin": 51.33,
            "gross_margin_4q_avg": 49.16,
            "net_income": -14828,
            "net_income_4q": null,
            "revenue": 101323,
            "revenue_4q": null,
            "common_shares": 579561,
            "book_valuer_per_share": 16.58,
            "book_valuer_per_share_4q_avg": 17.18,
            "equity": 928553,
            "current_ratio": 462.97,
            "debt_ratio": 18.8,
            "inventory_turnover_ratio": 0.37,
            "account_receivable_turnover_ratio": 1.8,
            "reinvestment_rate": 155.89,
            "research_to_sale_ratio": 44.69,
            "price_fair": 42.6,
            "eps_avg_yearly": 1.22,
            "eps_latest_yearly": 0.2,
            "eps_growth_yearly": 111.54
        },
        "20191": {
            "year_quarter": 20191,
            "year": 2019,
            "quarter": 1,
            "eps": -0.18,
            "eps_growth_year": -1900,
            "eps_4q": -0.52,
            "eps_4q_growth_year": -139.2,
            "roe": -1.07,
            "roe_4q": -3.09,
            "gross_profit": 52489,
            "gross_margin": 49.46,
            "gross_margin_4q_avg": 49.77,
            "net_income": -10032,
            "net_income_4q": null,
            "revenue": 106132,
            "revenue_4q": null,
            "common_shares": 579561,
            "book_valuer_per_share": 17.15,
            "book_valuer_per_share_4q_avg": 16.89,
            "equity": 954842,
            "current_ratio": 503.5,
            "debt_ratio": 18.35,
            "inventory_turnover_ratio": 0.42,
            "account_receivable_turnover_ratio": 2.2,
            "reinvestment_rate": 176.73,
            "research_to_sale_ratio": 40.85,
            "price_fair": 41.14,
            "eps_avg_yearly": 1.18,
            "eps_latest_yearly": 0.2,
            "eps_growth_yearly": 136.33
        },
        "20192": {
            "year_quarter": 20192,
            "year": 2019,
            "quarter": 2,
            "eps": 0,
            "eps_growth_year": -100,
            "eps_4q": -0.57,
            "eps_4q_growth_year": -160.94,
            "roe": -0.02,
            "roe_4q": -3.3899999999999997,
            "gross_profit": 65543,
            "gross_margin": 49.82,
            "gross_margin_4q_avg": 50.21,
            "net_income": -186,
            "net_income_4q": null,
            "revenue": 131551,
            "revenue_4q": null,
            "common_shares": 579561,
            "book_valuer_per_share": 17.13,
            "book_valuer_per_share_4q_avg": 16.94,
            "equity": 953682,
            "current_ratio": 387.67,
            "debt_ratio": 20.05,
            "inventory_turnover_ratio": 0.53,
            "account_receivable_turnover_ratio": 2.44,
            "reinvestment_rate": 156.24,
            "research_to_sale_ratio": 31.63,
            "price_fair": 41.3,
            "eps_avg_yearly": 1.18,
            "eps_latest_yearly": 0.2,
            "eps_growth_yearly": 159.82
        },
        "20193": {
            "year_quarter": 20193,
            "year": 2019,
            "quarter": 3,
            "eps": 0.34,
            "eps_growth_year": null,
            "eps_4q": -0.11,
            "eps_4q_growth_year": -142.3,
            "roe": 1.98,
            "roe_4q": -0.6900000000000002,
            "gross_profit": 69088,
            "gross_margin": 47.14,
            "gross_margin_4q_avg": 49.44,
            "net_income": 18836,
            "net_income_4q": null,
            "revenue": 146558,
            "revenue_4q": null,
            "common_shares": 564241,
            "book_valuer_per_share": 17.13,
            "book_valuer_per_share_4q_avg": 17,
            "equity": 953692,
            "current_ratio": 432.26,
            "debt_ratio": 18.99,
            "inventory_turnover_ratio": 0.64,
            "account_receivable_turnover_ratio": 2,
            "reinvestment_rate": 141.45,
            "research_to_sale_ratio": 28.35,
            "price_fair": 43.27,
            "eps_avg_yearly": 1.24,
            "eps_latest_yearly": 0.2,
            "eps_growth_yearly": 192.53
        },
        "20194": {
            "year_quarter": 20194,
            "year": 2019,
            "quarter": 4,
            "eps": 0.07,
            "eps_growth_year": null,
            "eps_4q": 0.22,
            "eps_4q_growth_year": null,
            "roe": 0.41,
            "roe_4q": 1.3,
            "gross_profit": 68396,
            "gross_margin": 49.8,
            "gross_margin_4q_avg": 49.06,
            "net_income": 3886,
            "net_income_4q": null,
            "revenue": 137355,
            "revenue_4q": null,
            "common_shares": 564241,
            "book_valuer_per_share": 17.1,
            "book_valuer_per_share_4q_avg": 17.13,
            "equity": 952060,
            "current_ratio": 503.41,
            "debt_ratio": 18.04,
            "inventory_turnover_ratio": 0.58,
            "account_receivable_turnover_ratio": 1.95,
            "reinvestment_rate": 148.8,
            "research_to_sale_ratio": 30.41,
            "price_fair": 40.35,
            "eps_avg_yearly": 1.15,
            "eps_latest_yearly": 0.28,
            "eps_growth_yearly": 122.09
        },
        "20201": {
            "year_quarter": 20201,
            "year": 2020,
            "quarter": 1,
            "eps": -0.2,
            "eps_growth_year": null,
            "eps_4q": 0.2,
            "eps_4q_growth_year": null,
            "roe": -1.21,
            "roe_4q": 1.16,
            "gross_profit": 48678,
            "gross_margin": 47.76,
            "gross_margin_4q_avg": 48.63,
            "net_income": -11340,
            "net_income_4q": null,
            "revenue": 101914,
            "revenue_4q": null,
            "common_shares": 564241,
            "book_valuer_per_share": 16.51,
            "book_valuer_per_share_4q_avg": 16.97,
            "equity": 917092,
            "current_ratio": 637.49,
            "debt_ratio": 17.23,
            "inventory_turnover_ratio": 0.45,
            "account_receivable_turnover_ratio": 1.88,
            "reinvestment_rate": 162.33,
            "research_to_sale_ratio": 39.58,
            "price_fair": 42.28,
            "eps_avg_yearly": 1.21,
            "eps_latest_yearly": 0.28,
            "eps_growth_yearly": 154.3
        },
        "20202": {
            "year_quarter": 20202,
            "year": 2020,
            "quarter": 2,
            "eps": -0.31,
            "eps_growth_year": null,
            "eps_4q": -0.09,
            "eps_4q_growth_year": null,
            "roe": -1.8,
            "roe_4q": -0.6199999999999997,
            "gross_profit": 45312,
            "gross_margin": 45.24,
            "gross_margin_4q_avg": 47.49,
            "net_income": -16436,
            "net_income_4q": null,
            "revenue": 100152,
            "revenue_4q": null,
            "common_shares": 564241,
            "book_valuer_per_share": 16.68,
            "book_valuer_per_share_4q_avg": 16.86,
            "equity": 910803,
            "current_ratio": 569.58,
            "debt_ratio": 17.29,
            "inventory_turnover_ratio": 0.48,
            "account_receivable_turnover_ratio": 2.02,
            "reinvestment_rate": 212.71,
            "research_to_sale_ratio": 39.97,
            "price_fair": 41.22,
            "eps_avg_yearly": 1.18,
            "eps_latest_yearly": 0.28,
            "eps_growth_yearly": 106.26
        },
        "20203": {
            "year_quarter": 20203,
            "year": 2020,
            "quarter": 3,
            "eps": -0.06,
            "eps_growth_year": -117.65,
            "eps_4q": -0.5,
            "eps_4q_growth_year": null,
            "roe": -0.37,
            "roe_4q": -2.9699999999999998,
            "gross_profit": 47776,
            "gross_margin": 40.57,
            "gross_margin_4q_avg": 45.84,
            "net_income": -3295,
            "net_income_4q": null,
            "revenue": 117775,
            "revenue_4q": null,
            "common_shares": 564241,
            "book_valuer_per_share": 16.26,
            "book_valuer_per_share_4q_avg": 16.64,
            "equity": 888356,
            "current_ratio": 568.34,
            "debt_ratio": 17.47,
            "inventory_turnover_ratio": 0.69,
            "account_receivable_turnover_ratio": 2.27,
            "reinvestment_rate": 245.48,
            "research_to_sale_ratio": 34.01,
            "price_fair": 39.03,
            "eps_avg_yearly": 1.12,
            "eps_latest_yearly": 0.28,
            "eps_growth_yearly": 112.79
        },
        "20204": {
            "year_quarter": 20204,
            "year": 2020,
            "quarter": 4,
            "eps": -0.04,
            "eps_growth_year": -162.32,
            "eps_4q": -0.61,
            "eps_4q_growth_year": -372.65,
            "roe": -0.26,
            "roe_4q": -3.64,
            "gross_profit": 60577,
            "gross_margin": 48.39,
            "gross_margin_4q_avg": 45.49,
            "net_income": -2376,
            "net_income_4q": null,
            "revenue": 125173,
            "revenue_4q": null,
            "common_shares": 564241,
            "book_valuer_per_share": 16.79,
            "book_valuer_per_share_4q_avg": 16.56,
            "equity": 917196,
            "current_ratio": 475.23,
            "debt_ratio": 17.93,
            "inventory_turnover_ratio": 0.66,
            "account_receivable_turnover_ratio": 2.22,
            "reinvestment_rate": 120.18,
            "research_to_sale_ratio": 31.75,
            "price_fair": 35.6,
            "eps_avg_yearly": 1.02,
            "eps_latest_yearly": 0.28,
            "eps_growth_yearly": 124.82
        },
        "20211": {
            "year_quarter": 20211,
            "year": 2021,
            "quarter": 1,
            "eps": -0.02,
            "eps_growth_year": null,
            "eps_4q": -0.43,
            "eps_4q_growth_year": -312.66,
            "roe": -0.14,
            "roe_4q": -2.5700000000000003,
            "gross_profit": 57819,
            "gross_margin": 45.09,
            "gross_margin_4q_avg": 44.82,
            "net_income": -1308,
            "net_income_4q": null,
            "revenue": 128238,
            "revenue_4q": null,
            "common_shares": 564241,
            "book_valuer_per_share": 17.54,
            "book_valuer_per_share_4q_avg": 16.82,
            "equity": 957974,
            "current_ratio": 512.22,
            "debt_ratio": 16.89,
            "inventory_turnover_ratio": 0.67,
            "account_receivable_turnover_ratio": 2.28,
            "reinvestment_rate": -521.39,
            "research_to_sale_ratio": 30.67,
            "price_fair": 34.07,
            "eps_avg_yearly": 0.97,
            "eps_latest_yearly": 0.28,
            "eps_growth_yearly": 164.88
        },
        "20212": {
            "year_quarter": 20212,
            "year": 2021,
            "quarter": 2,
            "eps": 0.34,
            "eps_growth_year": null,
            "eps_4q": 0.21,
            "eps_4q_growth_year": null,
            "roe": 1.91,
            "roe_4q": 1.1400000000000001,
            "gross_profit": 77957,
            "gross_margin": 53.19,
            "gross_margin_4q_avg": 46.81,
            "net_income": 18677,
            "net_income_4q": null,
            "revenue": 146564,
            "revenue_4q": null,
            "common_shares": 564241,
            "book_valuer_per_share": 18.25,
            "book_valuer_per_share_4q_avg": 17.21,
            "equity": 996876,
            "current_ratio": 627.23,
            "debt_ratio": 15.51,
            "inventory_turnover_ratio": 0.67,
            "account_receivable_turnover_ratio": 2.2,
            "reinvestment_rate": -771.83,
            "research_to_sale_ratio": 26.34,
            "price_fair": 28.56,
            "eps_avg_yearly": 0.82,
            "eps_latest_yearly": 0.28,
            "eps_growth_yearly": 167.86
        },
        "20213": {
            "year_quarter": 20213,
            "year": 2021,
            "quarter": 3,
            "eps": 0.3,
            "eps_growth_year": null,
            "eps_4q": 0.57,
            "eps_4q_growth_year": null,
            "roe": 1.61,
            "roe_4q": 3.12,
            "gross_profit": 78704,
            "gross_margin": 53.44,
            "gross_margin_4q_avg": 50.03,
            "net_income": 16363,
            "net_income_4q": null,
            "revenue": 147288,
            "revenue_4q": null,
            "common_shares": 564241,
            "book_valuer_per_share": 18.91,
            "book_valuer_per_share_4q_avg": 17.87,
            "equity": 1038335,
            "current_ratio": 553.72,
            "debt_ratio": 15.97,
            "inventory_turnover_ratio": 0.67,
            "account_receivable_turnover_ratio": 2.08,
            "reinvestment_rate": -2072.56,
            "research_to_sale_ratio": 32.2,
            "price_fair": 21.28,
            "eps_avg_yearly": 0.61,
            "eps_latest_yearly": 1.2,
            "eps_growth_yearly": 136.63
        },
        "20214": {
            "year_quarter": 20214,
            "year": 2021,
            "quarter": 4,
            "eps": 0.34,
            "eps_growth_year": null,
            "eps_4q": 0.96,
            "eps_4q_growth_year": null,
            "roe": 1.77,
            "roe_4q": 5.15,
            "gross_profit": 84194,
            "gross_margin": 53.4,
            "gross_margin_4q_avg": 51.28,
            "net_income": 18788,
            "net_income_4q": null,
            "revenue": 157658,
            "revenue_4q": null,
            "common_shares": 564241,
            "book_valuer_per_share": 19.75,
            "book_valuer_per_share_4q_avg": 18.61,
            "equity": 1084771,
            "current_ratio": 402.53,
            "debt_ratio": 16.88,
            "inventory_turnover_ratio": 0.63,
            "account_receivable_turnover_ratio": 2.36,
            "reinvestment_rate": -2226.21,
            "research_to_sale_ratio": 28.07,
            "price_fair": 21.56,
            "eps_avg_yearly": 0.62,
            "eps_latest_yearly": 1.36,
            "eps_growth_yearly": 180.15
        },
        "20221": {
            "year_quarter": 20221,
            "year": 2022,
            "quarter": 1,
            "eps": 0.47,
            "eps_growth_year": null,
            "eps_4q": 1.45,
            "eps_4q_growth_year": null,
            "roe": 2.41,
            "roe_4q": 7.7,
            "gross_profit": 96450,
            "gross_margin": 54.71,
            "gross_margin_4q_avg": 53.69,
            "net_income": 25843,
            "net_income_4q": null,
            "revenue": 176306,
            "revenue_4q": null,
            "common_shares": 559731,
            "book_valuer_per_share": 19.26,
            "book_valuer_per_share_4q_avg": 19.04,
            "equity": 1057816,
            "current_ratio": 310.53,
            "debt_ratio": 19.72,
            "inventory_turnover_ratio": 0.55,
            "account_receivable_turnover_ratio": 2.38,
            "reinvestment_rate": -217.03,
            "research_to_sale_ratio": 26.5,
            "price_fair": 34.44,
            "eps_avg_yearly": 0.98,
            "eps_latest_yearly": 1.88,
            "eps_growth_yearly": 288.31
        },
        "20222": {
            "year_quarter": 20222,
            "year": 2022,
            "quarter": 2,
            "eps": 0.5,
            "eps_growth_year": 47.06,
            "eps_4q": 1.61,
            "eps_4q_growth_year": 651.58,
            "roe": 2.59,
            "roe_4q": 8.379999999999999,
            "gross_profit": 96961,
            "gross_margin": 56.74,
            "gross_margin_4q_avg": 54.57,
            "net_income": 27409,
            "net_income_4q": null,
            "revenue": 170877,
            "revenue_4q": null,
            "common_shares": 559731,
            "book_valuer_per_share": 19.22,
            "book_valuer_per_share_4q_avg": 19.29,
            "equity": 1055501,
            "current_ratio": 351.27,
            "debt_ratio": 20.3,
            "inventory_turnover_ratio": 0.44,
            "account_receivable_turnover_ratio": 2.09,
            "reinvestment_rate": -141.11,
            "research_to_sale_ratio": 29.15,
            "price_fair": 4.03,
            "eps_avg_yearly": 1.34,
            "eps_latest_yearly": 2,
            "eps_growth_yearly": -26.58
        },
        "20223": {
            "year_quarter": 20223,
            "year": 2022,
            "quarter": 3,
            "eps": 0.09,
            "eps_growth_year": -70,
            "eps_4q": 1.4,
            "eps_4q_growth_year": 144.46,
            "roe": 0.45,
            "roe_4q": 7.220000000000001,
            "gross_profit": 50051,
            "gross_margin": 50.09,
            "gross_margin_4q_avg": 53.74,
            "net_income": 4834,
            "net_income_4q": null,
            "revenue": 99913,
            "revenue_4q": null,
            "common_shares": 559731,
            "book_valuer_per_share": 19.76,
            "book_valuer_per_share_4q_avg": 19.5,
            "equity": 1088352,
            "current_ratio": 538.82,
            "debt_ratio": 15.89,
            "inventory_turnover_ratio": 0.27,
            "account_receivable_turnover_ratio": 1.5,
            "reinvestment_rate": -114.87,
            "research_to_sale_ratio": 37.32,
            "price_fair": 3.54,
            "eps_avg_yearly": 1.18,
            "eps_latest_yearly": 0.36,
            "eps_growth_yearly": -76.82
        },
        "20224": {
            "year_quarter": 20224,
            "year": 2022,
            "quarter": 4,
            "eps": -0.18,
            "eps_growth_year": -152.05,
            "eps_4q": 0.87,
            "eps_4q_growth_year": -8.73,
            "roe": -0.9,
            "roe_4q": 4.55,
            "gross_profit": 35475,
            "gross_margin": 57.03,
            "gross_margin_4q_avg": 54.64,
            "net_income": -9842,
            "net_income_4q": null,
            "revenue": 62206,
            "revenue_4q": null,
            "common_shares": 559731,
            "book_valuer_per_share": 19.78,
            "book_valuer_per_share_4q_avg": 19.51,
            "equity": 1093282,
            "current_ratio": 597.93,
            "debt_ratio": 14.84,
            "inventory_turnover_ratio": 0.13,
            "account_receivable_turnover_ratio": 1.23,
            "reinvestment_rate": -100.91,
            "research_to_sale_ratio": 48.58,
            "price_fair": 3.54,
            "eps_avg_yearly": 1.18,
            "eps_latest_yearly": 0.36,
            "eps_growth_yearly": -76.82
        },
        "20231": {
            "year_quarter": 20231,
            "year": 2023,
            "quarter": 1,
            "eps": -0.28,
            "eps_growth_year": -159.57,
            "eps_4q": 0.12,
            "eps_4q_growth_year": -91.6,
            "roe": -1.41,
            "roe_4q": 0.7299999999999998,
            "gross_profit": 36282,
            "gross_margin": 49.42,
            "gross_margin_4q_avg": 53.32,
            "net_income": -15668,
            "net_income_4q": null,
            "revenue": 73410,
            "revenue_4q": null,
            "common_shares": 559731,
            "book_valuer_per_share": 20.31,
            "book_valuer_per_share_4q_avg": 19.77,
            "equity": 1122642,
            "current_ratio": 416.64,
            "debt_ratio": 16.08,
            "inventory_turnover_ratio": 0.18,
            "account_receivable_turnover_ratio": 1.62,
            "reinvestment_rate": -103.22,
            "research_to_sale_ratio": 43.99,
            "price_fair": 3.54,
            "eps_avg_yearly": 1.18,
            "eps_latest_yearly": 0.36,
            "eps_growth_yearly": -76.82
        },
        "20232": {
            "year_quarter": 20232,
            "year": 2023,
            "quarter": 2,
            "eps": -0.23,
            "eps_growth_year": -146,
            "eps_4q": -0.6,
            "eps_4q_growth_year": -137.3,
            "roe": -1.13,
            "roe_4q": -2.9899999999999998,
            "gross_profit": 35972,
            "gross_margin": 46.48,
            "gross_margin_4q_avg": 50.76,
            "net_income": -12515,
            "net_income_4q": null,
            "revenue": 77396,
            "revenue_4q": null,
            "common_shares": 552761,
            "book_valuer_per_share": 19.84,
            "book_valuer_per_share_4q_avg": 19.92,
            "equity": 1096690,
            "current_ratio": 429.26,
            "debt_ratio": 16.06,
            "inventory_turnover_ratio": 0.2,
            "account_receivable_turnover_ratio": 1.94,
            "reinvestment_rate": -116.59,
            "research_to_sale_ratio": 44.09,
            "price_fair": 3.54,
            "eps_avg_yearly": 1.18,
            "eps_latest_yearly": 0.36,
            "eps_growth_yearly": -76.82
        },
        "20233": {
            "year_quarter": 20233,
            "year": 2023,
            "quarter": 3,
            "eps": 0.19,
            "eps_growth_year": 111.11,
            "eps_4q": -0.5,
            "eps_4q_growth_year": -135.55,
            "roe": 0.96,
            "roe_4q": -2.48,
            "gross_profit": 45141,
            "gross_margin": 47.24,
            "gross_margin_4q_avg": 50.04,
            "net_income": 10598,
            "net_income_4q": null,
            "revenue": 95557,
            "revenue_4q": null,
            "common_shares": 552761,
            "book_valuer_per_share": 19.94,
            "book_valuer_per_share_4q_avg": 19.97,
            "equity": 1102339,
            "current_ratio": 999.75,
            "debt_ratio": 11.4,
            "inventory_turnover_ratio": 0.25,
            "account_receivable_turnover_ratio": 2.19,
            "reinvestment_rate": -128.4,
            "research_to_sale_ratio": 33.93,
            "price_fair": 3.54,
            "eps_avg_yearly": 1.18,
            "eps_latest_yearly": 0.36,
            "eps_growth_yearly": -76.82
        },
        "20234": {
            "year_quarter": 20234,
            "year": 2023,
            "quarter": 4,
            "eps": -0.24,
            "eps_growth_year": null,
            "eps_4q": -0.56,
            "eps_4q_growth_year": -164.46,
            "roe": -1.22,
            "roe_4q": -2.8,
            "gross_profit": 43780,
            "gross_margin": 50.23,
            "gross_margin_4q_avg": 48.34,
            "net_income": -13513,
            "net_income_4q": null,
            "revenue": 87162,
            "revenue_4q": null,
            "common_shares": 552761,
            "book_valuer_per_share": 20.03,
            "book_valuer_per_share_4q_avg": 20.03,
            "equity": 1107205,
            "current_ratio": 748.04,
            "debt_ratio": 12.03,
            "inventory_turnover_ratio": 0.25,
            "account_receivable_turnover_ratio": 1.97,
            "reinvestment_rate": -177.82,
            "research_to_sale_ratio": 38.57,
            "price_fair": 4.08,
            "eps_avg_yearly": 1.36,
            "eps_latest_yearly": 0.36,
            "eps_growth_yearly": -28.65
        }
    },
    "months": {
        "2012-06": {
            "month": "2012-06",
            "price": "29.14",
            "revenue": 62247
        },
        "2012-07": {
            "month": "2012-07",
            "price": "27.28",
            "revenue": 53013
        },
        "2012-08": {
            "month": "2012-08",
            "price": "26.01",
            "revenue": 63334
        },
        "2012-09": {
            "month": "2012-09",
            "price": "29.60",
            "revenue": 56295
        },
        "2012-10": {
            "month": "2012-10",
            "price": "29.68",
            "revenue": 61366
        },
        "2012-11": {
            "month": "2012-11",
            "price": "29.26",
            "revenue": 53468
        },
        "2012-12": {
            "month": "2012-12",
            "price": "28.67",
            "revenue": 45015
        },
        "2013-01": {
            "month": "2013-01",
            "price": "30.69",
            "revenue": 54854
        },
        "2013-02": {
            "month": "2013-02",
            "price": "30.10",
            "revenue": 40903
        },
        "2013-03": {
            "month": "2013-03",
            "price": "38.29",
            "revenue": 44449
        },
        "2013-04": {
            "month": "2013-04",
            "price": "39.65",
            "revenue": 51063
        },
        "2013-05": {
            "month": "2013-05",
            "price": "39.05",
            "revenue": 48678
        },
        "2013-06": {
            "month": "2013-06",
            "price": "41.17",
            "revenue": 62035
        },
        "2013-07": {
            "month": "2013-07",
            "price": "43.33",
            "revenue": 53094
        },
        "2013-08": {
            "month": "2013-08",
            "price": "49.73",
            "revenue": 62478
        },
        "2013-09": {
            "month": "2013-09",
            "price": "46.83",
            "revenue": 77655
        },
        "2013-10": {
            "month": "2013-10",
            "price": "45.53",
            "revenue": 53027
        },
        "2013-11": {
            "month": "2013-11",
            "price": "40.11",
            "revenue": 45141
        },
        "2013-12": {
            "month": "2013-12",
            "price": "45.08",
            "revenue": 55834
        },
        "2014-01": {
            "month": "2014-01",
            "price": "53.28",
            "revenue": 56637
        },
        "2014-02": {
            "month": "2014-02",
            "price": "68.60",
            "revenue": 54182
        },
        "2014-03": {
            "month": "2014-03",
            "price": "80.73",
            "revenue": 60131
        },
        "2014-04": {
            "month": "2014-04",
            "price": "75.30",
            "revenue": 53180
        },
        "2014-05": {
            "month": "2014-05",
            "price": "77.42",
            "revenue": 66519
        },
        "2014-06": {
            "month": "2014-06",
            "price": "96.80",
            "revenue": 56289
        },
        "2014-07": {
            "month": "2014-07",
            "price": "89.79",
            "revenue": 71632
        },
        "2014-08": {
            "month": "2014-08",
            "price": "81.13",
            "revenue": 59053
        },
        "2014-09": {
            "month": "2014-09",
            "price": "87.66",
            "revenue": 46273
        },
        "2014-10": {
            "month": "2014-10",
            "price": "71.19",
            "revenue": 72200
        },
        "2014-11": {
            "month": "2014-11",
            "price": "66.72",
            "revenue": 76134
        },
        "2014-12": {
            "month": "2014-12",
            "price": "80.70",
            "revenue": 61545
        },
        "2015-01": {
            "month": "2015-01",
            "price": "83.26",
            "revenue": 48764
        },
        "2015-02": {
            "month": "2015-02",
            "price": "76.82",
            "revenue": 40357
        },
        "2015-03": {
            "month": "2015-03",
            "price": "79.47",
            "revenue": 60344
        },
        "2015-04": {
            "month": "2015-04",
            "price": "74.53",
            "revenue": 54103
        },
        "2015-05": {
            "month": "2015-05",
            "price": "64.61",
            "revenue": 54194
        },
        "2015-06": {
            "month": "2015-06",
            "price": "64.30",
            "revenue": 43607
        },
        "2015-07": {
            "month": "2015-07",
            "price": "50.86",
            "revenue": 51453
        },
        "2015-08": {
            "month": "2015-08",
            "price": "34.49",
            "revenue": 41223
        },
        "2015-09": {
            "month": "2015-09",
            "price": "39.15",
            "revenue": 46006
        },
        "2015-10": {
            "month": "2015-10",
            "price": "43.93",
            "revenue": 52396
        },
        "2015-11": {
            "month": "2015-11",
            "price": "41.22",
            "revenue": 59342
        },
        "2015-12": {
            "month": "2015-12",
            "price": "40.14",
            "revenue": 64740
        },
        "2016-01": {
            "month": "2016-01",
            "price": "32.76",
            "revenue": 48416
        },
        "2016-02": {
            "month": "2016-02",
            "price": "33.77",
            "revenue": 30380
        },
        "2016-03": {
            "month": "2016-03",
            "price": "39.13",
            "revenue": 67835
        },
        "2016-04": {
            "month": "2016-04",
            "price": "36.01",
            "revenue": 72111
        },
        "2016-05": {
            "month": "2016-05",
            "price": "34.69",
            "revenue": 59147
        },
        "2016-06": {
            "month": "2016-06",
            "price": "37.96",
            "revenue": 52384
        },
        "2016-07": {
            "month": "2016-07",
            "price": "40.38",
            "revenue": 65854
        },
        "2016-08": {
            "month": "2016-08",
            "price": "41.70",
            "revenue": 67076
        },
        "2016-09": {
            "month": "2016-09",
            "price": "42.89",
            "revenue": 63649
        },
        "2016-10": {
            "month": "2016-10",
            "price": "40.94",
            "revenue": 70878
        },
        "2016-11": {
            "month": "2016-11",
            "price": "36.20",
            "revenue": 75804
        },
        "2016-12": {
            "month": "2016-12",
            "price": "38.60",
            "revenue": 68034
        },
        "2017-01": {
            "month": "2017-01",
            "price": "39.10",
            "revenue": 51040
        },
        "2017-02": {
            "month": "2017-02",
            "price": "40.54",
            "revenue": 62578
        },
        "2017-03": {
            "month": "2017-03",
            "price": "42.25",
            "revenue": 89679
        },
        "2017-04": {
            "month": "2017-04",
            "price": "46.51",
            "revenue": 75988
        },
        "2017-05": {
            "month": "2017-05",
            "price": "46.90",
            "revenue": 64912
        },
        "2017-06": {
            "month": "2017-06",
            "price": "42.96",
            "revenue": 76233
        },
        "2017-07": {
            "month": "2017-07",
            "price": "41.68",
            "revenue": 80979
        },
        "2017-08": {
            "month": "2017-08",
            "price": "41.82",
            "revenue": 67361
        },
        "2017-09": {
            "month": "2017-09",
            "price": "42.09",
            "revenue": 79456
        },
        "2017-10": {
            "month": "2017-10",
            "price": "42.12",
            "revenue": 70416
        },
        "2017-11": {
            "month": "2017-11",
            "price": "44.31",
            "revenue": 73556
        },
        "2017-12": {
            "month": "2017-12",
            "price": "41.07",
            "revenue": 70133
        },
        "2018-01": {
            "month": "2018-01",
            "price": "41.23",
            "revenue": 55018
        },
        "2018-02": {
            "month": "2018-02",
            "price": "37.56",
            "revenue": 43336
        },
        "2018-03": {
            "month": "2018-03",
            "price": "37.34",
            "revenue": 62554
        },
        "2018-04": {
            "month": "2018-04",
            "price": "33.96",
            "revenue": 48235
        },
        "2018-05": {
            "month": "2018-05",
            "price": "30.12",
            "revenue": 58737
        },
        "2018-06": {
            "month": "2018-06",
            "price": "29.89",
            "revenue": 57141
        },
        "2018-07": {
            "month": "2018-07",
            "price": "25.92",
            "revenue": 46454
        },
        "2018-08": {
            "month": "2018-08",
            "price": "23.45",
            "revenue": 41267
        },
        "2018-09": {
            "month": "2018-09",
            "price": "20.53",
            "revenue": 39175
        },
        "2018-10": {
            "month": "2018-10",
            "price": "20.45",
            "revenue": 32973
        },
        "2018-11": {
            "month": "2018-11",
            "price": "18.33",
            "revenue": 39835
        },
        "2018-12": {
            "month": "2018-12",
            "price": "19.47",
            "revenue": 28514
        },
        "2019-01": {
            "month": "2019-01",
            "price": "19.55",
            "revenue": 38644
        },
        "2019-02": {
            "month": "2019-02",
            "price": "20.36",
            "revenue": 26533
        },
        "2019-03": {
            "month": "2019-03",
            "price": "20.55",
            "revenue": 40954
        },
        "2019-04": {
            "month": "2019-04",
            "price": "20.34",
            "revenue": 39790
        },
        "2019-05": {
            "month": "2019-05",
            "price": "19.92",
            "revenue": 37641
        },
        "2019-06": {
            "month": "2019-06",
            "price": "18.69",
            "revenue": 54121
        },
        "2019-07": {
            "month": "2019-07",
            "price": "22.00",
            "revenue": 52435
        },
        "2019-08": {
            "month": "2019-08",
            "price": "23.86",
            "revenue": 49437
        },
        "2019-09": {
            "month": "2019-09",
            "price": "30.08",
            "revenue": 44685
        },
        "2019-10": {
            "month": "2019-10",
            "price": "28.64",
            "revenue": 57069
        },
        "2019-11": {
            "month": "2019-11",
            "price": "28.62",
            "revenue": 42356
        },
        "2019-12": {
            "month": "2019-12",
            "price": "27.69",
            "revenue": 37930
        },
        "2020-01": {
            "month": "2020-01",
            "price": "25.25",
            "revenue": 33374
        },
        "2020-02": {
            "month": "2020-02",
            "price": "22.75",
            "revenue": 26790
        },
        "2020-03": {
            "month": "2020-03",
            "price": "17.46",
            "revenue": 41750
        },
        "2020-04": {
            "month": "2020-04",
            "price": "17.12",
            "revenue": 29822
        },
        "2020-05": {
            "month": "2020-05",
            "price": "18.93",
            "revenue": 33785
        },
        "2020-06": {
            "month": "2020-06",
            "price": "18.95",
            "revenue": 36545
        },
        "2020-07": {
            "month": "2020-07",
            "price": "21.19",
            "revenue": 37695
        },
        "2020-08": {
            "month": "2020-08",
            "price": "19.47",
            "revenue": 39832
        },
        "2020-09": {
            "month": "2020-09",
            "price": "18.58",
            "revenue": 40248
        },
        "2020-10": {
            "month": "2020-10",
            "price": "17.84",
            "revenue": 40826
        },
        "2020-11": {
            "month": "2020-11",
            "price": "17.80",
            "revenue": 46140
        },
        "2020-12": {
            "month": "2020-12",
            "price": "19.90",
            "revenue": 38207
        },
        "2021-01": {
            "month": "2021-01",
            "price": "22.54",
            "revenue": 44671
        },
        "2021-02": {
            "month": "2021-02",
            "price": "22.63",
            "revenue": 34223
        },
        "2021-03": {
            "month": "2021-03",
            "price": "28.45",
            "revenue": 49345
        },
        "2021-04": {
            "month": "2021-04",
            "price": "39.96",
            "revenue": 50404
        },
        "2021-05": {
            "month": "2021-05",
            "price": "29.41",
            "revenue": 48347
        },
        "2021-06": {
            "month": "2021-06",
            "price": "31.82",
            "revenue": 47812
        },
        "2021-07": {
            "month": "2021-07",
            "price": "34.97",
            "revenue": 51695
        },
        "2021-08": {
            "month": "2021-08",
            "price": "36.91",
            "revenue": 52610
        },
        "2021-09": {
            "month": "2021-09",
            "price": "39.66",
            "revenue": 42984
        },
        "2021-10": {
            "month": "2021-10",
            "price": "33.68",
            "revenue": 50346
        },
        "2021-11": {
            "month": "2021-11",
            "price": "39.01",
            "revenue": 54649
        },
        "2021-12": {
            "month": "2021-12",
            "price": "39.45",
            "revenue": 52662
        },
        "2022-01": {
            "month": "2022-01",
            "price": "34.76",
            "revenue": 58428
        },
        "2022-02": {
            "month": "2022-02",
            "price": "34.64",
            "revenue": 58788
        },
        "2022-03": {
            "month": "2022-03",
            "price": "34.91",
            "revenue": 59090
        },
        "2022-04": {
            "month": "2022-04",
            "price": "33.85",
            "revenue": 62939
        },
        "2022-05": {
            "month": "2022-05",
            "price": "34.66",
            "revenue": 55225
        },
        "2022-06": {
            "month": "2022-06",
            "price": "40.15",
            "revenue": 52713
        },
        "2022-07": {
            "month": "2022-07",
            "price": "33.26",
            "revenue": 48174
        },
        "2022-08": {
            "month": "2022-08",
            "price": "33.90",
            "revenue": 29135
        },
        "2022-09": {
            "month": "2022-09",
            "price": "31.45",
            "revenue": 22604
        },
        "2022-10": {
            "month": "2022-10",
            "price": "24.75",
            "revenue": 15396
        },
        "2022-11": {
            "month": "2022-11",
            "price": "25.12",
            "revenue": 21941
        },
        "2022-12": {
            "month": "2022-12",
            "price": "26.93",
            "revenue": 24870
        },
        "2023-01": {
            "month": "2023-01",
            "price": "26.30",
            "revenue": 14603
        },
        "2023-02": {
            "month": "2023-02",
            "price": "27.48",
            "revenue": 28927
        },
        "2023-03": {
            "month": "2023-03",
            "price": "31.44",
            "revenue": 29880
        },
        "2023-04": {
            "month": "2023-04",
            "price": "30.75",
            "revenue": 20991
        },
        "2023-05": {
            "month": "2023-05",
            "price": "27.69",
            "revenue": 25976
        },
        "2023-06": {
            "month": "2023-06",
            "price": "27.89",
            "revenue": 30429
        },
        "2023-07": {
            "month": "2023-07",
            "price": "27.32",
            "revenue": 33630
        },
        "2023-08": {
            "month": "2023-08",
            "price": "25.26",
            "revenue": 35999
        },
        "2023-09": {
            "month": "2023-09",
            "price": "27.28",
            "revenue": 25928
        },
        "2023-10": {
            "month": "2023-10",
            "price": "30.72",
            "revenue": 25494
        },
        "2023-11": {
            "month": "2023-11",
            "price": "34.52",
            "revenue": 31626
        },
        "2023-12": {
            "month": "2023-12",
            "price": "36.96",
            "revenue": 30042
        }
    }
}
