{
    "summary": {
        "stock_name": "信驊",
        "stock_id": "5274",
        "category": "半導體",
        "main_business": "多媒體積體電路<br>電腦周邊積體電路<br>高階消費性電子積體電路",
        "website_url": "http://www.aspeedtech.com",
        "ceo": "林鴻明",
        "pe_ratio": 65,
        "report_year_from": 2011,
        "report_year_to": 2023,
        "age": 12,
        "eps_negative_percentage": 0,
        "eps_growth_avg": {
            "last_all": 33.56,
            "last_2y": 33.2,
            "last_4y": 29.82,
            "last_8y": 26.18,
            "last_12y": null,
            "last_16y": null,
            "last_20y": null,
            "at_2006_last_3y": null,
            "at_2007_last_3y": null,
            "at_2008_last_3y": null,
            "at_2009_last_3y": null,
            "at_2010_last_3y": null,
            "at_2011_last_3y": null,
            "at_2012_last_3y": null,
            "at_2013_last_3y": null,
            "at_2014_last_3y": null,
            "at_2015_last_3y": null,
            "at_2016_last_3y": 43.19,
            "at_2017_last_3y": 21.63,
            "at_2018_last_3y": 16.21,
            "at_2019_last_3y": 20.28,
            "at_2020_last_3y": 20.96,
            "at_2021_last_3y": 25.09,
            "at_2022_last_3y": 30.09,
            "at_2023_last_3y": 30.09,
            "at_2006_last_all": null,
            "at_2007_last_all": null,
            "at_2008_last_all": null,
            "at_2009_last_all": null,
            "at_2010_last_all": null,
            "at_2011_last_all": null,
            "at_2012_last_all": null,
            "at_2013_last_all": null,
            "at_2014_last_all": 75.2,
            "at_2015_last_all": 51.62,
            "at_2016_last_all": 43.19,
            "at_2017_last_all": 37.31,
            "at_2018_last_all": 35.87,
            "at_2019_last_all": 33.71,
            "at_2020_last_all": 32.07,
            "at_2021_last_all": 31.88,
            "at_2022_last_all": 33.56,
            "at_2023_last_all": 33.56
        },
        "latest_eps": 48.22,
        "latest_price": 3150,
        "latest_roe": 61.46,
        "latest_gross_margin": 64.24,
        "latest_equity": 2985360,
        "latest_revenue": 669396,
        "latest_gross_profit": 429994,
        "latest_net_income": 186309,
        "latest_debt_ratio": 48.35,
        "latest_current_ratio": 171.51,
        "latest_account_receivable_turnover_ratio": 0.9,
        "latest_inventory_turnover_ratio": 0.59,
        "latest_reinvestment_rate": 3.68,
        "latest_research_to_sale_ratio": 22.37
    },
    "eps_dividends": {
        "2001": {
            "cash": 0,
            "stock": 0,
            "eps": 0
        },
        "2002": {
            "cash": 0,
            "stock": 0,
            "eps": 0
        },
        "2003": {
            "cash": 0,
            "stock": 0,
            "eps": 0
        },
        "2004": {
            "cash": 0,
            "stock": 0,
            "eps": 0
        },
        "2005": {
            "cash": 0,
            "stock": 0,
            "eps": 0
        },
        "2006": {
            "cash": 0,
            "stock": 0,
            "eps": 0
        },
        "2007": {
            "cash": 0,
            "stock": 0,
            "eps": 0
        },
        "2008": {
            "cash": 0,
            "stock": 0,
            "eps": 0
        },
        "2009": {
            "cash": 0,
            "stock": 0,
            "eps": 0
        },
        "2010": {
            "cash": 0,
            "stock": 0,
            "eps": 0
        },
        "2011": {
            "cash": 0,
            "stock": 0,
            "eps": 0
        },
        "2012": {
            "cash": 4,
            "stock": 0.22,
            "eps": 3.61
        },
        "2013": {
            "cash": 5,
            "stock": 0.2,
            "eps": 7.44
        },
        "2014": {
            "cash": 5.5,
            "stock": 1,
            "eps": 11.19
        },
        "2015": {
            "cash": 7,
            "stock": 2,
            "eps": 11.69
        },
        "2016": {
            "cash": 8,
            "stock": 0,
            "eps": 13.78
        },
        "2017": {
            "cash": 12,
            "stock": 0,
            "eps": 15.68
        },
        "2018": {
            "cash": 15,
            "stock": 0,
            "eps": 20.18
        },
        "2019": {
            "cash": 18,
            "stock": 0,
            "eps": 24.37
        },
        "2020": {
            "cash": 22,
            "stock": 0,
            "eps": 29.39
        },
        "2021": {
            "cash": 26,
            "stock": 0,
            "eps": 38.29
        },
        "2022": {
            "cash": 35,
            "stock": 1,
            "eps": 56.95
        },
        "2023": {
            "cash": 45,
            "stock": 0,
            "eps": 4.93
        }
    },
    "dividends": {
        "2012-06-14": {
            "cash": 4,
            "stock": 0.22
        },
        "2013-06-07": {
            "cash": 5,
            "stock": 0.2
        },
        "2014-09-11": {
            "cash": 5.5,
            "stock": 1
        },
        "2015-08-31": {
            "cash": 7,
            "stock": 2
        },
        "2016-09-06": {
            "cash": 8,
            "stock": 0
        },
        "2017-07-20": {
            "cash": 12,
            "stock": 0
        },
        "2018-03-09": {
            "cash": 15,
            "stock": 0
        },
        "2019-07-19": {
            "cash": 18,
            "stock": 0
        },
        "2020-06-30": {
            "cash": 22,
            "stock": 0
        },
        "2021-07-20": {
            "cash": 26,
            "stock": 0
        },
        "2022-07-29": {
            "cash": 35,
            "stock": 1
        },
        "2023-03-06": {
            "cash": 45,
            "stock": 0
        }
    },
    "prices": {
        "200101": "無",
        "200102": "無",
        "200103": "無",
        "200104": "無",
        "200105": "無",
        "200106": "無",
        "200107": "無",
        "200108": "無",
        "200109": "無",
        "200110": "無",
        "200111": "無",
        "200112": "無",
        "200201": "無",
        "200202": "無",
        "200203": "無",
        "200204": "無",
        "200205": "無",
        "200206": "無",
        "200207": "無",
        "200208": "無",
        "200209": "無",
        "200210": "無",
        "200211": "無",
        "200212": "無",
        "200301": "無",
        "200302": "無",
        "200303": "無",
        "200304": "無",
        "200305": "無",
        "200306": "無",
        "200307": "無",
        "200308": "無",
        "200309": "無",
        "200310": "無",
        "200311": "無",
        "200312": "無",
        "200401": "無",
        "200402": "無",
        "200403": "無",
        "200404": "無",
        "200405": "無",
        "200406": "無",
        "200407": "無",
        "200408": "無",
        "200409": "無",
        "200410": "無",
        "200411": "無",
        "200412": "無",
        "200501": "無",
        "200502": "無",
        "200503": "無",
        "200504": "無",
        "200505": "無",
        "200506": "無",
        "200507": "無",
        "200508": "無",
        "200509": "無",
        "200510": "無",
        "200511": "無",
        "200512": "無",
        "200601": "無",
        "200602": "無",
        "200603": "無",
        "200604": "無",
        "200605": "無",
        "200606": "無",
        "200607": "無",
        "200608": "無",
        "200609": "無",
        "200610": "無",
        "200611": "無",
        "200612": "無",
        "200701": "無",
        "200702": "無",
        "200703": "無",
        "200704": "無",
        "200705": "無",
        "200706": "無",
        "200707": "無",
        "200708": "無",
        "200709": "無",
        "200710": "無",
        "200711": "無",
        "200712": "無",
        "200801": "無",
        "200802": "無",
        "200803": "無",
        "200804": "無",
        "200805": "無",
        "200806": "無",
        "200807": "無",
        "200808": "無",
        "200809": "無",
        "200810": "無",
        "200811": "無",
        "200812": "無",
        "200901": "無",
        "200902": "無",
        "200903": "無",
        "200904": "無",
        "200905": "無",
        "200906": "無",
        "200907": "無",
        "200908": "無",
        "200909": "無",
        "200910": "無",
        "200911": "無",
        "200912": "無",
        "201001": "無",
        "201002": "無",
        "201003": "無",
        "201004": "無",
        "201005": "無",
        "201006": "無",
        "201007": "無",
        "201008": "無",
        "201009": "無",
        "201010": "無",
        "201011": "無",
        "201012": "無",
        "201101": "無",
        "201102": "無",
        "201103": "無",
        "201104": "無",
        "201105": "無",
        "201106": "無",
        "201107": "無",
        "201108": "無",
        "201109": "無",
        "201110": "無",
        "201111": "無",
        "201112": "無",
        "201201": "無",
        "201202": "無",
        "201203": "無",
        "201204": "無",
        "201205": "82.40",
        "201206": "81.49",
        "201207": "82.23",
        "201208": "89.66",
        "201209": "100.51",
        "201210": "119.10",
        "201211": "114.93",
        "201212": "106.93",
        "201301": "110.58",
        "201302": "127.17",
        "201303": "150.39",
        "201304": "179.00",
        "201305": "161.30",
        "201306": "152.21",
        "201307": "157.13",
        "201308": "169.24",
        "201309": "170.88",
        "201310": "150.91",
        "201311": "155.64",
        "201312": "181.68",
        "201401": "204.14",
        "201402": "209.85",
        "201403": "265.36",
        "201404": "267.29",
        "201405": "256.24",
        "201406": "270.98",
        "201407": "249.75",
        "201408": "226.98",
        "201409": "224.17",
        "201410": "228.02",
        "201411": "246.78",
        "201412": "275.23",
        "201501": "275.35",
        "201502": "293.04",
        "201503": "313.02",
        "201504": "290.08",
        "201505": "286.45",
        "201506": "328.71",
        "201507": "322.05",
        "201508": "269.81",
        "201509": "299.80",
        "201510": "331.98",
        "201511": "354.43",
        "201512": "337.87",
        "201601": "323.55",
        "201602": "344.04",
        "201603": "351.09",
        "201604": "314.37",
        "201605": "316.68",
        "201606": "305.62",
        "201607": "312.18",
        "201608": "338.33",
        "201609": "402.24",
        "201610": "450.08",
        "201611": "451.09",
        "201612": "465.39",
        "201701": "445.91",
        "201702": "471.31",
        "201703": "519.59",
        "201704": "572.22",
        "201705": "656.75",
        "201706": "658.61",
        "201707": "715.00",
        "201708": "681.39",
        "201709": "674.64",
        "201710": "678.32",
        "201711": "688.00",
        "201712": "681.57",
        "201801": "760.27",
        "201802": "759.62",
        "201803": "849.35",
        "201804": "874.28",
        "201805": "835.91",
        "201806": "899.60",
        "201807": "761.27",
        "201808": "752.13",
        "201809": "712.79",
        "201810": "427.98",
        "201811": "514.68",
        "201812": "566.81",
        "201901": "594.05",
        "201902": "687.62",
        "201903": "730.70",
        "201904": "657.45",
        "201905": "618.00",
        "201906": "615.89",
        "201907": "651.13",
        "201908": "751.33",
        "201909": "812.79",
        "201910": "799.48",
        "201911": "848.57",
        "201912": "931.77",
        "202001": "976.00",
        "202002": "932.11",
        "202003": "1045.32",
        "202004": "1105.00",
        "202005": "1316.75",
        "202006": "1317.75",
        "202007": "1255.87",
        "202008": "1158.81",
        "202009": "1202.05",
        "202010": "1362.63",
        "202011": "1339.76",
        "202012": "1609.13",
        "202101": "2004.75",
        "202102": "2008.85",
        "202103": "1737.50",
        "202104": "1937.37",
        "202105": "2035.24",
        "202106": "2137.86",
        "202107": "2292.95",
        "202108": "2167.50",
        "202109": "2281.00",
        "202110": "2409.00",
        "202111": "2919.77",
        "202112": "3315.45",
        "202201": "3143.33",
        "202202": "2975.67",
        "202203": "2913.26",
        "202204": "3002.63",
        "202205": "2434.29",
        "202206": "2259.52",
        "202207": "1765.00",
        "202208": "1875.87",
        "202209": "1884.05",
        "202210": "1666.75",
        "202211": "2054.32",
        "202212": "1939.55",
        "202301": "1921.92",
        "202302": "2346.67",
        "202303": "2724.13",
        "202304": "2715.29",
        "202305": "2821.90"
    },
    "quarters": {
        "20011": {
            "year_quarter": 20011,
            "year": 2001,
            "quarter": 1,
            "eps": null,
            "eps_growth_year": null,
            "eps_4q": null,
            "eps_4q_growth_year": null,
            "roe": null,
            "roe_4q": 0,
            "gross_profit": null,
            "gross_margin": null,
            "gross_margin_4q_avg": 0,
            "net_income": null,
            "revenue": null,
            "common_shares": null,
            "book_valuer_per_share": null,
            "book_valuer_per_share_4q_avg": 0,
            "equity": null,
            "current_ratio": null,
            "debt_ratio": null,
            "inventory_turnover_ratio": null,
            "account_receivable_turnover_ratio": null,
            "reinvestment_rate": null,
            "research_to_sale_ratio": null,
            "price_fair": 0,
            "eps_avg_yearly": 0,
            "eps_latest_yearly": 0,
            "eps_growth_yearly": 0
        },
        "20012": {
            "year_quarter": 20012,
            "year": 2001,
            "quarter": 2,
            "eps": null,
            "eps_growth_year": null,
            "eps_4q": null,
            "eps_4q_growth_year": null,
            "roe": null,
            "roe_4q": 0,
            "gross_profit": null,
            "gross_margin": null,
            "gross_margin_4q_avg": 0,
            "net_income": null,
            "revenue": null,
            "common_shares": null,
            "book_valuer_per_share": null,
            "book_valuer_per_share_4q_avg": 0,
            "equity": null,
            "current_ratio": null,
            "debt_ratio": null,
            "inventory_turnover_ratio": null,
            "account_receivable_turnover_ratio": null,
            "reinvestment_rate": null,
            "research_to_sale_ratio": null,
            "price_fair": 0,
            "eps_avg_yearly": 0,
            "eps_latest_yearly": 0,
            "eps_growth_yearly": 0
        },
        "20013": {
            "year_quarter": 20013,
            "year": 2001,
            "quarter": 3,
            "eps": null,
            "eps_growth_year": null,
            "eps_4q": null,
            "eps_4q_growth_year": null,
            "roe": null,
            "roe_4q": 0,
            "gross_profit": null,
            "gross_margin": null,
            "gross_margin_4q_avg": 0,
            "net_income": null,
            "revenue": null,
            "common_shares": null,
            "book_valuer_per_share": null,
            "book_valuer_per_share_4q_avg": 0,
            "equity": null,
            "current_ratio": null,
            "debt_ratio": null,
            "inventory_turnover_ratio": null,
            "account_receivable_turnover_ratio": null,
            "reinvestment_rate": null,
            "research_to_sale_ratio": null,
            "price_fair": 0,
            "eps_avg_yearly": 0,
            "eps_latest_yearly": 0,
            "eps_growth_yearly": 0
        },
        "20014": {
            "year_quarter": 20014,
            "year": 2001,
            "quarter": 4,
            "eps": null,
            "eps_growth_year": null,
            "eps_4q": null,
            "eps_4q_growth_year": null,
            "roe": null,
            "roe_4q": 0,
            "gross_profit": null,
            "gross_margin": null,
            "gross_margin_4q_avg": 0,
            "net_income": null,
            "revenue": null,
            "common_shares": null,
            "book_valuer_per_share": null,
            "book_valuer_per_share_4q_avg": 0,
            "equity": null,
            "current_ratio": null,
            "debt_ratio": null,
            "inventory_turnover_ratio": null,
            "account_receivable_turnover_ratio": null,
            "reinvestment_rate": null,
            "research_to_sale_ratio": null,
            "price_fair": 0,
            "eps_avg_yearly": 0,
            "eps_latest_yearly": 0,
            "eps_growth_yearly": 0
        },
        "20021": {
            "year_quarter": 20021,
            "year": 2002,
            "quarter": 1,
            "eps": null,
            "eps_growth_year": null,
            "eps_4q": null,
            "eps_4q_growth_year": null,
            "roe": null,
            "roe_4q": 0,
            "gross_profit": null,
            "gross_margin": null,
            "gross_margin_4q_avg": 0,
            "net_income": null,
            "revenue": null,
            "common_shares": null,
            "book_valuer_per_share": null,
            "book_valuer_per_share_4q_avg": 0,
            "equity": null,
            "current_ratio": null,
            "debt_ratio": null,
            "inventory_turnover_ratio": null,
            "account_receivable_turnover_ratio": null,
            "reinvestment_rate": null,
            "research_to_sale_ratio": null,
            "price_fair": 0,
            "eps_avg_yearly": 0,
            "eps_latest_yearly": 0,
            "eps_growth_yearly": 0
        },
        "20022": {
            "year_quarter": 20022,
            "year": 2002,
            "quarter": 2,
            "eps": null,
            "eps_growth_year": null,
            "eps_4q": null,
            "eps_4q_growth_year": null,
            "roe": null,
            "roe_4q": 0,
            "gross_profit": null,
            "gross_margin": null,
            "gross_margin_4q_avg": 0,
            "net_income": null,
            "revenue": null,
            "common_shares": null,
            "book_valuer_per_share": null,
            "book_valuer_per_share_4q_avg": 0,
            "equity": null,
            "current_ratio": null,
            "debt_ratio": null,
            "inventory_turnover_ratio": null,
            "account_receivable_turnover_ratio": null,
            "reinvestment_rate": null,
            "research_to_sale_ratio": null,
            "price_fair": 0,
            "eps_avg_yearly": 0,
            "eps_latest_yearly": 0,
            "eps_growth_yearly": 0
        },
        "20023": {
            "year_quarter": 20023,
            "year": 2002,
            "quarter": 3,
            "eps": null,
            "eps_growth_year": null,
            "eps_4q": null,
            "eps_4q_growth_year": null,
            "roe": null,
            "roe_4q": 0,
            "gross_profit": null,
            "gross_margin": null,
            "gross_margin_4q_avg": 0,
            "net_income": null,
            "revenue": null,
            "common_shares": null,
            "book_valuer_per_share": null,
            "book_valuer_per_share_4q_avg": 0,
            "equity": null,
            "current_ratio": null,
            "debt_ratio": null,
            "inventory_turnover_ratio": null,
            "account_receivable_turnover_ratio": null,
            "reinvestment_rate": null,
            "research_to_sale_ratio": null,
            "price_fair": 0,
            "eps_avg_yearly": 0,
            "eps_latest_yearly": 0,
            "eps_growth_yearly": 0
        },
        "20024": {
            "year_quarter": 20024,
            "year": 2002,
            "quarter": 4,
            "eps": null,
            "eps_growth_year": null,
            "eps_4q": null,
            "eps_4q_growth_year": null,
            "roe": null,
            "roe_4q": 0,
            "gross_profit": null,
            "gross_margin": null,
            "gross_margin_4q_avg": 0,
            "net_income": null,
            "revenue": null,
            "common_shares": null,
            "book_valuer_per_share": null,
            "book_valuer_per_share_4q_avg": 0,
            "equity": null,
            "current_ratio": null,
            "debt_ratio": null,
            "inventory_turnover_ratio": null,
            "account_receivable_turnover_ratio": null,
            "reinvestment_rate": null,
            "research_to_sale_ratio": null,
            "price_fair": 0,
            "eps_avg_yearly": 0,
            "eps_latest_yearly": 0,
            "eps_growth_yearly": 0
        },
        "20031": {
            "year_quarter": 20031,
            "year": 2003,
            "quarter": 1,
            "eps": null,
            "eps_growth_year": null,
            "eps_4q": null,
            "eps_4q_growth_year": null,
            "roe": null,
            "roe_4q": 0,
            "gross_profit": null,
            "gross_margin": null,
            "gross_margin_4q_avg": 0,
            "net_income": null,
            "revenue": null,
            "common_shares": null,
            "book_valuer_per_share": null,
            "book_valuer_per_share_4q_avg": 0,
            "equity": null,
            "current_ratio": null,
            "debt_ratio": null,
            "inventory_turnover_ratio": null,
            "account_receivable_turnover_ratio": null,
            "reinvestment_rate": null,
            "research_to_sale_ratio": null,
            "price_fair": 0,
            "eps_avg_yearly": 0,
            "eps_latest_yearly": 0,
            "eps_growth_yearly": 0
        },
        "20032": {
            "year_quarter": 20032,
            "year": 2003,
            "quarter": 2,
            "eps": null,
            "eps_growth_year": null,
            "eps_4q": null,
            "eps_4q_growth_year": null,
            "roe": null,
            "roe_4q": 0,
            "gross_profit": null,
            "gross_margin": null,
            "gross_margin_4q_avg": 0,
            "net_income": null,
            "revenue": null,
            "common_shares": null,
            "book_valuer_per_share": null,
            "book_valuer_per_share_4q_avg": 0,
            "equity": null,
            "current_ratio": null,
            "debt_ratio": null,
            "inventory_turnover_ratio": null,
            "account_receivable_turnover_ratio": null,
            "reinvestment_rate": null,
            "research_to_sale_ratio": null,
            "price_fair": 0,
            "eps_avg_yearly": 0,
            "eps_latest_yearly": 0,
            "eps_growth_yearly": 0
        },
        "20033": {
            "year_quarter": 20033,
            "year": 2003,
            "quarter": 3,
            "eps": null,
            "eps_growth_year": null,
            "eps_4q": null,
            "eps_4q_growth_year": null,
            "roe": null,
            "roe_4q": 0,
            "gross_profit": null,
            "gross_margin": null,
            "gross_margin_4q_avg": 0,
            "net_income": null,
            "revenue": null,
            "common_shares": null,
            "book_valuer_per_share": null,
            "book_valuer_per_share_4q_avg": 0,
            "equity": null,
            "current_ratio": null,
            "debt_ratio": null,
            "inventory_turnover_ratio": null,
            "account_receivable_turnover_ratio": null,
            "reinvestment_rate": null,
            "research_to_sale_ratio": null,
            "price_fair": 0,
            "eps_avg_yearly": 0,
            "eps_latest_yearly": 0,
            "eps_growth_yearly": 0
        },
        "20034": {
            "year_quarter": 20034,
            "year": 2003,
            "quarter": 4,
            "eps": null,
            "eps_growth_year": null,
            "eps_4q": null,
            "eps_4q_growth_year": null,
            "roe": null,
            "roe_4q": 0,
            "gross_profit": null,
            "gross_margin": null,
            "gross_margin_4q_avg": 0,
            "net_income": null,
            "revenue": null,
            "common_shares": null,
            "book_valuer_per_share": null,
            "book_valuer_per_share_4q_avg": 0,
            "equity": null,
            "current_ratio": null,
            "debt_ratio": null,
            "inventory_turnover_ratio": null,
            "account_receivable_turnover_ratio": null,
            "reinvestment_rate": null,
            "research_to_sale_ratio": null,
            "price_fair": 0,
            "eps_avg_yearly": 0,
            "eps_latest_yearly": 0,
            "eps_growth_yearly": 0
        },
        "20041": {
            "year_quarter": 20041,
            "year": 2004,
            "quarter": 1,
            "eps": null,
            "eps_growth_year": null,
            "eps_4q": null,
            "eps_4q_growth_year": null,
            "roe": null,
            "roe_4q": 0,
            "gross_profit": null,
            "gross_margin": null,
            "gross_margin_4q_avg": 0,
            "net_income": null,
            "revenue": null,
            "common_shares": null,
            "book_valuer_per_share": null,
            "book_valuer_per_share_4q_avg": 0,
            "equity": null,
            "current_ratio": null,
            "debt_ratio": null,
            "inventory_turnover_ratio": null,
            "account_receivable_turnover_ratio": null,
            "reinvestment_rate": null,
            "research_to_sale_ratio": null,
            "price_fair": 0,
            "eps_avg_yearly": 0,
            "eps_latest_yearly": 0,
            "eps_growth_yearly": 0
        },
        "20042": {
            "year_quarter": 20042,
            "year": 2004,
            "quarter": 2,
            "eps": null,
            "eps_growth_year": null,
            "eps_4q": null,
            "eps_4q_growth_year": null,
            "roe": null,
            "roe_4q": 0,
            "gross_profit": null,
            "gross_margin": null,
            "gross_margin_4q_avg": 0,
            "net_income": null,
            "revenue": null,
            "common_shares": null,
            "book_valuer_per_share": null,
            "book_valuer_per_share_4q_avg": 0,
            "equity": null,
            "current_ratio": null,
            "debt_ratio": null,
            "inventory_turnover_ratio": null,
            "account_receivable_turnover_ratio": null,
            "reinvestment_rate": null,
            "research_to_sale_ratio": null,
            "price_fair": 0,
            "eps_avg_yearly": 0,
            "eps_latest_yearly": 0,
            "eps_growth_yearly": 0
        },
        "20043": {
            "year_quarter": 20043,
            "year": 2004,
            "quarter": 3,
            "eps": null,
            "eps_growth_year": null,
            "eps_4q": null,
            "eps_4q_growth_year": null,
            "roe": null,
            "roe_4q": 0,
            "gross_profit": null,
            "gross_margin": null,
            "gross_margin_4q_avg": 0,
            "net_income": null,
            "revenue": null,
            "common_shares": null,
            "book_valuer_per_share": null,
            "book_valuer_per_share_4q_avg": 0,
            "equity": null,
            "current_ratio": null,
            "debt_ratio": null,
            "inventory_turnover_ratio": null,
            "account_receivable_turnover_ratio": null,
            "reinvestment_rate": null,
            "research_to_sale_ratio": null,
            "price_fair": 0,
            "eps_avg_yearly": 0,
            "eps_latest_yearly": 0,
            "eps_growth_yearly": 0
        },
        "20044": {
            "year_quarter": 20044,
            "year": 2004,
            "quarter": 4,
            "eps": null,
            "eps_growth_year": null,
            "eps_4q": null,
            "eps_4q_growth_year": null,
            "roe": null,
            "roe_4q": 0,
            "gross_profit": null,
            "gross_margin": null,
            "gross_margin_4q_avg": 0,
            "net_income": null,
            "revenue": null,
            "common_shares": null,
            "book_valuer_per_share": null,
            "book_valuer_per_share_4q_avg": 0,
            "equity": null,
            "current_ratio": null,
            "debt_ratio": null,
            "inventory_turnover_ratio": null,
            "account_receivable_turnover_ratio": null,
            "reinvestment_rate": null,
            "research_to_sale_ratio": null,
            "price_fair": 0,
            "eps_avg_yearly": 0,
            "eps_latest_yearly": 0,
            "eps_growth_yearly": 0
        },
        "20051": {
            "year_quarter": 20051,
            "year": 2005,
            "quarter": 1,
            "eps": null,
            "eps_growth_year": null,
            "eps_4q": null,
            "eps_4q_growth_year": null,
            "roe": null,
            "roe_4q": 0,
            "gross_profit": null,
            "gross_margin": null,
            "gross_margin_4q_avg": 0,
            "net_income": null,
            "revenue": null,
            "common_shares": null,
            "book_valuer_per_share": null,
            "book_valuer_per_share_4q_avg": 0,
            "equity": null,
            "current_ratio": null,
            "debt_ratio": null,
            "inventory_turnover_ratio": null,
            "account_receivable_turnover_ratio": null,
            "reinvestment_rate": null,
            "research_to_sale_ratio": null,
            "price_fair": 0,
            "eps_avg_yearly": 0,
            "eps_latest_yearly": 0,
            "eps_growth_yearly": 0
        },
        "20052": {
            "year_quarter": 20052,
            "year": 2005,
            "quarter": 2,
            "eps": null,
            "eps_growth_year": null,
            "eps_4q": null,
            "eps_4q_growth_year": null,
            "roe": null,
            "roe_4q": 0,
            "gross_profit": null,
            "gross_margin": null,
            "gross_margin_4q_avg": 0,
            "net_income": null,
            "revenue": null,
            "common_shares": null,
            "book_valuer_per_share": null,
            "book_valuer_per_share_4q_avg": 0,
            "equity": null,
            "current_ratio": null,
            "debt_ratio": null,
            "inventory_turnover_ratio": null,
            "account_receivable_turnover_ratio": null,
            "reinvestment_rate": null,
            "research_to_sale_ratio": null,
            "price_fair": 0,
            "eps_avg_yearly": 0,
            "eps_latest_yearly": 0,
            "eps_growth_yearly": 0
        },
        "20053": {
            "year_quarter": 20053,
            "year": 2005,
            "quarter": 3,
            "eps": null,
            "eps_growth_year": null,
            "eps_4q": null,
            "eps_4q_growth_year": null,
            "roe": null,
            "roe_4q": 0,
            "gross_profit": null,
            "gross_margin": null,
            "gross_margin_4q_avg": 0,
            "net_income": null,
            "revenue": null,
            "common_shares": null,
            "book_valuer_per_share": null,
            "book_valuer_per_share_4q_avg": 0,
            "equity": null,
            "current_ratio": null,
            "debt_ratio": null,
            "inventory_turnover_ratio": null,
            "account_receivable_turnover_ratio": null,
            "reinvestment_rate": null,
            "research_to_sale_ratio": null,
            "price_fair": 0,
            "eps_avg_yearly": 0,
            "eps_latest_yearly": 0,
            "eps_growth_yearly": 0
        },
        "20054": {
            "year_quarter": 20054,
            "year": 2005,
            "quarter": 4,
            "eps": null,
            "eps_growth_year": null,
            "eps_4q": null,
            "eps_4q_growth_year": null,
            "roe": null,
            "roe_4q": 0,
            "gross_profit": null,
            "gross_margin": null,
            "gross_margin_4q_avg": 0,
            "net_income": null,
            "revenue": null,
            "common_shares": null,
            "book_valuer_per_share": null,
            "book_valuer_per_share_4q_avg": 0,
            "equity": null,
            "current_ratio": null,
            "debt_ratio": null,
            "inventory_turnover_ratio": null,
            "account_receivable_turnover_ratio": null,
            "reinvestment_rate": null,
            "research_to_sale_ratio": null,
            "price_fair": 0,
            "eps_avg_yearly": 0,
            "eps_latest_yearly": 0,
            "eps_growth_yearly": 0
        },
        "20061": {
            "year_quarter": 20061,
            "year": 2006,
            "quarter": 1,
            "eps": null,
            "eps_growth_year": null,
            "eps_4q": null,
            "eps_4q_growth_year": null,
            "roe": null,
            "roe_4q": 0,
            "gross_profit": null,
            "gross_margin": null,
            "gross_margin_4q_avg": 0,
            "net_income": null,
            "revenue": null,
            "common_shares": null,
            "book_valuer_per_share": null,
            "book_valuer_per_share_4q_avg": 0,
            "equity": null,
            "current_ratio": null,
            "debt_ratio": null,
            "inventory_turnover_ratio": null,
            "account_receivable_turnover_ratio": null,
            "reinvestment_rate": null,
            "research_to_sale_ratio": null,
            "price_fair": 0,
            "eps_avg_yearly": 0,
            "eps_latest_yearly": 0,
            "eps_growth_yearly": 0
        },
        "20062": {
            "year_quarter": 20062,
            "year": 2006,
            "quarter": 2,
            "eps": null,
            "eps_growth_year": null,
            "eps_4q": null,
            "eps_4q_growth_year": null,
            "roe": null,
            "roe_4q": 0,
            "gross_profit": null,
            "gross_margin": null,
            "gross_margin_4q_avg": 0,
            "net_income": null,
            "revenue": null,
            "common_shares": null,
            "book_valuer_per_share": null,
            "book_valuer_per_share_4q_avg": 0,
            "equity": null,
            "current_ratio": null,
            "debt_ratio": null,
            "inventory_turnover_ratio": null,
            "account_receivable_turnover_ratio": null,
            "reinvestment_rate": null,
            "research_to_sale_ratio": null,
            "price_fair": 0,
            "eps_avg_yearly": 0,
            "eps_latest_yearly": 0,
            "eps_growth_yearly": 0
        },
        "20063": {
            "year_quarter": 20063,
            "year": 2006,
            "quarter": 3,
            "eps": null,
            "eps_growth_year": null,
            "eps_4q": null,
            "eps_4q_growth_year": null,
            "roe": null,
            "roe_4q": 0,
            "gross_profit": null,
            "gross_margin": null,
            "gross_margin_4q_avg": 0,
            "net_income": null,
            "revenue": null,
            "common_shares": null,
            "book_valuer_per_share": null,
            "book_valuer_per_share_4q_avg": 0,
            "equity": null,
            "current_ratio": null,
            "debt_ratio": null,
            "inventory_turnover_ratio": null,
            "account_receivable_turnover_ratio": null,
            "reinvestment_rate": null,
            "research_to_sale_ratio": null,
            "price_fair": 0,
            "eps_avg_yearly": 0,
            "eps_latest_yearly": 0,
            "eps_growth_yearly": 0
        },
        "20064": {
            "year_quarter": 20064,
            "year": 2006,
            "quarter": 4,
            "eps": null,
            "eps_growth_year": null,
            "eps_4q": null,
            "eps_4q_growth_year": null,
            "roe": null,
            "roe_4q": 0,
            "gross_profit": null,
            "gross_margin": null,
            "gross_margin_4q_avg": 0,
            "net_income": null,
            "revenue": null,
            "common_shares": 50000,
            "book_valuer_per_share": 12.72,
            "book_valuer_per_share_4q_avg": 3.18,
            "equity": 63593,
            "current_ratio": 271.41,
            "debt_ratio": 30.48,
            "inventory_turnover_ratio": null,
            "account_receivable_turnover_ratio": null,
            "reinvestment_rate": null,
            "research_to_sale_ratio": null,
            "price_fair": 0,
            "eps_avg_yearly": 0,
            "eps_latest_yearly": 0,
            "eps_growth_yearly": 0
        },
        "20071": {
            "year_quarter": 20071,
            "year": 2007,
            "quarter": 1,
            "eps": null,
            "eps_growth_year": null,
            "eps_4q": null,
            "eps_4q_growth_year": null,
            "roe": null,
            "roe_4q": 0,
            "gross_profit": null,
            "gross_margin": null,
            "gross_margin_4q_avg": 0,
            "net_income": null,
            "revenue": null,
            "common_shares": null,
            "book_valuer_per_share": null,
            "book_valuer_per_share_4q_avg": 3.18,
            "equity": null,
            "current_ratio": null,
            "debt_ratio": null,
            "inventory_turnover_ratio": null,
            "account_receivable_turnover_ratio": null,
            "reinvestment_rate": null,
            "research_to_sale_ratio": null,
            "price_fair": 0,
            "eps_avg_yearly": 0,
            "eps_latest_yearly": 0,
            "eps_growth_yearly": 0
        },
        "20072": {
            "year_quarter": 20072,
            "year": 2007,
            "quarter": 2,
            "eps": null,
            "eps_growth_year": null,
            "eps_4q": null,
            "eps_4q_growth_year": null,
            "roe": null,
            "roe_4q": 0,
            "gross_profit": null,
            "gross_margin": null,
            "gross_margin_4q_avg": 0,
            "net_income": null,
            "revenue": null,
            "common_shares": null,
            "book_valuer_per_share": null,
            "book_valuer_per_share_4q_avg": 3.18,
            "equity": null,
            "current_ratio": null,
            "debt_ratio": null,
            "inventory_turnover_ratio": null,
            "account_receivable_turnover_ratio": null,
            "reinvestment_rate": null,
            "research_to_sale_ratio": null,
            "price_fair": 0,
            "eps_avg_yearly": 0,
            "eps_latest_yearly": 0,
            "eps_growth_yearly": 0
        },
        "20073": {
            "year_quarter": 20073,
            "year": 2007,
            "quarter": 3,
            "eps": null,
            "eps_growth_year": null,
            "eps_4q": null,
            "eps_4q_growth_year": null,
            "roe": null,
            "roe_4q": 0,
            "gross_profit": null,
            "gross_margin": null,
            "gross_margin_4q_avg": 0,
            "net_income": null,
            "revenue": null,
            "common_shares": null,
            "book_valuer_per_share": null,
            "book_valuer_per_share_4q_avg": 3.18,
            "equity": null,
            "current_ratio": null,
            "debt_ratio": null,
            "inventory_turnover_ratio": null,
            "account_receivable_turnover_ratio": null,
            "reinvestment_rate": null,
            "research_to_sale_ratio": null,
            "price_fair": 0,
            "eps_avg_yearly": 0,
            "eps_latest_yearly": 0,
            "eps_growth_yearly": 0
        },
        "20074": {
            "year_quarter": 20074,
            "year": 2007,
            "quarter": 4,
            "eps": null,
            "eps_growth_year": null,
            "eps_4q": null,
            "eps_4q_growth_year": null,
            "roe": null,
            "roe_4q": 0,
            "gross_profit": null,
            "gross_margin": null,
            "gross_margin_4q_avg": 0,
            "net_income": null,
            "revenue": null,
            "common_shares": 50000,
            "book_valuer_per_share": 19.53,
            "book_valuer_per_share_4q_avg": 4.88,
            "equity": 97647,
            "current_ratio": 540.19,
            "debt_ratio": 15.43,
            "inventory_turnover_ratio": null,
            "account_receivable_turnover_ratio": null,
            "reinvestment_rate": null,
            "research_to_sale_ratio": null,
            "price_fair": 0,
            "eps_avg_yearly": 0,
            "eps_latest_yearly": 0,
            "eps_growth_yearly": 0
        },
        "20081": {
            "year_quarter": 20081,
            "year": 2008,
            "quarter": 1,
            "eps": null,
            "eps_growth_year": null,
            "eps_4q": null,
            "eps_4q_growth_year": null,
            "roe": null,
            "roe_4q": 0,
            "gross_profit": null,
            "gross_margin": null,
            "gross_margin_4q_avg": 0,
            "net_income": null,
            "revenue": null,
            "common_shares": null,
            "book_valuer_per_share": null,
            "book_valuer_per_share_4q_avg": 4.88,
            "equity": null,
            "current_ratio": null,
            "debt_ratio": null,
            "inventory_turnover_ratio": null,
            "account_receivable_turnover_ratio": null,
            "reinvestment_rate": null,
            "research_to_sale_ratio": null,
            "price_fair": 0,
            "eps_avg_yearly": 0,
            "eps_latest_yearly": 0,
            "eps_growth_yearly": 0
        },
        "20082": {
            "year_quarter": 20082,
            "year": 2008,
            "quarter": 2,
            "eps": null,
            "eps_growth_year": null,
            "eps_4q": null,
            "eps_4q_growth_year": null,
            "roe": null,
            "roe_4q": 0,
            "gross_profit": null,
            "gross_margin": null,
            "gross_margin_4q_avg": 0,
            "net_income": null,
            "revenue": null,
            "common_shares": null,
            "book_valuer_per_share": null,
            "book_valuer_per_share_4q_avg": 4.88,
            "equity": null,
            "current_ratio": null,
            "debt_ratio": null,
            "inventory_turnover_ratio": null,
            "account_receivable_turnover_ratio": null,
            "reinvestment_rate": null,
            "research_to_sale_ratio": null,
            "price_fair": 0,
            "eps_avg_yearly": 0,
            "eps_latest_yearly": 0,
            "eps_growth_yearly": 0
        },
        "20083": {
            "year_quarter": 20083,
            "year": 2008,
            "quarter": 3,
            "eps": null,
            "eps_growth_year": null,
            "eps_4q": null,
            "eps_4q_growth_year": null,
            "roe": null,
            "roe_4q": 0,
            "gross_profit": null,
            "gross_margin": null,
            "gross_margin_4q_avg": 0,
            "net_income": null,
            "revenue": null,
            "common_shares": null,
            "book_valuer_per_share": null,
            "book_valuer_per_share_4q_avg": 4.88,
            "equity": null,
            "current_ratio": null,
            "debt_ratio": null,
            "inventory_turnover_ratio": null,
            "account_receivable_turnover_ratio": null,
            "reinvestment_rate": null,
            "research_to_sale_ratio": null,
            "price_fair": 0,
            "eps_avg_yearly": 0,
            "eps_latest_yearly": 0,
            "eps_growth_yearly": 0
        },
        "20084": {
            "year_quarter": 20084,
            "year": 2008,
            "quarter": 4,
            "eps": null,
            "eps_growth_year": null,
            "eps_4q": null,
            "eps_4q_growth_year": null,
            "roe": null,
            "roe_4q": 0,
            "gross_profit": null,
            "gross_margin": null,
            "gross_margin_4q_avg": 0,
            "net_income": null,
            "revenue": null,
            "common_shares": 79000,
            "book_valuer_per_share": 14.69,
            "book_valuer_per_share_4q_avg": 3.67,
            "equity": 116035,
            "current_ratio": 411.36,
            "debt_ratio": 20.24,
            "inventory_turnover_ratio": null,
            "account_receivable_turnover_ratio": null,
            "reinvestment_rate": null,
            "research_to_sale_ratio": null,
            "price_fair": 0,
            "eps_avg_yearly": 0,
            "eps_latest_yearly": 0,
            "eps_growth_yearly": 0
        },
        "20091": {
            "year_quarter": 20091,
            "year": 2009,
            "quarter": 1,
            "eps": null,
            "eps_growth_year": null,
            "eps_4q": null,
            "eps_4q_growth_year": null,
            "roe": null,
            "roe_4q": 0,
            "gross_profit": null,
            "gross_margin": null,
            "gross_margin_4q_avg": 0,
            "net_income": null,
            "revenue": null,
            "common_shares": null,
            "book_valuer_per_share": null,
            "book_valuer_per_share_4q_avg": 3.67,
            "equity": null,
            "current_ratio": null,
            "debt_ratio": null,
            "inventory_turnover_ratio": null,
            "account_receivable_turnover_ratio": null,
            "reinvestment_rate": null,
            "research_to_sale_ratio": null,
            "price_fair": 0,
            "eps_avg_yearly": 0,
            "eps_latest_yearly": 0,
            "eps_growth_yearly": 0
        },
        "20092": {
            "year_quarter": 20092,
            "year": 2009,
            "quarter": 2,
            "eps": null,
            "eps_growth_year": null,
            "eps_4q": null,
            "eps_4q_growth_year": null,
            "roe": null,
            "roe_4q": 0,
            "gross_profit": null,
            "gross_margin": null,
            "gross_margin_4q_avg": 0,
            "net_income": null,
            "revenue": null,
            "common_shares": null,
            "book_valuer_per_share": null,
            "book_valuer_per_share_4q_avg": 3.67,
            "equity": null,
            "current_ratio": null,
            "debt_ratio": null,
            "inventory_turnover_ratio": null,
            "account_receivable_turnover_ratio": null,
            "reinvestment_rate": null,
            "research_to_sale_ratio": null,
            "price_fair": 0,
            "eps_avg_yearly": 0,
            "eps_latest_yearly": 0,
            "eps_growth_yearly": 0
        },
        "20093": {
            "year_quarter": 20093,
            "year": 2009,
            "quarter": 3,
            "eps": null,
            "eps_growth_year": null,
            "eps_4q": null,
            "eps_4q_growth_year": null,
            "roe": null,
            "roe_4q": 0,
            "gross_profit": null,
            "gross_margin": null,
            "gross_margin_4q_avg": 0,
            "net_income": null,
            "revenue": null,
            "common_shares": null,
            "book_valuer_per_share": null,
            "book_valuer_per_share_4q_avg": 3.67,
            "equity": null,
            "current_ratio": null,
            "debt_ratio": null,
            "inventory_turnover_ratio": null,
            "account_receivable_turnover_ratio": null,
            "reinvestment_rate": null,
            "research_to_sale_ratio": null,
            "price_fair": 0,
            "eps_avg_yearly": 0,
            "eps_latest_yearly": 0,
            "eps_growth_yearly": 0
        },
        "20094": {
            "year_quarter": 20094,
            "year": 2009,
            "quarter": 4,
            "eps": null,
            "eps_growth_year": null,
            "eps_4q": null,
            "eps_4q_growth_year": null,
            "roe": null,
            "roe_4q": 0,
            "gross_profit": null,
            "gross_margin": null,
            "gross_margin_4q_avg": 0,
            "net_income": null,
            "revenue": null,
            "common_shares": 101980,
            "book_valuer_per_share": 15.7,
            "book_valuer_per_share_4q_avg": 3.93,
            "equity": 160142,
            "current_ratio": 346.5,
            "debt_ratio": 23.75,
            "inventory_turnover_ratio": null,
            "account_receivable_turnover_ratio": null,
            "reinvestment_rate": null,
            "research_to_sale_ratio": null,
            "price_fair": 0,
            "eps_avg_yearly": 0,
            "eps_latest_yearly": 0,
            "eps_growth_yearly": 0
        },
        "20101": {
            "year_quarter": 20101,
            "year": 2010,
            "quarter": 1,
            "eps": null,
            "eps_growth_year": null,
            "eps_4q": null,
            "eps_4q_growth_year": null,
            "roe": null,
            "roe_4q": 0,
            "gross_profit": null,
            "gross_margin": null,
            "gross_margin_4q_avg": 0,
            "net_income": null,
            "revenue": null,
            "common_shares": null,
            "book_valuer_per_share": null,
            "book_valuer_per_share_4q_avg": 3.93,
            "equity": null,
            "current_ratio": null,
            "debt_ratio": null,
            "inventory_turnover_ratio": null,
            "account_receivable_turnover_ratio": null,
            "reinvestment_rate": null,
            "research_to_sale_ratio": null,
            "price_fair": 0,
            "eps_avg_yearly": 0,
            "eps_latest_yearly": 0,
            "eps_growth_yearly": 0
        },
        "20102": {
            "year_quarter": 20102,
            "year": 2010,
            "quarter": 2,
            "eps": null,
            "eps_growth_year": null,
            "eps_4q": null,
            "eps_4q_growth_year": null,
            "roe": null,
            "roe_4q": 0,
            "gross_profit": null,
            "gross_margin": null,
            "gross_margin_4q_avg": 0,
            "net_income": null,
            "revenue": null,
            "common_shares": null,
            "book_valuer_per_share": null,
            "book_valuer_per_share_4q_avg": 3.93,
            "equity": null,
            "current_ratio": null,
            "debt_ratio": null,
            "inventory_turnover_ratio": null,
            "account_receivable_turnover_ratio": null,
            "reinvestment_rate": null,
            "research_to_sale_ratio": null,
            "price_fair": 0,
            "eps_avg_yearly": 0,
            "eps_latest_yearly": 0,
            "eps_growth_yearly": 0
        },
        "20103": {
            "year_quarter": 20103,
            "year": 2010,
            "quarter": 3,
            "eps": null,
            "eps_growth_year": null,
            "eps_4q": null,
            "eps_4q_growth_year": null,
            "roe": null,
            "roe_4q": 0,
            "gross_profit": null,
            "gross_margin": null,
            "gross_margin_4q_avg": 0,
            "net_income": null,
            "revenue": null,
            "common_shares": null,
            "book_valuer_per_share": null,
            "book_valuer_per_share_4q_avg": 3.93,
            "equity": null,
            "current_ratio": null,
            "debt_ratio": null,
            "inventory_turnover_ratio": null,
            "account_receivable_turnover_ratio": null,
            "reinvestment_rate": null,
            "research_to_sale_ratio": null,
            "price_fair": 0,
            "eps_avg_yearly": 0,
            "eps_latest_yearly": 0,
            "eps_growth_yearly": 0
        },
        "20104": {
            "year_quarter": 20104,
            "year": 2010,
            "quarter": 4,
            "eps": null,
            "eps_growth_year": null,
            "eps_4q": null,
            "eps_4q_growth_year": null,
            "roe": null,
            "roe_4q": 0,
            "gross_profit": null,
            "gross_margin": null,
            "gross_margin_4q_avg": 0,
            "net_income": null,
            "revenue": null,
            "common_shares": 151140,
            "book_valuer_per_share": 16.78,
            "book_valuer_per_share_4q_avg": 4.2,
            "equity": 253620,
            "current_ratio": 713.06,
            "debt_ratio": 12.29,
            "inventory_turnover_ratio": null,
            "account_receivable_turnover_ratio": null,
            "reinvestment_rate": null,
            "research_to_sale_ratio": null,
            "price_fair": 0,
            "eps_avg_yearly": 0,
            "eps_latest_yearly": 0,
            "eps_growth_yearly": 0
        },
        "20111": {
            "year_quarter": 20111,
            "year": 2011,
            "quarter": 1,
            "eps": null,
            "eps_growth_year": null,
            "eps_4q": null,
            "eps_4q_growth_year": null,
            "roe": null,
            "roe_4q": 0,
            "gross_profit": null,
            "gross_margin": null,
            "gross_margin_4q_avg": 0,
            "net_income": null,
            "revenue": null,
            "common_shares": null,
            "book_valuer_per_share": null,
            "book_valuer_per_share_4q_avg": 4.2,
            "equity": null,
            "current_ratio": null,
            "debt_ratio": null,
            "inventory_turnover_ratio": null,
            "account_receivable_turnover_ratio": null,
            "reinvestment_rate": null,
            "research_to_sale_ratio": null,
            "price_fair": 0,
            "eps_avg_yearly": 0,
            "eps_latest_yearly": 0,
            "eps_growth_yearly": 0
        },
        "20112": {
            "year_quarter": 20112,
            "year": 2011,
            "quarter": 2,
            "eps": null,
            "eps_growth_year": null,
            "eps_4q": null,
            "eps_4q_growth_year": null,
            "roe": null,
            "roe_4q": 0,
            "gross_profit": null,
            "gross_margin": null,
            "gross_margin_4q_avg": 0,
            "net_income": null,
            "revenue": null,
            "common_shares": 151140,
            "book_valuer_per_share": null,
            "book_valuer_per_share_4q_avg": 4.2,
            "equity": 250764,
            "current_ratio": null,
            "debt_ratio": null,
            "inventory_turnover_ratio": null,
            "account_receivable_turnover_ratio": null,
            "reinvestment_rate": null,
            "research_to_sale_ratio": null,
            "price_fair": 0,
            "eps_avg_yearly": 0,
            "eps_latest_yearly": 0,
            "eps_growth_yearly": 0
        },
        "20113": {
            "year_quarter": 20113,
            "year": 2011,
            "quarter": 3,
            "eps": null,
            "eps_growth_year": null,
            "eps_4q": null,
            "eps_4q_growth_year": null,
            "roe": null,
            "roe_4q": 0,
            "gross_profit": 47924,
            "gross_margin": null,
            "gross_margin_4q_avg": 0,
            "net_income": 23809,
            "revenue": 80084,
            "common_shares": 198231,
            "book_valuer_per_share": 16.24,
            "book_valuer_per_share_4q_avg": 8.26,
            "equity": 321974,
            "current_ratio": 1014.16,
            "debt_ratio": 9.41,
            "inventory_turnover_ratio": null,
            "account_receivable_turnover_ratio": null,
            "reinvestment_rate": null,
            "research_to_sale_ratio": null,
            "price_fair": 0,
            "eps_avg_yearly": 0,
            "eps_latest_yearly": 0,
            "eps_growth_yearly": 0
        },
        "20114": {
            "year_quarter": 20114,
            "year": 2011,
            "quarter": 4,
            "eps": null,
            "eps_growth_year": null,
            "eps_4q": null,
            "eps_4q_growth_year": null,
            "roe": null,
            "roe_4q": 0,
            "gross_profit": 57919,
            "gross_margin": null,
            "gross_margin_4q_avg": 0,
            "net_income": 31563,
            "revenue": 105052,
            "common_shares": 200780,
            "book_valuer_per_share": 17.76,
            "book_valuer_per_share_4q_avg": 8.5,
            "equity": 356851,
            "current_ratio": 779.27,
            "debt_ratio": 12.31,
            "inventory_turnover_ratio": null,
            "account_receivable_turnover_ratio": null,
            "reinvestment_rate": null,
            "research_to_sale_ratio": null,
            "price_fair": 0,
            "eps_avg_yearly": 0,
            "eps_latest_yearly": 0,
            "eps_growth_yearly": 0
        },
        "20121": {
            "year_quarter": 20121,
            "year": 2012,
            "quarter": 1,
            "eps": null,
            "eps_growth_year": null,
            "eps_4q": null,
            "eps_4q_growth_year": null,
            "roe": null,
            "roe_4q": 0,
            "gross_profit": 49695,
            "gross_margin": null,
            "gross_margin_4q_avg": 0,
            "net_income": 19498,
            "revenue": 87316,
            "common_shares": 200780,
            "book_valuer_per_share": null,
            "book_valuer_per_share_4q_avg": 8.5,
            "equity": 375842,
            "current_ratio": null,
            "debt_ratio": null,
            "inventory_turnover_ratio": null,
            "account_receivable_turnover_ratio": null,
            "reinvestment_rate": null,
            "research_to_sale_ratio": null,
            "price_fair": 0,
            "eps_avg_yearly": 0,
            "eps_latest_yearly": 0,
            "eps_growth_yearly": 0
        },
        "20122": {
            "year_quarter": 20122,
            "year": 2012,
            "quarter": 2,
            "eps": null,
            "eps_growth_year": null,
            "eps_4q": null,
            "eps_4q_growth_year": null,
            "roe": null,
            "roe_4q": 0,
            "gross_profit": 69042,
            "gross_margin": null,
            "gross_margin_4q_avg": 0,
            "net_income": 39513,
            "revenue": 119831,
            "common_shares": 200780,
            "book_valuer_per_share": 17.26,
            "book_valuer_per_share_4q_avg": 12.82,
            "equity": 346514,
            "current_ratio": 333.47,
            "debt_ratio": 27.78,
            "inventory_turnover_ratio": null,
            "account_receivable_turnover_ratio": null,
            "reinvestment_rate": null,
            "research_to_sale_ratio": null,
            "price_fair": 0,
            "eps_avg_yearly": 0,
            "eps_latest_yearly": 0,
            "eps_growth_yearly": 0
        },
        "20123": {
            "year_quarter": 20123,
            "year": 2012,
            "quarter": 3,
            "eps": 1.78,
            "eps_growth_year": null,
            "eps_4q": 1.78,
            "eps_4q_growth_year": null,
            "roe": 10.29,
            "roe_4q": 10.29,
            "gross_profit": 74767,
            "gross_margin": 55.23,
            "gross_margin_4q_avg": 13.81,
            "net_income": 37578,
            "revenue": 135376,
            "common_shares": 211368,
            "book_valuer_per_share": 18.17,
            "book_valuer_per_share_4q_avg": 13.3,
            "equity": 384092,
            "current_ratio": 480.96,
            "debt_ratio": 19.37,
            "inventory_turnover_ratio": 3.02,
            "account_receivable_turnover_ratio": 1.73,
            "reinvestment_rate": null,
            "research_to_sale_ratio": 13.8,
            "price_fair": 0,
            "eps_avg_yearly": 0,
            "eps_latest_yearly": 0,
            "eps_growth_yearly": 0
        },
        "20124": {
            "year_quarter": 20124,
            "year": 2012,
            "quarter": 4,
            "eps": 1.83,
            "eps_growth_year": null,
            "eps_4q": 3.6,
            "eps_4q_growth_year": null,
            "roe": 9.66,
            "roe_4q": 19.95,
            "gross_profit": 75801,
            "gross_margin": 53.42,
            "gross_margin_4q_avg": 27.16,
            "net_income": 39081,
            "revenue": 141886,
            "common_shares": 212980,
            "book_valuer_per_share": 19.97,
            "book_valuer_per_share_4q_avg": 13.85,
            "equity": 425269,
            "current_ratio": 515.91,
            "debt_ratio": 17.45,
            "inventory_turnover_ratio": 2.81,
            "account_receivable_turnover_ratio": 1.69,
            "reinvestment_rate": null,
            "research_to_sale_ratio": 12.87,
            "price_fair": 155.45,
            "eps_avg_yearly": 7.32,
            "eps_latest_yearly": 7.32,
            "eps_growth_yearly": 11.24
        },
        "20131": {
            "year_quarter": 20131,
            "year": 2013,
            "quarter": 1,
            "eps": 1.89,
            "eps_growth_year": null,
            "eps_4q": 5.48,
            "eps_4q_growth_year": null,
            "roe": 9.02,
            "roe_4q": 28.97,
            "gross_profit": 74085,
            "gross_margin": 53.41,
            "gross_margin_4q_avg": 40.52,
            "net_income": 40152,
            "revenue": 138710,
            "common_shares": 212980,
            "book_valuer_per_share": 21.83,
            "book_valuer_per_share_4q_avg": 19.31,
            "equity": 464897,
            "current_ratio": 537.58,
            "debt_ratio": 17,
            "inventory_turnover_ratio": 2.12,
            "account_receivable_turnover_ratio": 1.56,
            "reinvestment_rate": null,
            "research_to_sale_ratio": 14.51,
            "price_fair": 164.98,
            "eps_avg_yearly": 7.44,
            "eps_latest_yearly": 7.56,
            "eps_growth_yearly": 12.18
        },
        "20132": {
            "year_quarter": 20132,
            "year": 2013,
            "quarter": 2,
            "eps": 1.8,
            "eps_growth_year": null,
            "eps_4q": 6.66,
            "eps_4q_growth_year": null,
            "roe": 7.69,
            "roe_4q": 36.66,
            "gross_profit": 87229,
            "gross_margin": 55.98,
            "gross_margin_4q_avg": 54.51,
            "net_income": 41593,
            "revenue": 155821,
            "common_shares": 233340,
            "book_valuer_per_share": 26.41,
            "book_valuer_per_share_4q_avg": 21.6,
            "equity": 616168,
            "current_ratio": 370.21,
            "debt_ratio": 25.6,
            "inventory_turnover_ratio": 2.39,
            "account_receivable_turnover_ratio": 1.64,
            "reinvestment_rate": null,
            "research_to_sale_ratio": 16.89,
            "price_fair": 86.61,
            "eps_avg_yearly": 7.36,
            "eps_latest_yearly": 7.2,
            "eps_growth_yearly": 1.77
        },
        "20133": {
            "year_quarter": 20133,
            "year": 2013,
            "quarter": 3,
            "eps": 1.81,
            "eps_growth_year": 1.81,
            "eps_4q": 6.89,
            "eps_4q_growth_year": 287.28,
            "roe": 6.75,
            "roe_4q": 33.120000000000005,
            "gross_profit": 81116,
            "gross_margin": 54.74,
            "gross_margin_4q_avg": 54.39,
            "net_income": 43046,
            "revenue": 148188,
            "common_shares": 238007,
            "book_valuer_per_share": 27.7,
            "book_valuer_per_share_4q_avg": 23.98,
            "equity": 659214,
            "current_ratio": 551.81,
            "debt_ratio": 17.26,
            "inventory_turnover_ratio": 1.96,
            "account_receivable_turnover_ratio": 1.42,
            "reinvestment_rate": null,
            "research_to_sale_ratio": 15,
            "price_fair": 87.09,
            "eps_avg_yearly": 7.33,
            "eps_latest_yearly": 7.24,
            "eps_growth_yearly": 1.88
        },
        "20134": {
            "year_quarter": 20134,
            "year": 2013,
            "quarter": 4,
            "eps": 1.94,
            "eps_growth_year": 5.54,
            "eps_4q": 7.17,
            "eps_4q_growth_year": 99.1,
            "roe": 6.77,
            "roe_4q": 30.23,
            "gross_profit": 77673,
            "gross_margin": 52.45,
            "gross_margin_4q_avg": 54.15,
            "net_income": 46209,
            "revenue": 148083,
            "common_shares": 238617,
            "book_valuer_per_share": 29.6,
            "book_valuer_per_share_4q_avg": 26.39,
            "equity": 706300,
            "current_ratio": 652.42,
            "debt_ratio": 14.24,
            "inventory_turnover_ratio": 1.87,
            "account_receivable_turnover_ratio": 1.4,
            "reinvestment_rate": null,
            "research_to_sale_ratio": 13.02,
            "price_fair": 127.93,
            "eps_avg_yearly": 7.42,
            "eps_latest_yearly": 7.76,
            "eps_growth_yearly": 7.25
        },
        "20141": {
            "year_quarter": 20141,
            "year": 2014,
            "quarter": 1,
            "eps": 2.42,
            "eps_growth_year": 28.04,
            "eps_4q": 7.9,
            "eps_4q_growth_year": 44.04,
            "roe": 7.84,
            "roe_4q": 29.05,
            "gross_profit": 96532,
            "gross_margin": 54.23,
            "gross_margin_4q_avg": 54.35,
            "net_income": 57655,
            "revenue": 178004,
            "common_shares": 238617,
            "book_valuer_per_share": 32.05,
            "book_valuer_per_share_4q_avg": 28.94,
            "equity": 764774,
            "current_ratio": 741.2,
            "debt_ratio": 12.68,
            "inventory_turnover_ratio": 2,
            "account_receivable_turnover_ratio": 1.58,
            "reinvestment_rate": null,
            "research_to_sale_ratio": 14.13,
            "price_fair": 253.57,
            "eps_avg_yearly": 7.79,
            "eps_latest_yearly": 9.68,
            "eps_growth_yearly": 22.54
        },
        "20142": {
            "year_quarter": 20142,
            "year": 2014,
            "quarter": 2,
            "eps": 2.91,
            "eps_growth_year": 61.67,
            "eps_4q": 8.22,
            "eps_4q_growth_year": 23.45,
            "roe": 9.41,
            "roe_4q": 30.77,
            "gross_profit": 127561,
            "gross_margin": 55.82,
            "gross_margin_4q_avg": 54.31,
            "net_income": 69151,
            "revenue": 228515,
            "common_shares": 239067,
            "book_valuer_per_share": 29.46,
            "book_valuer_per_share_4q_avg": 29.7,
            "equity": 704306,
            "current_ratio": 354.38,
            "debt_ratio": 26.62,
            "inventory_turnover_ratio": 2.12,
            "account_receivable_turnover_ratio": 1.6,
            "reinvestment_rate": null,
            "research_to_sale_ratio": 12.86,
            "price_fair": 292,
            "eps_avg_yearly": 8.34,
            "eps_latest_yearly": 11.64,
            "eps_growth_yearly": 30.89
        },
        "20143": {
            "year_quarter": 20143,
            "year": 2014,
            "quarter": 3,
            "eps": 2.77,
            "eps_growth_year": 53.04,
            "eps_4q": 9.34,
            "eps_4q_growth_year": 35.7,
            "roe": 9.79,
            "roe_4q": 33.81,
            "gross_profit": 118159,
            "gross_margin": 55.67,
            "gross_margin_4q_avg": 54.54,
            "net_income": 72596,
            "revenue": 212236,
            "common_shares": 262874,
            "book_valuer_per_share": 29.61,
            "book_valuer_per_share_4q_avg": 30.18,
            "equity": 778366,
            "current_ratio": 462.81,
            "debt_ratio": 20.59,
            "inventory_turnover_ratio": 1.97,
            "account_receivable_turnover_ratio": 1.4,
            "reinvestment_rate": null,
            "research_to_sale_ratio": 13.05,
            "price_fair": 300.69,
            "eps_avg_yearly": 8.69,
            "eps_latest_yearly": 11.08,
            "eps_growth_yearly": 24.62
        },
        "20144": {
            "year_quarter": 20144,
            "year": 2014,
            "quarter": 4,
            "eps": 3.09,
            "eps_growth_year": 59.65,
            "eps_4q": 10.67,
            "eps_4q_growth_year": 48.96,
            "roe": 9.92,
            "roe_4q": 36.96,
            "gross_profit": 128880,
            "gross_margin": 54.34,
            "gross_margin_4q_avg": 55.02,
            "net_income": 81299,
            "revenue": 237157,
            "common_shares": 262959,
            "book_valuer_per_share": 32.73,
            "book_valuer_per_share_4q_avg": 30.96,
            "equity": 860666,
            "current_ratio": 552.22,
            "debt_ratio": 17.47,
            "inventory_turnover_ratio": 2.31,
            "account_receivable_turnover_ratio": 1.51,
            "reinvestment_rate": null,
            "research_to_sale_ratio": 12.25,
            "price_fair": 318.27,
            "eps_avg_yearly": 9.09,
            "eps_latest_yearly": 12.36,
            "eps_growth_yearly": 27.02
        },
        "20151": {
            "year_quarter": 20151,
            "year": 2015,
            "quarter": 1,
            "eps": 3.09,
            "eps_growth_year": 27.69,
            "eps_4q": 11.56,
            "eps_4q_growth_year": 46.29,
            "roe": 8.96,
            "roe_4q": 38.08,
            "gross_profit": 134451,
            "gross_margin": 55.46,
            "gross_margin_4q_avg": 55.32,
            "net_income": 80838,
            "revenue": 242438,
            "common_shares": 262959,
            "book_valuer_per_share": 35.88,
            "book_valuer_per_share_4q_avg": 31.92,
            "equity": 943446,
            "current_ratio": 663.27,
            "debt_ratio": 14.66,
            "inventory_turnover_ratio": 2,
            "account_receivable_turnover_ratio": 1.6,
            "reinvestment_rate": null,
            "research_to_sale_ratio": 10.79,
            "price_fair": 323.28,
            "eps_avg_yearly": 9.42,
            "eps_latest_yearly": 12.36,
            "eps_growth_yearly": 24.32
        },
        "20152": {
            "year_quarter": 20152,
            "year": 2015,
            "quarter": 2,
            "eps": 2.34,
            "eps_growth_year": -19.59,
            "eps_4q": 8.52,
            "eps_4q_growth_year": 3.64,
            "roe": 6.82,
            "roe_4q": 35.49,
            "gross_profit": 114354,
            "gross_margin": 55.45,
            "gross_margin_4q_avg": 55.23,
            "net_income": 61279,
            "revenue": 206226,
            "common_shares": 262959,
            "book_valuer_per_share": 32.48,
            "book_valuer_per_share_4q_avg": 32.68,
            "equity": 854222,
            "current_ratio": 342.33,
            "debt_ratio": 27.49,
            "inventory_turnover_ratio": 1.73,
            "account_receivable_turnover_ratio": 1.41,
            "reinvestment_rate": 6.53,
            "research_to_sale_ratio": 12.77,
            "price_fair": 219.18,
            "eps_avg_yearly": 9.41,
            "eps_latest_yearly": 9.36,
            "eps_growth_yearly": 13.28
        },
        "20153": {
            "year_quarter": 20153,
            "year": 2015,
            "quarter": 3,
            "eps": 3.71,
            "eps_growth_year": 33.94,
            "eps_4q": 10.75,
            "eps_4q_growth_year": 15.08,
            "roe": 12.82,
            "roe_4q": 38.52,
            "gross_profit": 162559,
            "gross_margin": 56.92,
            "gross_margin_4q_avg": 55.54,
            "net_income": 117119,
            "revenue": 285603,
            "common_shares": 316721,
            "book_valuer_per_share": 30.73,
            "book_valuer_per_share_4q_avg": 32.96,
            "equity": 973296,
            "current_ratio": 472.07,
            "debt_ratio": 20.22,
            "inventory_turnover_ratio": 2.85,
            "account_receivable_turnover_ratio": 1.5,
            "reinvestment_rate": 5.21,
            "research_to_sale_ratio": 12.18,
            "price_fair": 345.33,
            "eps_avg_yearly": 9.87,
            "eps_latest_yearly": 14.84,
            "eps_growth_yearly": 31.69
        },
        "20154": {
            "year_quarter": 20154,
            "year": 2015,
            "quarter": 4,
            "eps": 2.55,
            "eps_growth_year": -17.61,
            "eps_4q": 10.73,
            "eps_4q_growth_year": 0.54,
            "roe": 7.95,
            "roe_4q": 36.55,
            "gross_profit": 143194,
            "gross_margin": 55.44,
            "gross_margin_4q_avg": 55.82,
            "net_income": 80672,
            "revenue": 258293,
            "common_shares": 316721,
            "book_valuer_per_share": 33.32,
            "book_valuer_per_share_4q_avg": 33.1,
            "equity": 1055240,
            "current_ratio": 750.7,
            "debt_ratio": 12.58,
            "inventory_turnover_ratio": 2.7,
            "account_receivable_turnover_ratio": 1.23,
            "reinvestment_rate": 4.56,
            "research_to_sale_ratio": 12.56,
            "price_fair": 293.13,
            "eps_avg_yearly": 9.89,
            "eps_latest_yearly": 10.2,
            "eps_growth_yearly": 19.63
        },
        "20161": {
            "year_quarter": 20161,
            "year": 2016,
            "quarter": 1,
            "eps": 2.83,
            "eps_growth_year": -8.41,
            "eps_4q": 9.71,
            "eps_4q_growth_year": -16.02,
            "roe": 7.96,
            "roe_4q": 35.55,
            "gross_profit": 162824,
            "gross_margin": 56.84,
            "gross_margin_4q_avg": 56.16,
            "net_income": 89361,
            "revenue": 286452,
            "common_shares": 316721,
            "book_valuer_per_share": 37.55,
            "book_valuer_per_share_4q_avg": 33.52,
            "equity": 1189152,
            "current_ratio": 796.68,
            "debt_ratio": 11.98,
            "inventory_turnover_ratio": 2.3,
            "account_receivable_turnover_ratio": 1.37,
            "reinvestment_rate": 2.22,
            "research_to_sale_ratio": 10.17,
            "price_fair": 313.49,
            "eps_avg_yearly": 9.99,
            "eps_latest_yearly": 11.32,
            "eps_growth_yearly": 21.37
        },
        "20162": {
            "year_quarter": 20162,
            "year": 2016,
            "quarter": 2,
            "eps": 2.88,
            "eps_growth_year": 23.08,
            "eps_4q": 10.54,
            "eps_4q_growth_year": 23.75,
            "roe": 8.22,
            "roe_4q": 36.95,
            "gross_profit": 169690,
            "gross_margin": 56.15,
            "gross_margin_4q_avg": 56.34,
            "net_income": 91157,
            "revenue": 302226,
            "common_shares": 316721,
            "book_valuer_per_share": 32.51,
            "book_valuer_per_share_4q_avg": 33.53,
            "equity": 1029580,
            "current_ratio": 343.78,
            "debt_ratio": 27.93,
            "inventory_turnover_ratio": 2.19,
            "account_receivable_turnover_ratio": 1.38,
            "reinvestment_rate": 3.11,
            "research_to_sale_ratio": 11.59,
            "price_fair": 307.05,
            "eps_avg_yearly": 10.1,
            "eps_latest_yearly": 11.52,
            "eps_growth_yearly": 20.41
        },
        "20163": {
            "year_quarter": 20163,
            "year": 2016,
            "quarter": 3,
            "eps": 3.69,
            "eps_growth_year": -0.54,
            "eps_4q": 11.9,
            "eps_4q_growth_year": 10.67,
            "roe": 10.75,
            "roe_4q": 34.88,
            "gross_profit": 213217,
            "gross_margin": 55.72,
            "gross_margin_4q_avg": 56.04,
            "net_income": 117065,
            "revenue": 382626,
            "common_shares": 317881,
            "book_valuer_per_share": 36.1,
            "book_valuer_per_share_4q_avg": 34.87,
            "equity": 1147434,
            "current_ratio": 386.58,
            "debt_ratio": 25.02,
            "inventory_turnover_ratio": 2.86,
            "account_receivable_turnover_ratio": 1.52,
            "reinvestment_rate": 2.26,
            "research_to_sale_ratio": 8.68,
            "price_fair": 363.56,
            "eps_avg_yearly": 10.39,
            "eps_latest_yearly": 14.76,
            "eps_growth_yearly": 26.17
        },
        "20164": {
            "year_quarter": 20164,
            "year": 2016,
            "quarter": 4,
            "eps": 4.38,
            "eps_growth_year": 72.1,
            "eps_4q": 13.18,
            "eps_4q_growth_year": 22.78,
            "roe": 9.73,
            "roe_4q": 36.660000000000004,
            "gross_profit": 221376,
            "gross_margin": 59.13,
            "gross_margin_4q_avg": 56.96,
            "net_income": 148336,
            "revenue": 374374,
            "common_shares": 338401,
            "book_valuer_per_share": 56.18,
            "book_valuer_per_share_4q_avg": 40.59,
            "equity": 1901165,
            "current_ratio": 246.94,
            "debt_ratio": 27.47,
            "inventory_turnover_ratio": 2.14,
            "account_receivable_turnover_ratio": 1.3,
            "reinvestment_rate": 1.71,
            "research_to_sale_ratio": 11.99,
            "price_fair": 385.88,
            "eps_avg_yearly": 11.03,
            "eps_latest_yearly": 17.52,
            "eps_growth_yearly": 30.14
        },
        "20171": {
            "year_quarter": 20171,
            "year": 2017,
            "quarter": 1,
            "eps": 3.04,
            "eps_growth_year": 7.42,
            "eps_4q": 11.79,
            "eps_4q_growth_year": 21.44,
            "roe": 5.2,
            "roe_4q": 33.9,
            "gross_profit": 265136,
            "gross_margin": 58.53,
            "gross_margin_4q_avg": 57.38,
            "net_income": 102797,
            "revenue": 452976,
            "common_shares": 338401,
            "book_valuer_per_share": 60.59,
            "book_valuer_per_share_4q_avg": 46.35,
            "equity": 2050536,
            "current_ratio": 338.19,
            "debt_ratio": 20.86,
            "inventory_turnover_ratio": 2.27,
            "account_receivable_turnover_ratio": 1.52,
            "reinvestment_rate": -0.08,
            "research_to_sale_ratio": 16.06,
            "price_fair": 358.31,
            "eps_avg_yearly": 11.31,
            "eps_latest_yearly": 12.16,
            "eps_growth_yearly": 21.67
        },
        "20172": {
            "year_quarter": 20172,
            "year": 2017,
            "quarter": 2,
            "eps": 3.75,
            "eps_growth_year": 30.21,
            "eps_4q": 14.59,
            "eps_4q_growth_year": 38.47,
            "roe": 6.65,
            "roe_4q": 32.33,
            "gross_profit": 254684,
            "gross_margin": 57.15,
            "gross_margin_4q_avg": 57.63,
            "net_income": 127042,
            "revenue": 445609,
            "common_shares": 339418,
            "book_valuer_per_share": 52.2,
            "book_valuer_per_share_4q_avg": 51.27,
            "equity": 1771903,
            "current_ratio": 225.18,
            "debt_ratio": 29.65,
            "inventory_turnover_ratio": 2.09,
            "account_receivable_turnover_ratio": 1.41,
            "reinvestment_rate": -0.36,
            "research_to_sale_ratio": 16.69,
            "price_fair": 413,
            "eps_avg_yearly": 11.8,
            "eps_latest_yearly": 15,
            "eps_growth_yearly": 28.7
        },
        "20173": {
            "year_quarter": 20173,
            "year": 2017,
            "quarter": 3,
            "eps": 4.61,
            "eps_growth_year": 24.93,
            "eps_4q": 15.74,
            "eps_4q_growth_year": 32.3,
            "roe": 8.43,
            "roe_4q": 30.01,
            "gross_profit": 292373,
            "gross_margin": 58.45,
            "gross_margin_4q_avg": 58.32,
            "net_income": 156181,
            "revenue": 500246,
            "common_shares": 339418,
            "book_valuer_per_share": 56.92,
            "book_valuer_per_share_4q_avg": 56.47,
            "equity": 1931915,
            "current_ratio": 268.49,
            "debt_ratio": 25.87,
            "inventory_turnover_ratio": 2.22,
            "account_receivable_turnover_ratio": 1.41,
            "reinvestment_rate": 0.39,
            "research_to_sale_ratio": 13.53,
            "price_fair": 437.5,
            "eps_avg_yearly": 12.5,
            "eps_latest_yearly": 18.44,
            "eps_growth_yearly": 34.3
        },
        "20174": {
            "year_quarter": 20174,
            "year": 2017,
            "quarter": 4,
            "eps": 4.28,
            "eps_growth_year": -2.3,
            "eps_4q": 15.66,
            "eps_4q_growth_year": 18.82,
            "roe": 7.25,
            "roe_4q": 27.529999999999998,
            "gross_profit": 284648,
            "gross_margin": 57.46,
            "gross_margin_4q_avg": 57.9,
            "net_income": 145346,
            "revenue": 495363,
            "common_shares": 339378,
            "book_valuer_per_share": 61.23,
            "book_valuer_per_share_4q_avg": 57.74,
            "equity": 2077947,
            "current_ratio": 313.21,
            "debt_ratio": 21.98,
            "inventory_turnover_ratio": 2.34,
            "account_receivable_turnover_ratio": 1.32,
            "reinvestment_rate": 2.41,
            "research_to_sale_ratio": 15.31,
            "price_fair": 457.98,
            "eps_avg_yearly": 13.09,
            "eps_latest_yearly": 17.12,
            "eps_growth_yearly": 30.71
        },
        "20181": {
            "year_quarter": 20181,
            "year": 2018,
            "quarter": 1,
            "eps": 3.85,
            "eps_growth_year": 26.64,
            "eps_4q": 13.96,
            "eps_4q_growth_year": 18.43,
            "roe": 6.01,
            "roe_4q": 28.339999999999996,
            "gross_profit": 314597,
            "gross_margin": 58.45,
            "gross_margin_4q_avg": 57.88,
            "net_income": 130648,
            "revenue": 538253,
            "common_shares": 339738,
            "book_valuer_per_share": 66.87,
            "book_valuer_per_share_4q_avg": 59.31,
            "equity": 2271783,
            "current_ratio": 404.52,
            "debt_ratio": 18.11,
            "inventory_turnover_ratio": 2.18,
            "account_receivable_turnover_ratio": 1.44,
            "reinvestment_rate": 3.02,
            "research_to_sale_ratio": 14.54,
            "price_fair": 430.36,
            "eps_avg_yearly": 13.44,
            "eps_latest_yearly": 15.4,
            "eps_growth_yearly": 22.01
        },
        "20182": {
            "year_quarter": 20182,
            "year": 2018,
            "quarter": 2,
            "eps": 5.62,
            "eps_growth_year": 49.87,
            "eps_4q": 15.55,
            "eps_4q_growth_year": 6.6,
            "roe": 9.03,
            "roe_4q": 30.72,
            "gross_profit": 321740,
            "gross_margin": 58.72,
            "gross_margin_4q_avg": 58.27,
            "net_income": 190966,
            "revenue": 547881,
            "common_shares": 339738,
            "book_valuer_per_share": 57.6,
            "book_valuer_per_share_4q_avg": 60.66,
            "equity": 1957039,
            "current_ratio": 215.92,
            "debt_ratio": 33.12,
            "inventory_turnover_ratio": 1.73,
            "account_receivable_turnover_ratio": 1.38,
            "reinvestment_rate": 2.08,
            "research_to_sale_ratio": 16.15,
            "price_fair": 494.2,
            "eps_avg_yearly": 14.12,
            "eps_latest_yearly": 22.48,
            "eps_growth_yearly": 28.45
        },
        "20183": {
            "year_quarter": 20183,
            "year": 2018,
            "quarter": 3,
            "eps": 5.72,
            "eps_growth_year": 24.08,
            "eps_4q": 19.42,
            "eps_4q_growth_year": 23.37,
            "roe": 9.45,
            "roe_4q": 31.739999999999995,
            "gross_profit": 353726,
            "gross_margin": 60.64,
            "gross_margin_4q_avg": 58.82,
            "net_income": 194289,
            "revenue": 583335,
            "common_shares": 340446,
            "book_valuer_per_share": 63.28,
            "book_valuer_per_share_4q_avg": 62.25,
            "equity": 2154278,
            "current_ratio": 358.81,
            "debt_ratio": 20.14,
            "inventory_turnover_ratio": 1.44,
            "account_receivable_turnover_ratio": 1.36,
            "reinvestment_rate": 4.13,
            "research_to_sale_ratio": 14.23,
            "price_fair": 520.01,
            "eps_avg_yearly": 14.86,
            "eps_latest_yearly": 22.88,
            "eps_growth_yearly": 30.09
        },
        "20184": {
            "year_quarter": 20184,
            "year": 2018,
            "quarter": 4,
            "eps": 4.99,
            "eps_growth_year": 16.54,
            "eps_4q": 20.14,
            "eps_4q_growth_year": 28.6,
            "roe": 7.58,
            "roe_4q": 32.07,
            "gross_profit": 299768,
            "gross_margin": 61.93,
            "gross_margin_4q_avg": 59.94,
            "net_income": 170019,
            "revenue": 484050,
            "common_shares": 340656,
            "book_valuer_per_share": 68.37,
            "book_valuer_per_share_4q_avg": 64.03,
            "equity": 2328940,
            "current_ratio": 428.8,
            "debt_ratio": 17.78,
            "inventory_turnover_ratio": 1.18,
            "account_receivable_turnover_ratio": 1.14,
            "reinvestment_rate": 3.61,
            "research_to_sale_ratio": 15.96,
            "price_fair": 521.54,
            "eps_avg_yearly": 15.33,
            "eps_latest_yearly": 19.96,
            "eps_growth_yearly": 24.02
        },
        "20191": {
            "year_quarter": 20191,
            "year": 2019,
            "quarter": 1,
            "eps": 5.43,
            "eps_growth_year": 41.04,
            "eps_4q": 17.81,
            "eps_4q_growth_year": 27.58,
            "roe": 7.51,
            "roe_4q": 33.57,
            "gross_profit": 350249,
            "gross_margin": 63.55,
            "gross_margin_4q_avg": 61.21,
            "net_income": 184790,
            "revenue": 551125,
            "common_shares": 340584,
            "book_valuer_per_share": 76.06,
            "book_valuer_per_share_4q_avg": 66.33,
            "equity": 2590335,
            "current_ratio": 488.23,
            "debt_ratio": 16.52,
            "inventory_turnover_ratio": 1.57,
            "account_receivable_turnover_ratio": 1.32,
            "reinvestment_rate": 3.09,
            "research_to_sale_ratio": 15.77,
            "price_fair": 557.11,
            "eps_avg_yearly": 15.92,
            "eps_latest_yearly": 21.72,
            "eps_growth_yearly": 26.22
        },
        "20192": {
            "year_quarter": 20192,
            "year": 2019,
            "quarter": 2,
            "eps": 5.32,
            "eps_growth_year": -5.34,
            "eps_4q": 17.57,
            "eps_4q_growth_year": 12.95,
            "roe": 7.62,
            "roe_4q": 32.16,
            "gross_profit": 337470,
            "gross_margin": 64.53,
            "gross_margin_4q_avg": 62.66,
            "net_income": 180971,
            "revenue": 522942,
            "common_shares": 340584,
            "book_valuer_per_share": 63.47,
            "book_valuer_per_share_4q_avg": 67.8,
            "equity": 2161658,
            "current_ratio": 213.13,
            "debt_ratio": 35.1,
            "inventory_turnover_ratio": 1.46,
            "account_receivable_turnover_ratio": 1.22,
            "reinvestment_rate": 1.44,
            "research_to_sale_ratio": 16.31,
            "price_fair": 583.19,
            "eps_avg_yearly": 16.66,
            "eps_latest_yearly": 21.28,
            "eps_growth_yearly": 31.78
        },
        "20193": {
            "year_quarter": 20193,
            "year": 2019,
            "quarter": 3,
            "eps": 6.81,
            "eps_growth_year": 19.06,
            "eps_4q": 22.48,
            "eps_4q_growth_year": 15.73,
            "roe": 10.21,
            "roe_4q": 32.92,
            "gross_profit": 431130,
            "gross_margin": 62.73,
            "gross_margin_4q_avg": 63.19,
            "net_income": 232662,
            "revenue": 687270,
            "common_shares": 341848,
            "book_valuer_per_share": 70.12,
            "book_valuer_per_share_4q_avg": 69.51,
            "equity": 2397024,
            "current_ratio": 259.54,
            "debt_ratio": 30.45,
            "inventory_turnover_ratio": 2.17,
            "account_receivable_turnover_ratio": 1.37,
            "reinvestment_rate": 2.36,
            "research_to_sale_ratio": 14.68,
            "price_fair": 595.42,
            "eps_avg_yearly": 17.44,
            "eps_latest_yearly": 27.24,
            "eps_growth_yearly": 24.15
        },
        "20194": {
            "year_quarter": 20194,
            "year": 2019,
            "quarter": 4,
            "eps": 6.81,
            "eps_growth_year": 36.43,
            "eps_4q": 24.31,
            "eps_4q_growth_year": 20.76,
            "roe": 9.25,
            "roe_4q": 34.59,
            "gross_profit": 452198,
            "gross_margin": 62.55,
            "gross_margin_4q_avg": 63.34,
            "net_income": 232762,
            "revenue": 722958,
            "common_shares": 341848,
            "book_valuer_per_share": 77.03,
            "book_valuer_per_share_4q_avg": 71.67,
            "equity": 2633386,
            "current_ratio": 364.04,
            "debt_ratio": 22.98,
            "inventory_turnover_ratio": 2.98,
            "account_receivable_turnover_ratio": 1.19,
            "reinvestment_rate": 3.14,
            "research_to_sale_ratio": 15.19,
            "price_fair": 647.59,
            "eps_avg_yearly": 18.5,
            "eps_latest_yearly": 27.24,
            "eps_growth_yearly": 31.96
        },
        "20201": {
            "year_quarter": 20201,
            "year": 2020,
            "quarter": 1,
            "eps": 6.39,
            "eps_growth_year": 17.68,
            "eps_4q": 19.89,
            "eps_4q_growth_year": 11.71,
            "roe": 9.03,
            "roe_4q": 36.11,
            "gross_profit": 457053,
            "gross_margin": 62.41,
            "gross_margin_4q_avg": 63.06,
            "net_income": 218206,
            "revenue": 732368,
            "common_shares": 342248,
            "book_valuer_per_share": 64.2,
            "book_valuer_per_share_4q_avg": 68.71,
            "equity": 2197132,
            "current_ratio": 183.59,
            "debt_ratio": 42.41,
            "inventory_turnover_ratio": 2.35,
            "account_receivable_turnover_ratio": 1.23,
            "reinvestment_rate": 5.13,
            "research_to_sale_ratio": 15.48,
            "price_fair": 678.74,
            "eps_avg_yearly": 19.39,
            "eps_latest_yearly": 25.56,
            "eps_growth_yearly": 27.68
        },
        "20202": {
            "year_quarter": 20202,
            "year": 2020,
            "quarter": 2,
            "eps": 9.46,
            "eps_growth_year": 77.82,
            "eps_4q": 23.16,
            "eps_4q_growth_year": 31.81,
            "roe": 13.66,
            "roe_4q": 42.15,
            "gross_profit": 562692,
            "gross_margin": 62.43,
            "gross_margin_4q_avg": 62.53,
            "net_income": 322765,
            "revenue": 901353,
            "common_shares": 342248,
            "book_valuer_per_share": 73.84,
            "book_valuer_per_share_4q_avg": 71.3,
            "equity": 2527144,
            "current_ratio": 226.18,
            "debt_ratio": 35.83,
            "inventory_turnover_ratio": 1.85,
            "account_receivable_turnover_ratio": 1.42,
            "reinvestment_rate": 4.24,
            "research_to_sale_ratio": 12.92,
            "price_fair": 736.31,
            "eps_avg_yearly": 21.04,
            "eps_latest_yearly": 37.84,
            "eps_growth_yearly": 39.25
        },
        "20203": {
            "year_quarter": 20203,
            "year": 2020,
            "quarter": 3,
            "eps": 6.82,
            "eps_growth_year": 0.15,
            "eps_4q": 29.34,
            "eps_4q_growth_year": 30.51,
            "roe": 8.81,
            "roe_4q": 40.75,
            "gross_profit": 466322,
            "gross_margin": 63.66,
            "gross_margin_4q_avg": 62.76,
            "net_income": 233130,
            "revenue": 732508,
            "common_shares": 343200,
            "book_valuer_per_share": 80.61,
            "book_valuer_per_share_4q_avg": 73.92,
            "equity": 2766632,
            "current_ratio": 296.53,
            "debt_ratio": 27.83,
            "inventory_turnover_ratio": 1.06,
            "account_receivable_turnover_ratio": 1.21,
            "reinvestment_rate": 3.95,
            "research_to_sale_ratio": 15.7,
            "price_fair": 763.7,
            "eps_avg_yearly": 21.82,
            "eps_latest_yearly": 27.28,
            "eps_growth_yearly": 25.24
        },
        "20204": {
            "year_quarter": 20204,
            "year": 2020,
            "quarter": 4,
            "eps": 6.72,
            "eps_growth_year": -1.32,
            "eps_4q": 29.27,
            "eps_4q_growth_year": 20.4,
            "roe": 7.99,
            "roe_4q": 39.49,
            "gross_profit": 449787,
            "gross_margin": 64.5,
            "gross_margin_4q_avg": 63.25,
            "net_income": 230588,
            "revenue": 697323,
            "common_shares": 343200,
            "book_valuer_per_share": 87.52,
            "book_valuer_per_share_4q_avg": 76.54,
            "equity": 3003678,
            "current_ratio": 453.73,
            "debt_ratio": 19.05,
            "inventory_turnover_ratio": 1.09,
            "account_receivable_turnover_ratio": 1.36,
            "reinvestment_rate": 3.81,
            "research_to_sale_ratio": 18.98,
            "price_fair": 676.54,
            "eps_avg_yearly": 22.41,
            "eps_latest_yearly": 26.88,
            "eps_growth_yearly": 20.2
        },
        "20211": {
            "year_quarter": 20211,
            "year": 2021,
            "quarter": 1,
            "eps": 7.21,
            "eps_growth_year": 12.83,
            "eps_4q": 22.89,
            "eps_4q_growth_year": 15.04,
            "roe": 9.02,
            "roe_4q": 39.480000000000004,
            "gross_profit": 479853,
            "gross_margin": 63.94,
            "gross_margin_4q_avg": 63.63,
            "net_income": 246830,
            "revenue": 750515,
            "common_shares": 343155,
            "book_valuer_per_share": 72,
            "book_valuer_per_share_4q_avg": 78.49,
            "equity": 2470795,
            "current_ratio": 196.27,
            "debt_ratio": 39.9,
            "inventory_turnover_ratio": 1.79,
            "account_receivable_turnover_ratio": 1.37,
            "reinvestment_rate": 6.95,
            "research_to_sale_ratio": 16.22,
            "price_fair": 820.66,
            "eps_avg_yearly": 23.45,
            "eps_latest_yearly": 28.84,
            "eps_growth_yearly": 29.67
        },
        "20212": {
            "year_quarter": 20212,
            "year": 2021,
            "quarter": 2,
            "eps": 8.81,
            "eps_growth_year": -6.87,
            "eps_4q": 22.41,
            "eps_4q_growth_year": -3.21,
            "roe": 11.49,
            "roe_4q": 37.31,
            "gross_profit": 598267,
            "gross_margin": 65.28,
            "gross_margin_4q_avg": 64.35,
            "net_income": 301469,
            "revenue": 916436,
            "common_shares": 343155,
            "book_valuer_per_share": 80.87,
            "book_valuer_per_share_4q_avg": 80.25,
            "equity": 2775001,
            "current_ratio": 205,
            "debt_ratio": 39.35,
            "inventory_turnover_ratio": 2.33,
            "account_receivable_turnover_ratio": 1.42,
            "reinvestment_rate": 6.8,
            "research_to_sale_ratio": 14.74,
            "price_fair": 864.94,
            "eps_avg_yearly": 24.71,
            "eps_latest_yearly": 35.24,
            "eps_growth_yearly": 29.38
        },
        "20213": {
            "year_quarter": 20213,
            "year": 2021,
            "quarter": 3,
            "eps": 10.04,
            "eps_growth_year": 47.21,
            "eps_4q": 32.68,
            "eps_4q_growth_year": 11.38,
            "roe": 11.67,
            "roe_4q": 40.17,
            "gross_profit": 615058,
            "gross_margin": 65.48,
            "gross_margin_4q_avg": 64.8,
            "net_income": 344262,
            "revenue": 939334,
            "common_shares": 343730,
            "book_valuer_per_share": 90.88,
            "book_valuer_per_share_4q_avg": 82.82,
            "equity": 3123971,
            "current_ratio": 297.82,
            "debt_ratio": 27.3,
            "inventory_turnover_ratio": 2.31,
            "account_receivable_turnover_ratio": 1.33,
            "reinvestment_rate": 6.84,
            "research_to_sale_ratio": 12.94,
            "price_fair": 912.45,
            "eps_avg_yearly": 26.07,
            "eps_latest_yearly": 40.16,
            "eps_growth_yearly": 27.13
        },
        "20214": {
            "year_quarter": 20214,
            "year": 2021,
            "quarter": 4,
            "eps": 12.23,
            "eps_growth_year": 82.04,
            "eps_4q": 38.2,
            "eps_4q_growth_year": 30.49,
            "roe": 12.6,
            "roe_4q": 44.78,
            "gross_profit": 682380,
            "gross_margin": 66.16,
            "gross_margin_4q_avg": 65.22,
            "net_income": 420364,
            "revenue": 1031347,
            "common_shares": 343694,
            "book_valuer_per_share": 103.18,
            "book_valuer_per_share_4q_avg": 86.73,
            "equity": 3546206,
            "current_ratio": 376.8,
            "debt_ratio": 22.18,
            "inventory_turnover_ratio": 2.32,
            "account_receivable_turnover_ratio": 1.35,
            "reinvestment_rate": 5.69,
            "research_to_sale_ratio": 12.4,
            "price_fair": 982.01,
            "eps_avg_yearly": 28.06,
            "eps_latest_yearly": 48.92,
            "eps_growth_yearly": 34.38
        },
        "20221": {
            "year_quarter": 20221,
            "year": 2022,
            "quarter": 1,
            "eps": 13.64,
            "eps_growth_year": 89.18,
            "eps_4q": 31.63,
            "eps_4q_growth_year": 38.2,
            "roe": 14.41,
            "roe_4q": 50.17,
            "gross_profit": 756645,
            "gross_margin": 65.71,
            "gross_margin_4q_avg": 65.66,
            "net_income": 468065,
            "revenue": 1151509,
            "common_shares": 343551,
            "book_valuer_per_share": 85.87,
            "book_valuer_per_share_4q_avg": 90.2,
            "equity": 2949987,
            "current_ratio": 192.63,
            "debt_ratio": 43.52,
            "inventory_turnover_ratio": 2.14,
            "account_receivable_turnover_ratio": 1.28,
            "reinvestment_rate": 4.44,
            "research_to_sale_ratio": 11.99,
            "price_fair": 1067.68,
            "eps_avg_yearly": 30.51,
            "eps_latest_yearly": 54.56,
            "eps_growth_yearly": 39.77
        },
        "20222": {
            "year_quarter": 20222,
            "year": 2022,
            "quarter": 2,
            "eps": 14.9,
            "eps_growth_year": 69.13,
            "eps_4q": 34.58,
            "eps_4q_growth_year": 54.28,
            "roe": 17.44,
            "roe_4q": 56.120000000000005,
            "gross_profit": 928983,
            "gross_margin": 65.18,
            "gross_margin_4q_avg": 65.63,
            "net_income": 563412,
            "revenue": 1425332,
            "common_shares": 343551,
            "book_valuer_per_share": 102.25,
            "book_valuer_per_share_4q_avg": 95.55,
            "equity": 3512905,
            "current_ratio": 210.68,
            "debt_ratio": 40.96,
            "inventory_turnover_ratio": 2.08,
            "account_receivable_turnover_ratio": 1.29,
            "reinvestment_rate": 3.86,
            "research_to_sale_ratio": 11.27,
            "price_fair": 1148.88,
            "eps_avg_yearly": 32.83,
            "eps_latest_yearly": 59.6,
            "eps_growth_yearly": 30.59
        },
        "20223": {
            "year_quarter": 20223,
            "year": 2022,
            "quarter": 3,
            "eps": 15.83,
            "eps_growth_year": 57.67,
            "eps_4q": 54.11,
            "eps_4q_growth_year": 65.61,
            "roe": 15.67,
            "roe_4q": 60.12,
            "gross_profit": 845837,
            "gross_margin": 64.74,
            "gross_margin_4q_avg": 65.45,
            "net_income": 598343,
            "revenue": 1306580,
            "common_shares": 378871,
            "book_valuer_per_share": 108.86,
            "book_valuer_per_share_4q_avg": 100.04,
            "equity": 4124329,
            "current_ratio": 381.49,
            "debt_ratio": 22.96,
            "inventory_turnover_ratio": 1.45,
            "account_receivable_turnover_ratio": 1.2,
            "reinvestment_rate": 3.99,
            "research_to_sale_ratio": 13.05,
            "price_fair": 1237.34,
            "eps_avg_yearly": 35.35,
            "eps_latest_yearly": 63.32,
            "eps_growth_yearly": 31.7
        },
        "20224": {
            "year_quarter": 20224,
            "year": 2022,
            "quarter": 4,
            "eps": 12.58,
            "eps_growth_year": 2.86,
            "eps_4q": 55.67,
            "eps_4q_growth_year": 45.74,
            "roe": 11.05,
            "roe_4q": 58.56999999999999,
            "gross_profit": 859687,
            "gross_margin": 64.8,
            "gross_margin_4q_avg": 65.11,
            "net_income": 475794,
            "revenue": 1326707,
            "common_shares": 378207,
            "book_valuer_per_share": 118.66,
            "book_valuer_per_share_4q_avg": 103.91,
            "equity": 4487751,
            "current_ratio": 345.12,
            "debt_ratio": 24.28,
            "inventory_turnover_ratio": 1.21,
            "account_receivable_turnover_ratio": 1.38,
            "reinvestment_rate": 3.91,
            "research_to_sale_ratio": 11.95,
            "price_fair": 1303.75,
            "eps_avg_yearly": 37.25,
            "eps_latest_yearly": 50.32,
            "eps_growth_yearly": 29.76
        },
        "20231": {
            "year_quarter": 20231,
            "year": 2023,
            "quarter": 1,
            "eps": 4.93,
            "eps_growth_year": -63.86,
            "eps_4q": 48.22,
            "eps_4q_growth_year": 52.47,
            "roe": 4.99,
            "roe_4q": 49.150000000000006,
            "gross_profit": 429994,
            "gross_margin": 64.24,
            "gross_margin_4q_avg": 64.74,
            "net_income": 186309,
            "revenue": 669396,
            "common_shares": 378207,
            "book_valuer_per_share": 78.93,
            "book_valuer_per_share_4q_avg": 102.18,
            "equity": 2985360,
            "current_ratio": 171.51,
            "debt_ratio": 48.35,
            "inventory_turnover_ratio": 0.59,
            "account_receivable_turnover_ratio": 0.9,
            "reinvestment_rate": 3.68,
            "research_to_sale_ratio": 22.37,
            "price_fair": 829.83,
            "eps_avg_yearly": 37.13,
            "eps_latest_yearly": 19.72,
            "eps_growth_yearly": 12.35
        }
    },
    "months": {
        "2012-05": {
            "month": "2012-05",
            "price": "82.40",
            "revenue": 42761
        },
        "2012-06": {
            "month": "2012-06",
            "price": "81.49",
            "revenue": 42317
        },
        "2012-07": {
            "month": "2012-07",
            "price": "82.23",
            "revenue": 45794
        },
        "2012-08": {
            "month": "2012-08",
            "price": "89.66",
            "revenue": 41740
        },
        "2012-09": {
            "month": "2012-09",
            "price": "100.51",
            "revenue": 47842
        },
        "2012-10": {
            "month": "2012-10",
            "price": "119.10",
            "revenue": 46536
        },
        "2012-11": {
            "month": "2012-11",
            "price": "114.93",
            "revenue": 53633
        },
        "2012-12": {
            "month": "2012-12",
            "price": "106.93",
            "revenue": 41717
        },
        "2013-01": {
            "month": "2013-01",
            "price": "110.58",
            "revenue": 43679
        },
        "2013-02": {
            "month": "2013-02",
            "price": "127.17",
            "revenue": 40217
        },
        "2013-03": {
            "month": "2013-03",
            "price": "150.39",
            "revenue": 54813
        },
        "2013-04": {
            "month": "2013-04",
            "price": "179.00",
            "revenue": 55106
        },
        "2013-05": {
            "month": "2013-05",
            "price": "161.30",
            "revenue": 51164
        },
        "2013-06": {
            "month": "2013-06",
            "price": "152.21",
            "revenue": 49552
        },
        "2013-07": {
            "month": "2013-07",
            "price": "157.13",
            "revenue": 46235
        },
        "2013-08": {
            "month": "2013-08",
            "price": "169.24",
            "revenue": 55005
        },
        "2013-09": {
            "month": "2013-09",
            "price": "170.88",
            "revenue": 46948
        },
        "2013-10": {
            "month": "2013-10",
            "price": "150.91",
            "revenue": 47430
        },
        "2013-11": {
            "month": "2013-11",
            "price": "155.64",
            "revenue": 50111
        },
        "2013-12": {
            "month": "2013-12",
            "price": "181.68",
            "revenue": 50541
        },
        "2014-01": {
            "month": "2014-01",
            "price": "204.14",
            "revenue": 60384
        },
        "2014-02": {
            "month": "2014-02",
            "price": "209.85",
            "revenue": 55190
        },
        "2014-03": {
            "month": "2014-03",
            "price": "265.36",
            "revenue": 62431
        },
        "2014-04": {
            "month": "2014-04",
            "price": "267.29",
            "revenue": 70316
        },
        "2014-05": {
            "month": "2014-05",
            "price": "256.24",
            "revenue": 80936
        },
        "2014-06": {
            "month": "2014-06",
            "price": "270.98",
            "revenue": 77263
        },
        "2014-07": {
            "month": "2014-07",
            "price": "249.75",
            "revenue": 77278
        },
        "2014-08": {
            "month": "2014-08",
            "price": "226.98",
            "revenue": 67417
        },
        "2014-09": {
            "month": "2014-09",
            "price": "224.17",
            "revenue": 67540
        },
        "2014-10": {
            "month": "2014-10",
            "price": "228.02",
            "revenue": 70177
        },
        "2014-11": {
            "month": "2014-11",
            "price": "246.78",
            "revenue": 82308
        },
        "2014-12": {
            "month": "2014-12",
            "price": "275.23",
            "revenue": 84672
        },
        "2015-01": {
            "month": "2015-01",
            "price": "275.35",
            "revenue": 100432
        },
        "2015-02": {
            "month": "2015-02",
            "price": "293.04",
            "revenue": 75686
        },
        "2015-03": {
            "month": "2015-03",
            "price": "313.02",
            "revenue": 66320
        },
        "2015-04": {
            "month": "2015-04",
            "price": "290.08",
            "revenue": 72242
        },
        "2015-05": {
            "month": "2015-05",
            "price": "286.45",
            "revenue": 62497
        },
        "2015-06": {
            "month": "2015-06",
            "price": "328.71",
            "revenue": 71486
        },
        "2015-07": {
            "month": "2015-07",
            "price": "322.05",
            "revenue": 95807
        },
        "2015-08": {
            "month": "2015-08",
            "price": "269.81",
            "revenue": 93240
        },
        "2015-09": {
            "month": "2015-09",
            "price": "299.80",
            "revenue": 96555
        },
        "2015-10": {
            "month": "2015-10",
            "price": "331.98",
            "revenue": 85278
        },
        "2015-11": {
            "month": "2015-11",
            "price": "354.43",
            "revenue": 85998
        },
        "2015-12": {
            "month": "2015-12",
            "price": "337.87",
            "revenue": 87016
        },
        "2016-01": {
            "month": "2016-01",
            "price": "323.55",
            "revenue": 101138
        },
        "2016-02": {
            "month": "2016-02",
            "price": "344.04",
            "revenue": 80030
        },
        "2016-03": {
            "month": "2016-03",
            "price": "351.09",
            "revenue": 105284
        },
        "2016-04": {
            "month": "2016-04",
            "price": "314.37",
            "revenue": 105681
        },
        "2016-05": {
            "month": "2016-05",
            "price": "316.68",
            "revenue": 105944
        },
        "2016-06": {
            "month": "2016-06",
            "price": "305.62",
            "revenue": 90601
        },
        "2016-07": {
            "month": "2016-07",
            "price": "312.18",
            "revenue": 113979
        },
        "2016-08": {
            "month": "2016-08",
            "price": "338.33",
            "revenue": 131556
        },
        "2016-09": {
            "month": "2016-09",
            "price": "402.24",
            "revenue": 137091
        },
        "2016-10": {
            "month": "2016-10",
            "price": "450.08",
            "revenue": 130386
        },
        "2016-11": {
            "month": "2016-11",
            "price": "451.09",
            "revenue": 137845
        },
        "2016-12": {
            "month": "2016-12",
            "price": "465.39",
            "revenue": 106143
        },
        "2017-01": {
            "month": "2017-01",
            "price": "445.91",
            "revenue": 174534
        },
        "2017-02": {
            "month": "2017-02",
            "price": "471.31",
            "revenue": 131539
        },
        "2017-03": {
            "month": "2017-03",
            "price": "519.59",
            "revenue": 146903
        },
        "2017-04": {
            "month": "2017-04",
            "price": "572.22",
            "revenue": 160967
        },
        "2017-05": {
            "month": "2017-05",
            "price": "656.75",
            "revenue": 133199
        },
        "2017-06": {
            "month": "2017-06",
            "price": "658.61",
            "revenue": 151444
        },
        "2017-07": {
            "month": "2017-07",
            "price": "715.00",
            "revenue": 156661
        },
        "2017-08": {
            "month": "2017-08",
            "price": "681.39",
            "revenue": 175033
        },
        "2017-09": {
            "month": "2017-09",
            "price": "674.64",
            "revenue": 168552
        },
        "2017-10": {
            "month": "2017-10",
            "price": "678.32",
            "revenue": 152618
        },
        "2017-11": {
            "month": "2017-11",
            "price": "688.00",
            "revenue": 170281
        },
        "2017-12": {
            "month": "2017-12",
            "price": "681.57",
            "revenue": 172463
        },
        "2018-01": {
            "month": "2018-01",
            "price": "760.27",
            "revenue": 186093
        },
        "2018-02": {
            "month": "2018-02",
            "price": "759.62",
            "revenue": 151588
        },
        "2018-03": {
            "month": "2018-03",
            "price": "849.35",
            "revenue": 200572
        },
        "2018-04": {
            "month": "2018-04",
            "price": "874.28",
            "revenue": 201077
        },
        "2018-05": {
            "month": "2018-05",
            "price": "835.91",
            "revenue": 171374
        },
        "2018-06": {
            "month": "2018-06",
            "price": "899.60",
            "revenue": 175430
        },
        "2018-07": {
            "month": "2018-07",
            "price": "761.27",
            "revenue": 201214
        },
        "2018-08": {
            "month": "2018-08",
            "price": "752.13",
            "revenue": 200623
        },
        "2018-09": {
            "month": "2018-09",
            "price": "712.79",
            "revenue": 181499
        },
        "2018-10": {
            "month": "2018-10",
            "price": "427.98",
            "revenue": 156106
        },
        "2018-11": {
            "month": "2018-11",
            "price": "514.68",
            "revenue": 171990
        },
        "2018-12": {
            "month": "2018-12",
            "price": "566.81",
            "revenue": 155954
        },
        "2019-01": {
            "month": "2019-01",
            "price": "594.05",
            "revenue": 208513
        },
        "2019-02": {
            "month": "2019-02",
            "price": "687.62",
            "revenue": 160961
        },
        "2019-03": {
            "month": "2019-03",
            "price": "730.70",
            "revenue": 181652
        },
        "2019-04": {
            "month": "2019-04",
            "price": "657.45",
            "revenue": 190774
        },
        "2019-05": {
            "month": "2019-05",
            "price": "618.00",
            "revenue": 162837
        },
        "2019-06": {
            "month": "2019-06",
            "price": "615.89",
            "revenue": 169331
        },
        "2019-07": {
            "month": "2019-07",
            "price": "651.13",
            "revenue": 214580
        },
        "2019-08": {
            "month": "2019-08",
            "price": "751.33",
            "revenue": 228164
        },
        "2019-09": {
            "month": "2019-09",
            "price": "812.79",
            "revenue": 244526
        },
        "2019-10": {
            "month": "2019-10",
            "price": "799.48",
            "revenue": 234921
        },
        "2019-11": {
            "month": "2019-11",
            "price": "848.57",
            "revenue": 223792
        },
        "2019-12": {
            "month": "2019-12",
            "price": "931.77",
            "revenue": 264245
        },
        "2020-01": {
            "month": "2020-01",
            "price": "976.00",
            "revenue": 231751
        },
        "2020-02": {
            "month": "2020-02",
            "price": "932.11",
            "revenue": 242944
        },
        "2020-03": {
            "month": "2020-03",
            "price": "1045.32",
            "revenue": 257673
        },
        "2020-04": {
            "month": "2020-04",
            "price": "1105.00",
            "revenue": 273563
        },
        "2020-05": {
            "month": "2020-05",
            "price": "1316.75",
            "revenue": 302414
        },
        "2020-06": {
            "month": "2020-06",
            "price": "1317.75",
            "revenue": 325375
        },
        "2020-07": {
            "month": "2020-07",
            "price": "1255.87",
            "revenue": 322203
        },
        "2020-08": {
            "month": "2020-08",
            "price": "1158.81",
            "revenue": 203058
        },
        "2020-09": {
            "month": "2020-09",
            "price": "1202.05",
            "revenue": 207247
        },
        "2020-10": {
            "month": "2020-10",
            "price": "1362.63",
            "revenue": 188741
        },
        "2020-11": {
            "month": "2020-11",
            "price": "1339.76",
            "revenue": 228037
        },
        "2020-12": {
            "month": "2020-12",
            "price": "1609.13",
            "revenue": 280545
        },
        "2021-01": {
            "month": "2021-01",
            "price": "2004.75",
            "revenue": 238148
        },
        "2021-02": {
            "month": "2021-02",
            "price": "2008.85",
            "revenue": 252026
        },
        "2021-03": {
            "month": "2021-03",
            "price": "1737.50",
            "revenue": 260341
        },
        "2021-04": {
            "month": "2021-04",
            "price": "1937.37",
            "revenue": 282572
        },
        "2021-05": {
            "month": "2021-05",
            "price": "2035.24",
            "revenue": 304950
        },
        "2021-06": {
            "month": "2021-06",
            "price": "2137.86",
            "revenue": 328914
        },
        "2021-07": {
            "month": "2021-07",
            "price": "2292.95",
            "revenue": 329494
        },
        "2021-08": {
            "month": "2021-08",
            "price": "2167.50",
            "revenue": 303639
        },
        "2021-09": {
            "month": "2021-09",
            "price": "2281.00",
            "revenue": 306201
        },
        "2021-10": {
            "month": "2021-10",
            "price": "2409.00",
            "revenue": 355983
        },
        "2021-11": {
            "month": "2021-11",
            "price": "2919.77",
            "revenue": 304711
        },
        "2021-12": {
            "month": "2021-12",
            "price": "3315.45",
            "revenue": 370653
        },
        "2022-01": {
            "month": "2022-01",
            "price": "3143.33",
            "revenue": 384525
        },
        "2022-02": {
            "month": "2022-02",
            "price": "2975.67",
            "revenue": 334015
        },
        "2022-03": {
            "month": "2022-03",
            "price": "2913.26",
            "revenue": 432969
        },
        "2022-04": {
            "month": "2022-04",
            "price": "3002.63",
            "revenue": 454221
        },
        "2022-05": {
            "month": "2022-05",
            "price": "2434.29",
            "revenue": 465679
        },
        "2022-06": {
            "month": "2022-06",
            "price": "2259.52",
            "revenue": 505432
        },
        "2022-07": {
            "month": "2022-07",
            "price": "1765.00",
            "revenue": 427488
        },
        "2022-08": {
            "month": "2022-08",
            "price": "1875.87",
            "revenue": 402600
        },
        "2022-09": {
            "month": "2022-09",
            "price": "1884.05",
            "revenue": 476492
        },
        "2022-10": {
            "month": "2022-10",
            "price": "1666.75",
            "revenue": 516534
        },
        "2022-11": {
            "month": "2022-11",
            "price": "2054.32",
            "revenue": 419387
        },
        "2022-12": {
            "month": "2022-12",
            "price": "1939.55",
            "revenue": 390786
        },
        "2023-01": {
            "month": "2023-01",
            "price": "1921.92",
            "revenue": 220450
        },
        "2023-02": {
            "month": "2023-02",
            "price": "2346.67",
            "revenue": 223106
        },
        "2023-03": {
            "month": "2023-03",
            "price": "2724.13",
            "revenue": 225840
        },
        "2023-04": {
            "month": "2023-04",
            "price": "2715.29",
            "revenue": 228014
        }
    }
}
