{
    "summary": {
        "stock_name": "達輝-KY",
        "stock_id": "5276",
        "category": "其他",
        "main_business": "汽、機車專用配線束<br>機車位置燈、機車儀錶<br>汽車嬰兒安全設備",
        "website_url": "http://www.da-hui.com.tw",
        "ceo": "徐盟傑",
        "pe_ratio": 100,
        "report_year_from": 2012,
        "report_year_to": 2023,
        "age": 11,
        "eps_negative_percentage": 20,
        "eps_growth_avg": {
            "last_all": 9.81,
            "last_2y": 64.66,
            "last_4y": 32.33,
            "last_8y": null,
            "last_12y": null,
            "last_16y": null,
            "last_20y": null,
            "at_2006_last_3y": null,
            "at_2007_last_3y": null,
            "at_2008_last_3y": null,
            "at_2009_last_3y": null,
            "at_2010_last_3y": null,
            "at_2011_last_3y": null,
            "at_2012_last_3y": null,
            "at_2013_last_3y": null,
            "at_2014_last_3y": null,
            "at_2015_last_3y": null,
            "at_2016_last_3y": null,
            "at_2017_last_3y": null,
            "at_2018_last_3y": 9.83,
            "at_2019_last_3y": -23.61,
            "at_2020_last_3y": -29.25,
            "at_2021_last_3y": 33.33,
            "at_2022_last_3y": 9.77,
            "at_2023_last_3y": 9.77,
            "at_2006_last_all": null,
            "at_2007_last_all": null,
            "at_2008_last_all": null,
            "at_2009_last_all": null,
            "at_2010_last_all": null,
            "at_2011_last_all": null,
            "at_2012_last_all": null,
            "at_2013_last_all": null,
            "at_2014_last_all": null,
            "at_2015_last_all": null,
            "at_2016_last_all": 13.55,
            "at_2017_last_all": -20.22,
            "at_2018_last_all": 9.83,
            "at_2019_last_all": -12.13,
            "at_2020_last_all": -12.13,
            "at_2021_last_all": 6.56,
            "at_2022_last_all": 9.81,
            "at_2023_last_all": 9.81
        },
        "latest_eps": 0.13,
        "latest_price": 14,
        "latest_roe": 0.97,
        "latest_gross_margin": 13.04,
        "latest_equity": 519687,
        "latest_revenue": 205278,
        "latest_gross_profit": 26760,
        "latest_net_income": -19532,
        "latest_debt_ratio": 36,
        "latest_current_ratio": 179.23,
        "latest_account_receivable_turnover_ratio": 1.13,
        "latest_inventory_turnover_ratio": 1.06,
        "latest_reinvestment_rate": -151.48,
        "latest_research_to_sale_ratio": 0.39
    },
    "eps_dividends": {
        "2001": {
            "cash": 0,
            "stock": 0,
            "eps": 0
        },
        "2002": {
            "cash": 0,
            "stock": 0,
            "eps": 0
        },
        "2003": {
            "cash": 0,
            "stock": 0,
            "eps": 0
        },
        "2004": {
            "cash": 0,
            "stock": 0,
            "eps": 0
        },
        "2005": {
            "cash": 0,
            "stock": 0,
            "eps": 0
        },
        "2006": {
            "cash": 0,
            "stock": 0,
            "eps": 0
        },
        "2007": {
            "cash": 0,
            "stock": 0,
            "eps": 0
        },
        "2008": {
            "cash": 0,
            "stock": 0,
            "eps": 0
        },
        "2009": {
            "cash": 0,
            "stock": 0,
            "eps": 0
        },
        "2010": {
            "cash": 0,
            "stock": 0,
            "eps": 0
        },
        "2011": {
            "cash": 0,
            "stock": 0,
            "eps": 0
        },
        "2012": {
            "cash": 0,
            "stock": 0,
            "eps": 0
        },
        "2013": {
            "cash": 0,
            "stock": 0,
            "eps": 0
        },
        "2014": {
            "cash": 0,
            "stock": 0,
            "eps": 1.57
        },
        "2015": {
            "cash": 2,
            "stock": 0,
            "eps": 2.1
        },
        "2016": {
            "cash": 2,
            "stock": 0,
            "eps": 1.96
        },
        "2017": {
            "cash": 2,
            "stock": 0,
            "eps": 0.24
        },
        "2018": {
            "cash": 0.67,
            "stock": 0,
            "eps": 0.62
        },
        "2019": {
            "cash": 0.54,
            "stock": 0,
            "eps": -0.3
        },
        "2020": {
            "cash": 0,
            "stock": 0,
            "eps": 0.19
        },
        "2021": {
            "cash": 0,
            "stock": 0,
            "eps": 0.58
        },
        "2022": {
            "cash": 0.11,
            "stock": 0,
            "eps": 0.75
        },
        "2023": {
            "cash": 0.6,
            "stock": 0,
            "eps": -0.51
        }
    },
    "dividends": {
        "2015-07-20": {
            "cash": 2,
            "stock": 0
        },
        "2016-08-05": {
            "cash": 2,
            "stock": 0
        },
        "2017-08-04": {
            "cash": 2,
            "stock": 0
        },
        "2018-08-01": {
            "cash": 0.67,
            "stock": 0
        },
        "2019-08-01": {
            "cash": 0.54,
            "stock": 0
        },
        "2022-09-02": {
            "cash": 0.11,
            "stock": 0
        },
        "2023-09-08": {
            "cash": 0.6,
            "stock": 0
        }
    },
    "prices": {
        "200101": "無",
        "200102": "無",
        "200103": "無",
        "200104": "無",
        "200105": "無",
        "200106": "無",
        "200107": "無",
        "200108": "無",
        "200109": "無",
        "200110": "無",
        "200111": "無",
        "200112": "無",
        "200201": "無",
        "200202": "無",
        "200203": "無",
        "200204": "無",
        "200205": "無",
        "200206": "無",
        "200207": "無",
        "200208": "無",
        "200209": "無",
        "200210": "無",
        "200211": "無",
        "200212": "無",
        "200301": "無",
        "200302": "無",
        "200303": "無",
        "200304": "無",
        "200305": "無",
        "200306": "無",
        "200307": "無",
        "200308": "無",
        "200309": "無",
        "200310": "無",
        "200311": "無",
        "200312": "無",
        "200401": "無",
        "200402": "無",
        "200403": "無",
        "200404": "無",
        "200405": "無",
        "200406": "無",
        "200407": "無",
        "200408": "無",
        "200409": "無",
        "200410": "無",
        "200411": "無",
        "200412": "無",
        "200501": "無",
        "200502": "無",
        "200503": "無",
        "200504": "無",
        "200505": "無",
        "200506": "無",
        "200507": "無",
        "200508": "無",
        "200509": "無",
        "200510": "無",
        "200511": "無",
        "200512": "無",
        "200601": "無",
        "200602": "無",
        "200603": "無",
        "200604": "無",
        "200605": "無",
        "200606": "無",
        "200607": "無",
        "200608": "無",
        "200609": "無",
        "200610": "無",
        "200611": "無",
        "200612": "無",
        "200701": "無",
        "200702": "無",
        "200703": "無",
        "200704": "無",
        "200705": "無",
        "200706": "無",
        "200707": "無",
        "200708": "無",
        "200709": "無",
        "200710": "無",
        "200711": "無",
        "200712": "無",
        "200801": "無",
        "200802": "無",
        "200803": "無",
        "200804": "無",
        "200805": "無",
        "200806": "無",
        "200807": "無",
        "200808": "無",
        "200809": "無",
        "200810": "無",
        "200811": "無",
        "200812": "無",
        "200901": "無",
        "200902": "無",
        "200903": "無",
        "200904": "無",
        "200905": "無",
        "200906": "無",
        "200907": "無",
        "200908": "無",
        "200909": "無",
        "200910": "無",
        "200911": "無",
        "200912": "無",
        "201001": "無",
        "201002": "無",
        "201003": "無",
        "201004": "無",
        "201005": "無",
        "201006": "無",
        "201007": "無",
        "201008": "無",
        "201009": "無",
        "201010": "無",
        "201011": "無",
        "201012": "無",
        "201101": "無",
        "201102": "無",
        "201103": "無",
        "201104": "無",
        "201105": "無",
        "201106": "無",
        "201107": "無",
        "201108": "無",
        "201109": "無",
        "201110": "無",
        "201111": "無",
        "201112": "無",
        "201201": "無",
        "201202": "無",
        "201203": "無",
        "201204": "無",
        "201205": "無",
        "201206": "無",
        "201207": "無",
        "201208": "無",
        "201209": "無",
        "201210": "無",
        "201211": "無",
        "201212": "無",
        "201301": "無",
        "201302": "無",
        "201303": "無",
        "201304": "無",
        "201305": "無",
        "201306": "無",
        "201307": "無",
        "201308": "無",
        "201309": "無",
        "201310": "無",
        "201311": "無",
        "201312": "無",
        "201401": "無",
        "201402": "無",
        "201403": "無",
        "201404": "無",
        "201405": "無",
        "201406": "33.66",
        "201407": "31.10",
        "201408": "26.88",
        "201409": "27.80",
        "201410": "24.60",
        "201411": "23.24",
        "201412": "23.77",
        "201501": "23.72",
        "201502": "23.19",
        "201503": "23.27",
        "201504": "23.96",
        "201505": "23.93",
        "201506": "23.77",
        "201507": "23.09",
        "201508": "20.08",
        "201509": "20.14",
        "201510": "20.26",
        "201511": "22.74",
        "201512": "22.06",
        "201601": "20.75",
        "201602": "21.40",
        "201603": "22.75",
        "201604": "26.76",
        "201605": "23.54",
        "201606": "23.72",
        "201607": "23.49",
        "201608": "21.36",
        "201609": "21.66",
        "201610": "21.91",
        "201611": "21.07",
        "201612": "22.62",
        "201701": "23.67",
        "201702": "28.62",
        "201703": "27.25",
        "201704": "25.62",
        "201705": "25.30",
        "201706": "25.61",
        "201707": "23.43",
        "201708": "22.52",
        "201709": "22.34",
        "201710": "22.16",
        "201711": "21.93",
        "201712": "20.13",
        "201801": "20.03",
        "201802": "19.56",
        "201803": "19.38",
        "201804": "18.26",
        "201805": "16.43",
        "201806": "15.86",
        "201807": "16.62",
        "201808": "15.39",
        "201809": "14.08",
        "201810": "11.45",
        "201811": "10.19",
        "201812": "10.56",
        "201901": "11.47",
        "201902": "12.38",
        "201903": "12.45",
        "201904": "13.03",
        "201905": "12.59",
        "201906": "13.93",
        "201907": "13.67",
        "201908": "12.70",
        "201909": "12.45",
        "201910": "12.25",
        "201911": "11.78",
        "201912": "11.42",
        "202001": "11.49",
        "202002": "10.87",
        "202003": "9.26",
        "202004": "9.13",
        "202005": "9.00",
        "202006": "8.16",
        "202007": "9.10",
        "202008": "9.33",
        "202009": "10.29",
        "202010": "14.12",
        "202011": "14.74",
        "202012": "15.18",
        "202101": "16.16",
        "202102": "17.10",
        "202103": "18.59",
        "202104": "20.61",
        "202105": "17.70",
        "202106": "16.41",
        "202107": "15.71",
        "202108": "15.77",
        "202109": "15.59",
        "202110": "16.27",
        "202111": "16.27",
        "202112": "15.89",
        "202201": "14.70",
        "202202": "14.98",
        "202203": "12.79",
        "202204": "12.84",
        "202205": "12.65",
        "202206": "14.10",
        "202207": "15.27",
        "202208": "14.89",
        "202209": "14.07",
        "202210": "13.38",
        "202211": "13.21",
        "202212": "14.19",
        "202301": "14.40",
        "202302": "14.62",
        "202303": "15.92",
        "202304": "15.75",
        "202305": "14.39",
        "202306": "17.27",
        "202307": "16.77",
        "202308": "16.00",
        "202309": "14.19"
    },
    "quarters": {
        "20011": {
            "year_quarter": 20011,
            "year": 2001,
            "quarter": 1,
            "eps": null,
            "eps_growth_year": null,
            "eps_4q": null,
            "eps_4q_growth_year": null,
            "roe": null,
            "roe_4q": 0,
            "gross_profit": null,
            "gross_margin": null,
            "gross_margin_4q_avg": 0,
            "net_income": null,
            "revenue": null,
            "common_shares": null,
            "book_valuer_per_share": null,
            "book_valuer_per_share_4q_avg": 0,
            "equity": null,
            "current_ratio": null,
            "debt_ratio": null,
            "inventory_turnover_ratio": null,
            "account_receivable_turnover_ratio": null,
            "reinvestment_rate": null,
            "research_to_sale_ratio": null,
            "price_fair": 0,
            "eps_avg_yearly": 0,
            "eps_latest_yearly": 0,
            "eps_growth_yearly": 0
        },
        "20012": {
            "year_quarter": 20012,
            "year": 2001,
            "quarter": 2,
            "eps": null,
            "eps_growth_year": null,
            "eps_4q": null,
            "eps_4q_growth_year": null,
            "roe": null,
            "roe_4q": 0,
            "gross_profit": null,
            "gross_margin": null,
            "gross_margin_4q_avg": 0,
            "net_income": null,
            "revenue": null,
            "common_shares": null,
            "book_valuer_per_share": null,
            "book_valuer_per_share_4q_avg": 0,
            "equity": null,
            "current_ratio": null,
            "debt_ratio": null,
            "inventory_turnover_ratio": null,
            "account_receivable_turnover_ratio": null,
            "reinvestment_rate": null,
            "research_to_sale_ratio": null,
            "price_fair": 0,
            "eps_avg_yearly": 0,
            "eps_latest_yearly": 0,
            "eps_growth_yearly": 0
        },
        "20013": {
            "year_quarter": 20013,
            "year": 2001,
            "quarter": 3,
            "eps": null,
            "eps_growth_year": null,
            "eps_4q": null,
            "eps_4q_growth_year": null,
            "roe": null,
            "roe_4q": 0,
            "gross_profit": null,
            "gross_margin": null,
            "gross_margin_4q_avg": 0,
            "net_income": null,
            "revenue": null,
            "common_shares": null,
            "book_valuer_per_share": null,
            "book_valuer_per_share_4q_avg": 0,
            "equity": null,
            "current_ratio": null,
            "debt_ratio": null,
            "inventory_turnover_ratio": null,
            "account_receivable_turnover_ratio": null,
            "reinvestment_rate": null,
            "research_to_sale_ratio": null,
            "price_fair": 0,
            "eps_avg_yearly": 0,
            "eps_latest_yearly": 0,
            "eps_growth_yearly": 0
        },
        "20014": {
            "year_quarter": 20014,
            "year": 2001,
            "quarter": 4,
            "eps": null,
            "eps_growth_year": null,
            "eps_4q": null,
            "eps_4q_growth_year": null,
            "roe": null,
            "roe_4q": 0,
            "gross_profit": null,
            "gross_margin": null,
            "gross_margin_4q_avg": 0,
            "net_income": null,
            "revenue": null,
            "common_shares": null,
            "book_valuer_per_share": null,
            "book_valuer_per_share_4q_avg": 0,
            "equity": null,
            "current_ratio": null,
            "debt_ratio": null,
            "inventory_turnover_ratio": null,
            "account_receivable_turnover_ratio": null,
            "reinvestment_rate": null,
            "research_to_sale_ratio": null,
            "price_fair": 0,
            "eps_avg_yearly": 0,
            "eps_latest_yearly": 0,
            "eps_growth_yearly": 0
        },
        "20021": {
            "year_quarter": 20021,
            "year": 2002,
            "quarter": 1,
            "eps": null,
            "eps_growth_year": null,
            "eps_4q": null,
            "eps_4q_growth_year": null,
            "roe": null,
            "roe_4q": 0,
            "gross_profit": null,
            "gross_margin": null,
            "gross_margin_4q_avg": 0,
            "net_income": null,
            "revenue": null,
            "common_shares": null,
            "book_valuer_per_share": null,
            "book_valuer_per_share_4q_avg": 0,
            "equity": null,
            "current_ratio": null,
            "debt_ratio": null,
            "inventory_turnover_ratio": null,
            "account_receivable_turnover_ratio": null,
            "reinvestment_rate": null,
            "research_to_sale_ratio": null,
            "price_fair": 0,
            "eps_avg_yearly": 0,
            "eps_latest_yearly": 0,
            "eps_growth_yearly": 0
        },
        "20022": {
            "year_quarter": 20022,
            "year": 2002,
            "quarter": 2,
            "eps": null,
            "eps_growth_year": null,
            "eps_4q": null,
            "eps_4q_growth_year": null,
            "roe": null,
            "roe_4q": 0,
            "gross_profit": null,
            "gross_margin": null,
            "gross_margin_4q_avg": 0,
            "net_income": null,
            "revenue": null,
            "common_shares": null,
            "book_valuer_per_share": null,
            "book_valuer_per_share_4q_avg": 0,
            "equity": null,
            "current_ratio": null,
            "debt_ratio": null,
            "inventory_turnover_ratio": null,
            "account_receivable_turnover_ratio": null,
            "reinvestment_rate": null,
            "research_to_sale_ratio": null,
            "price_fair": 0,
            "eps_avg_yearly": 0,
            "eps_latest_yearly": 0,
            "eps_growth_yearly": 0
        },
        "20023": {
            "year_quarter": 20023,
            "year": 2002,
            "quarter": 3,
            "eps": null,
            "eps_growth_year": null,
            "eps_4q": null,
            "eps_4q_growth_year": null,
            "roe": null,
            "roe_4q": 0,
            "gross_profit": null,
            "gross_margin": null,
            "gross_margin_4q_avg": 0,
            "net_income": null,
            "revenue": null,
            "common_shares": null,
            "book_valuer_per_share": null,
            "book_valuer_per_share_4q_avg": 0,
            "equity": null,
            "current_ratio": null,
            "debt_ratio": null,
            "inventory_turnover_ratio": null,
            "account_receivable_turnover_ratio": null,
            "reinvestment_rate": null,
            "research_to_sale_ratio": null,
            "price_fair": 0,
            "eps_avg_yearly": 0,
            "eps_latest_yearly": 0,
            "eps_growth_yearly": 0
        },
        "20024": {
            "year_quarter": 20024,
            "year": 2002,
            "quarter": 4,
            "eps": null,
            "eps_growth_year": null,
            "eps_4q": null,
            "eps_4q_growth_year": null,
            "roe": null,
            "roe_4q": 0,
            "gross_profit": null,
            "gross_margin": null,
            "gross_margin_4q_avg": 0,
            "net_income": null,
            "revenue": null,
            "common_shares": null,
            "book_valuer_per_share": null,
            "book_valuer_per_share_4q_avg": 0,
            "equity": null,
            "current_ratio": null,
            "debt_ratio": null,
            "inventory_turnover_ratio": null,
            "account_receivable_turnover_ratio": null,
            "reinvestment_rate": null,
            "research_to_sale_ratio": null,
            "price_fair": 0,
            "eps_avg_yearly": 0,
            "eps_latest_yearly": 0,
            "eps_growth_yearly": 0
        },
        "20031": {
            "year_quarter": 20031,
            "year": 2003,
            "quarter": 1,
            "eps": null,
            "eps_growth_year": null,
            "eps_4q": null,
            "eps_4q_growth_year": null,
            "roe": null,
            "roe_4q": 0,
            "gross_profit": null,
            "gross_margin": null,
            "gross_margin_4q_avg": 0,
            "net_income": null,
            "revenue": null,
            "common_shares": null,
            "book_valuer_per_share": null,
            "book_valuer_per_share_4q_avg": 0,
            "equity": null,
            "current_ratio": null,
            "debt_ratio": null,
            "inventory_turnover_ratio": null,
            "account_receivable_turnover_ratio": null,
            "reinvestment_rate": null,
            "research_to_sale_ratio": null,
            "price_fair": 0,
            "eps_avg_yearly": 0,
            "eps_latest_yearly": 0,
            "eps_growth_yearly": 0
        },
        "20032": {
            "year_quarter": 20032,
            "year": 2003,
            "quarter": 2,
            "eps": null,
            "eps_growth_year": null,
            "eps_4q": null,
            "eps_4q_growth_year": null,
            "roe": null,
            "roe_4q": 0,
            "gross_profit": null,
            "gross_margin": null,
            "gross_margin_4q_avg": 0,
            "net_income": null,
            "revenue": null,
            "common_shares": null,
            "book_valuer_per_share": null,
            "book_valuer_per_share_4q_avg": 0,
            "equity": null,
            "current_ratio": null,
            "debt_ratio": null,
            "inventory_turnover_ratio": null,
            "account_receivable_turnover_ratio": null,
            "reinvestment_rate": null,
            "research_to_sale_ratio": null,
            "price_fair": 0,
            "eps_avg_yearly": 0,
            "eps_latest_yearly": 0,
            "eps_growth_yearly": 0
        },
        "20033": {
            "year_quarter": 20033,
            "year": 2003,
            "quarter": 3,
            "eps": null,
            "eps_growth_year": null,
            "eps_4q": null,
            "eps_4q_growth_year": null,
            "roe": null,
            "roe_4q": 0,
            "gross_profit": null,
            "gross_margin": null,
            "gross_margin_4q_avg": 0,
            "net_income": null,
            "revenue": null,
            "common_shares": null,
            "book_valuer_per_share": null,
            "book_valuer_per_share_4q_avg": 0,
            "equity": null,
            "current_ratio": null,
            "debt_ratio": null,
            "inventory_turnover_ratio": null,
            "account_receivable_turnover_ratio": null,
            "reinvestment_rate": null,
            "research_to_sale_ratio": null,
            "price_fair": 0,
            "eps_avg_yearly": 0,
            "eps_latest_yearly": 0,
            "eps_growth_yearly": 0
        },
        "20034": {
            "year_quarter": 20034,
            "year": 2003,
            "quarter": 4,
            "eps": null,
            "eps_growth_year": null,
            "eps_4q": null,
            "eps_4q_growth_year": null,
            "roe": null,
            "roe_4q": 0,
            "gross_profit": null,
            "gross_margin": null,
            "gross_margin_4q_avg": 0,
            "net_income": null,
            "revenue": null,
            "common_shares": null,
            "book_valuer_per_share": null,
            "book_valuer_per_share_4q_avg": 0,
            "equity": null,
            "current_ratio": null,
            "debt_ratio": null,
            "inventory_turnover_ratio": null,
            "account_receivable_turnover_ratio": null,
            "reinvestment_rate": null,
            "research_to_sale_ratio": null,
            "price_fair": 0,
            "eps_avg_yearly": 0,
            "eps_latest_yearly": 0,
            "eps_growth_yearly": 0
        },
        "20041": {
            "year_quarter": 20041,
            "year": 2004,
            "quarter": 1,
            "eps": null,
            "eps_growth_year": null,
            "eps_4q": null,
            "eps_4q_growth_year": null,
            "roe": null,
            "roe_4q": 0,
            "gross_profit": null,
            "gross_margin": null,
            "gross_margin_4q_avg": 0,
            "net_income": null,
            "revenue": null,
            "common_shares": null,
            "book_valuer_per_share": null,
            "book_valuer_per_share_4q_avg": 0,
            "equity": null,
            "current_ratio": null,
            "debt_ratio": null,
            "inventory_turnover_ratio": null,
            "account_receivable_turnover_ratio": null,
            "reinvestment_rate": null,
            "research_to_sale_ratio": null,
            "price_fair": 0,
            "eps_avg_yearly": 0,
            "eps_latest_yearly": 0,
            "eps_growth_yearly": 0
        },
        "20042": {
            "year_quarter": 20042,
            "year": 2004,
            "quarter": 2,
            "eps": null,
            "eps_growth_year": null,
            "eps_4q": null,
            "eps_4q_growth_year": null,
            "roe": null,
            "roe_4q": 0,
            "gross_profit": null,
            "gross_margin": null,
            "gross_margin_4q_avg": 0,
            "net_income": null,
            "revenue": null,
            "common_shares": null,
            "book_valuer_per_share": null,
            "book_valuer_per_share_4q_avg": 0,
            "equity": null,
            "current_ratio": null,
            "debt_ratio": null,
            "inventory_turnover_ratio": null,
            "account_receivable_turnover_ratio": null,
            "reinvestment_rate": null,
            "research_to_sale_ratio": null,
            "price_fair": 0,
            "eps_avg_yearly": 0,
            "eps_latest_yearly": 0,
            "eps_growth_yearly": 0
        },
        "20043": {
            "year_quarter": 20043,
            "year": 2004,
            "quarter": 3,
            "eps": null,
            "eps_growth_year": null,
            "eps_4q": null,
            "eps_4q_growth_year": null,
            "roe": null,
            "roe_4q": 0,
            "gross_profit": null,
            "gross_margin": null,
            "gross_margin_4q_avg": 0,
            "net_income": null,
            "revenue": null,
            "common_shares": null,
            "book_valuer_per_share": null,
            "book_valuer_per_share_4q_avg": 0,
            "equity": null,
            "current_ratio": null,
            "debt_ratio": null,
            "inventory_turnover_ratio": null,
            "account_receivable_turnover_ratio": null,
            "reinvestment_rate": null,
            "research_to_sale_ratio": null,
            "price_fair": 0,
            "eps_avg_yearly": 0,
            "eps_latest_yearly": 0,
            "eps_growth_yearly": 0
        },
        "20044": {
            "year_quarter": 20044,
            "year": 2004,
            "quarter": 4,
            "eps": null,
            "eps_growth_year": null,
            "eps_4q": null,
            "eps_4q_growth_year": null,
            "roe": null,
            "roe_4q": 0,
            "gross_profit": null,
            "gross_margin": null,
            "gross_margin_4q_avg": 0,
            "net_income": null,
            "revenue": null,
            "common_shares": null,
            "book_valuer_per_share": null,
            "book_valuer_per_share_4q_avg": 0,
            "equity": null,
            "current_ratio": null,
            "debt_ratio": null,
            "inventory_turnover_ratio": null,
            "account_receivable_turnover_ratio": null,
            "reinvestment_rate": null,
            "research_to_sale_ratio": null,
            "price_fair": 0,
            "eps_avg_yearly": 0,
            "eps_latest_yearly": 0,
            "eps_growth_yearly": 0
        },
        "20051": {
            "year_quarter": 20051,
            "year": 2005,
            "quarter": 1,
            "eps": null,
            "eps_growth_year": null,
            "eps_4q": null,
            "eps_4q_growth_year": null,
            "roe": null,
            "roe_4q": 0,
            "gross_profit": null,
            "gross_margin": null,
            "gross_margin_4q_avg": 0,
            "net_income": null,
            "revenue": null,
            "common_shares": null,
            "book_valuer_per_share": null,
            "book_valuer_per_share_4q_avg": 0,
            "equity": null,
            "current_ratio": null,
            "debt_ratio": null,
            "inventory_turnover_ratio": null,
            "account_receivable_turnover_ratio": null,
            "reinvestment_rate": null,
            "research_to_sale_ratio": null,
            "price_fair": 0,
            "eps_avg_yearly": 0,
            "eps_latest_yearly": 0,
            "eps_growth_yearly": 0
        },
        "20052": {
            "year_quarter": 20052,
            "year": 2005,
            "quarter": 2,
            "eps": null,
            "eps_growth_year": null,
            "eps_4q": null,
            "eps_4q_growth_year": null,
            "roe": null,
            "roe_4q": 0,
            "gross_profit": null,
            "gross_margin": null,
            "gross_margin_4q_avg": 0,
            "net_income": null,
            "revenue": null,
            "common_shares": null,
            "book_valuer_per_share": null,
            "book_valuer_per_share_4q_avg": 0,
            "equity": null,
            "current_ratio": null,
            "debt_ratio": null,
            "inventory_turnover_ratio": null,
            "account_receivable_turnover_ratio": null,
            "reinvestment_rate": null,
            "research_to_sale_ratio": null,
            "price_fair": 0,
            "eps_avg_yearly": 0,
            "eps_latest_yearly": 0,
            "eps_growth_yearly": 0
        },
        "20053": {
            "year_quarter": 20053,
            "year": 2005,
            "quarter": 3,
            "eps": null,
            "eps_growth_year": null,
            "eps_4q": null,
            "eps_4q_growth_year": null,
            "roe": null,
            "roe_4q": 0,
            "gross_profit": null,
            "gross_margin": null,
            "gross_margin_4q_avg": 0,
            "net_income": null,
            "revenue": null,
            "common_shares": null,
            "book_valuer_per_share": null,
            "book_valuer_per_share_4q_avg": 0,
            "equity": null,
            "current_ratio": null,
            "debt_ratio": null,
            "inventory_turnover_ratio": null,
            "account_receivable_turnover_ratio": null,
            "reinvestment_rate": null,
            "research_to_sale_ratio": null,
            "price_fair": 0,
            "eps_avg_yearly": 0,
            "eps_latest_yearly": 0,
            "eps_growth_yearly": 0
        },
        "20054": {
            "year_quarter": 20054,
            "year": 2005,
            "quarter": 4,
            "eps": null,
            "eps_growth_year": null,
            "eps_4q": null,
            "eps_4q_growth_year": null,
            "roe": null,
            "roe_4q": 0,
            "gross_profit": null,
            "gross_margin": null,
            "gross_margin_4q_avg": 0,
            "net_income": null,
            "revenue": null,
            "common_shares": null,
            "book_valuer_per_share": null,
            "book_valuer_per_share_4q_avg": 0,
            "equity": null,
            "current_ratio": null,
            "debt_ratio": null,
            "inventory_turnover_ratio": null,
            "account_receivable_turnover_ratio": null,
            "reinvestment_rate": null,
            "research_to_sale_ratio": null,
            "price_fair": 0,
            "eps_avg_yearly": 0,
            "eps_latest_yearly": 0,
            "eps_growth_yearly": 0
        },
        "20061": {
            "year_quarter": 20061,
            "year": 2006,
            "quarter": 1,
            "eps": null,
            "eps_growth_year": null,
            "eps_4q": null,
            "eps_4q_growth_year": null,
            "roe": null,
            "roe_4q": 0,
            "gross_profit": null,
            "gross_margin": null,
            "gross_margin_4q_avg": 0,
            "net_income": null,
            "revenue": null,
            "common_shares": null,
            "book_valuer_per_share": null,
            "book_valuer_per_share_4q_avg": 0,
            "equity": null,
            "current_ratio": null,
            "debt_ratio": null,
            "inventory_turnover_ratio": null,
            "account_receivable_turnover_ratio": null,
            "reinvestment_rate": null,
            "research_to_sale_ratio": null,
            "price_fair": 0,
            "eps_avg_yearly": 0,
            "eps_latest_yearly": 0,
            "eps_growth_yearly": 0
        },
        "20062": {
            "year_quarter": 20062,
            "year": 2006,
            "quarter": 2,
            "eps": null,
            "eps_growth_year": null,
            "eps_4q": null,
            "eps_4q_growth_year": null,
            "roe": null,
            "roe_4q": 0,
            "gross_profit": null,
            "gross_margin": null,
            "gross_margin_4q_avg": 0,
            "net_income": null,
            "revenue": null,
            "common_shares": null,
            "book_valuer_per_share": null,
            "book_valuer_per_share_4q_avg": 0,
            "equity": null,
            "current_ratio": null,
            "debt_ratio": null,
            "inventory_turnover_ratio": null,
            "account_receivable_turnover_ratio": null,
            "reinvestment_rate": null,
            "research_to_sale_ratio": null,
            "price_fair": 0,
            "eps_avg_yearly": 0,
            "eps_latest_yearly": 0,
            "eps_growth_yearly": 0
        },
        "20063": {
            "year_quarter": 20063,
            "year": 2006,
            "quarter": 3,
            "eps": null,
            "eps_growth_year": null,
            "eps_4q": null,
            "eps_4q_growth_year": null,
            "roe": null,
            "roe_4q": 0,
            "gross_profit": null,
            "gross_margin": null,
            "gross_margin_4q_avg": 0,
            "net_income": null,
            "revenue": null,
            "common_shares": null,
            "book_valuer_per_share": null,
            "book_valuer_per_share_4q_avg": 0,
            "equity": null,
            "current_ratio": null,
            "debt_ratio": null,
            "inventory_turnover_ratio": null,
            "account_receivable_turnover_ratio": null,
            "reinvestment_rate": null,
            "research_to_sale_ratio": null,
            "price_fair": 0,
            "eps_avg_yearly": 0,
            "eps_latest_yearly": 0,
            "eps_growth_yearly": 0
        },
        "20064": {
            "year_quarter": 20064,
            "year": 2006,
            "quarter": 4,
            "eps": null,
            "eps_growth_year": null,
            "eps_4q": null,
            "eps_4q_growth_year": null,
            "roe": null,
            "roe_4q": 0,
            "gross_profit": null,
            "gross_margin": null,
            "gross_margin_4q_avg": 0,
            "net_income": null,
            "revenue": null,
            "common_shares": null,
            "book_valuer_per_share": null,
            "book_valuer_per_share_4q_avg": 0,
            "equity": null,
            "current_ratio": null,
            "debt_ratio": null,
            "inventory_turnover_ratio": null,
            "account_receivable_turnover_ratio": null,
            "reinvestment_rate": null,
            "research_to_sale_ratio": null,
            "price_fair": 0,
            "eps_avg_yearly": 0,
            "eps_latest_yearly": 0,
            "eps_growth_yearly": 0
        },
        "20071": {
            "year_quarter": 20071,
            "year": 2007,
            "quarter": 1,
            "eps": null,
            "eps_growth_year": null,
            "eps_4q": null,
            "eps_4q_growth_year": null,
            "roe": null,
            "roe_4q": 0,
            "gross_profit": null,
            "gross_margin": null,
            "gross_margin_4q_avg": 0,
            "net_income": null,
            "revenue": null,
            "common_shares": null,
            "book_valuer_per_share": null,
            "book_valuer_per_share_4q_avg": 0,
            "equity": null,
            "current_ratio": null,
            "debt_ratio": null,
            "inventory_turnover_ratio": null,
            "account_receivable_turnover_ratio": null,
            "reinvestment_rate": null,
            "research_to_sale_ratio": null,
            "price_fair": 0,
            "eps_avg_yearly": 0,
            "eps_latest_yearly": 0,
            "eps_growth_yearly": 0
        },
        "20072": {
            "year_quarter": 20072,
            "year": 2007,
            "quarter": 2,
            "eps": null,
            "eps_growth_year": null,
            "eps_4q": null,
            "eps_4q_growth_year": null,
            "roe": null,
            "roe_4q": 0,
            "gross_profit": null,
            "gross_margin": null,
            "gross_margin_4q_avg": 0,
            "net_income": null,
            "revenue": null,
            "common_shares": null,
            "book_valuer_per_share": null,
            "book_valuer_per_share_4q_avg": 0,
            "equity": null,
            "current_ratio": null,
            "debt_ratio": null,
            "inventory_turnover_ratio": null,
            "account_receivable_turnover_ratio": null,
            "reinvestment_rate": null,
            "research_to_sale_ratio": null,
            "price_fair": 0,
            "eps_avg_yearly": 0,
            "eps_latest_yearly": 0,
            "eps_growth_yearly": 0
        },
        "20073": {
            "year_quarter": 20073,
            "year": 2007,
            "quarter": 3,
            "eps": null,
            "eps_growth_year": null,
            "eps_4q": null,
            "eps_4q_growth_year": null,
            "roe": null,
            "roe_4q": 0,
            "gross_profit": null,
            "gross_margin": null,
            "gross_margin_4q_avg": 0,
            "net_income": null,
            "revenue": null,
            "common_shares": null,
            "book_valuer_per_share": null,
            "book_valuer_per_share_4q_avg": 0,
            "equity": null,
            "current_ratio": null,
            "debt_ratio": null,
            "inventory_turnover_ratio": null,
            "account_receivable_turnover_ratio": null,
            "reinvestment_rate": null,
            "research_to_sale_ratio": null,
            "price_fair": 0,
            "eps_avg_yearly": 0,
            "eps_latest_yearly": 0,
            "eps_growth_yearly": 0
        },
        "20074": {
            "year_quarter": 20074,
            "year": 2007,
            "quarter": 4,
            "eps": null,
            "eps_growth_year": null,
            "eps_4q": null,
            "eps_4q_growth_year": null,
            "roe": null,
            "roe_4q": 0,
            "gross_profit": null,
            "gross_margin": null,
            "gross_margin_4q_avg": 0,
            "net_income": null,
            "revenue": null,
            "common_shares": null,
            "book_valuer_per_share": null,
            "book_valuer_per_share_4q_avg": 0,
            "equity": null,
            "current_ratio": null,
            "debt_ratio": null,
            "inventory_turnover_ratio": null,
            "account_receivable_turnover_ratio": null,
            "reinvestment_rate": null,
            "research_to_sale_ratio": null,
            "price_fair": 0,
            "eps_avg_yearly": 0,
            "eps_latest_yearly": 0,
            "eps_growth_yearly": 0
        },
        "20081": {
            "year_quarter": 20081,
            "year": 2008,
            "quarter": 1,
            "eps": null,
            "eps_growth_year": null,
            "eps_4q": null,
            "eps_4q_growth_year": null,
            "roe": null,
            "roe_4q": 0,
            "gross_profit": null,
            "gross_margin": null,
            "gross_margin_4q_avg": 0,
            "net_income": null,
            "revenue": null,
            "common_shares": null,
            "book_valuer_per_share": null,
            "book_valuer_per_share_4q_avg": 0,
            "equity": null,
            "current_ratio": null,
            "debt_ratio": null,
            "inventory_turnover_ratio": null,
            "account_receivable_turnover_ratio": null,
            "reinvestment_rate": null,
            "research_to_sale_ratio": null,
            "price_fair": 0,
            "eps_avg_yearly": 0,
            "eps_latest_yearly": 0,
            "eps_growth_yearly": 0
        },
        "20082": {
            "year_quarter": 20082,
            "year": 2008,
            "quarter": 2,
            "eps": null,
            "eps_growth_year": null,
            "eps_4q": null,
            "eps_4q_growth_year": null,
            "roe": null,
            "roe_4q": 0,
            "gross_profit": null,
            "gross_margin": null,
            "gross_margin_4q_avg": 0,
            "net_income": null,
            "revenue": null,
            "common_shares": null,
            "book_valuer_per_share": null,
            "book_valuer_per_share_4q_avg": 0,
            "equity": null,
            "current_ratio": null,
            "debt_ratio": null,
            "inventory_turnover_ratio": null,
            "account_receivable_turnover_ratio": null,
            "reinvestment_rate": null,
            "research_to_sale_ratio": null,
            "price_fair": 0,
            "eps_avg_yearly": 0,
            "eps_latest_yearly": 0,
            "eps_growth_yearly": 0
        },
        "20083": {
            "year_quarter": 20083,
            "year": 2008,
            "quarter": 3,
            "eps": null,
            "eps_growth_year": null,
            "eps_4q": null,
            "eps_4q_growth_year": null,
            "roe": null,
            "roe_4q": 0,
            "gross_profit": null,
            "gross_margin": null,
            "gross_margin_4q_avg": 0,
            "net_income": null,
            "revenue": null,
            "common_shares": null,
            "book_valuer_per_share": null,
            "book_valuer_per_share_4q_avg": 0,
            "equity": null,
            "current_ratio": null,
            "debt_ratio": null,
            "inventory_turnover_ratio": null,
            "account_receivable_turnover_ratio": null,
            "reinvestment_rate": null,
            "research_to_sale_ratio": null,
            "price_fair": 0,
            "eps_avg_yearly": 0,
            "eps_latest_yearly": 0,
            "eps_growth_yearly": 0
        },
        "20084": {
            "year_quarter": 20084,
            "year": 2008,
            "quarter": 4,
            "eps": null,
            "eps_growth_year": null,
            "eps_4q": null,
            "eps_4q_growth_year": null,
            "roe": null,
            "roe_4q": 0,
            "gross_profit": null,
            "gross_margin": null,
            "gross_margin_4q_avg": 0,
            "net_income": null,
            "revenue": null,
            "common_shares": null,
            "book_valuer_per_share": null,
            "book_valuer_per_share_4q_avg": 0,
            "equity": null,
            "current_ratio": null,
            "debt_ratio": null,
            "inventory_turnover_ratio": null,
            "account_receivable_turnover_ratio": null,
            "reinvestment_rate": null,
            "research_to_sale_ratio": null,
            "price_fair": 0,
            "eps_avg_yearly": 0,
            "eps_latest_yearly": 0,
            "eps_growth_yearly": 0
        },
        "20091": {
            "year_quarter": 20091,
            "year": 2009,
            "quarter": 1,
            "eps": null,
            "eps_growth_year": null,
            "eps_4q": null,
            "eps_4q_growth_year": null,
            "roe": null,
            "roe_4q": 0,
            "gross_profit": null,
            "gross_margin": null,
            "gross_margin_4q_avg": 0,
            "net_income": null,
            "revenue": null,
            "common_shares": null,
            "book_valuer_per_share": null,
            "book_valuer_per_share_4q_avg": 0,
            "equity": null,
            "current_ratio": null,
            "debt_ratio": null,
            "inventory_turnover_ratio": null,
            "account_receivable_turnover_ratio": null,
            "reinvestment_rate": null,
            "research_to_sale_ratio": null,
            "price_fair": 0,
            "eps_avg_yearly": 0,
            "eps_latest_yearly": 0,
            "eps_growth_yearly": 0
        },
        "20092": {
            "year_quarter": 20092,
            "year": 2009,
            "quarter": 2,
            "eps": null,
            "eps_growth_year": null,
            "eps_4q": null,
            "eps_4q_growth_year": null,
            "roe": null,
            "roe_4q": 0,
            "gross_profit": null,
            "gross_margin": null,
            "gross_margin_4q_avg": 0,
            "net_income": null,
            "revenue": null,
            "common_shares": null,
            "book_valuer_per_share": null,
            "book_valuer_per_share_4q_avg": 0,
            "equity": null,
            "current_ratio": null,
            "debt_ratio": null,
            "inventory_turnover_ratio": null,
            "account_receivable_turnover_ratio": null,
            "reinvestment_rate": null,
            "research_to_sale_ratio": null,
            "price_fair": 0,
            "eps_avg_yearly": 0,
            "eps_latest_yearly": 0,
            "eps_growth_yearly": 0
        },
        "20093": {
            "year_quarter": 20093,
            "year": 2009,
            "quarter": 3,
            "eps": null,
            "eps_growth_year": null,
            "eps_4q": null,
            "eps_4q_growth_year": null,
            "roe": null,
            "roe_4q": 0,
            "gross_profit": null,
            "gross_margin": null,
            "gross_margin_4q_avg": 0,
            "net_income": null,
            "revenue": null,
            "common_shares": null,
            "book_valuer_per_share": null,
            "book_valuer_per_share_4q_avg": 0,
            "equity": null,
            "current_ratio": null,
            "debt_ratio": null,
            "inventory_turnover_ratio": null,
            "account_receivable_turnover_ratio": null,
            "reinvestment_rate": null,
            "research_to_sale_ratio": null,
            "price_fair": 0,
            "eps_avg_yearly": 0,
            "eps_latest_yearly": 0,
            "eps_growth_yearly": 0
        },
        "20094": {
            "year_quarter": 20094,
            "year": 2009,
            "quarter": 4,
            "eps": null,
            "eps_growth_year": null,
            "eps_4q": null,
            "eps_4q_growth_year": null,
            "roe": null,
            "roe_4q": 0,
            "gross_profit": null,
            "gross_margin": null,
            "gross_margin_4q_avg": 0,
            "net_income": null,
            "revenue": null,
            "common_shares": null,
            "book_valuer_per_share": null,
            "book_valuer_per_share_4q_avg": 0,
            "equity": null,
            "current_ratio": null,
            "debt_ratio": null,
            "inventory_turnover_ratio": null,
            "account_receivable_turnover_ratio": null,
            "reinvestment_rate": null,
            "research_to_sale_ratio": null,
            "price_fair": 0,
            "eps_avg_yearly": 0,
            "eps_latest_yearly": 0,
            "eps_growth_yearly": 0
        },
        "20101": {
            "year_quarter": 20101,
            "year": 2010,
            "quarter": 1,
            "eps": null,
            "eps_growth_year": null,
            "eps_4q": null,
            "eps_4q_growth_year": null,
            "roe": null,
            "roe_4q": 0,
            "gross_profit": null,
            "gross_margin": null,
            "gross_margin_4q_avg": 0,
            "net_income": null,
            "revenue": null,
            "common_shares": null,
            "book_valuer_per_share": null,
            "book_valuer_per_share_4q_avg": 0,
            "equity": null,
            "current_ratio": null,
            "debt_ratio": null,
            "inventory_turnover_ratio": null,
            "account_receivable_turnover_ratio": null,
            "reinvestment_rate": null,
            "research_to_sale_ratio": null,
            "price_fair": 0,
            "eps_avg_yearly": 0,
            "eps_latest_yearly": 0,
            "eps_growth_yearly": 0
        },
        "20102": {
            "year_quarter": 20102,
            "year": 2010,
            "quarter": 2,
            "eps": null,
            "eps_growth_year": null,
            "eps_4q": null,
            "eps_4q_growth_year": null,
            "roe": null,
            "roe_4q": 0,
            "gross_profit": null,
            "gross_margin": null,
            "gross_margin_4q_avg": 0,
            "net_income": null,
            "revenue": null,
            "common_shares": null,
            "book_valuer_per_share": null,
            "book_valuer_per_share_4q_avg": 0,
            "equity": null,
            "current_ratio": null,
            "debt_ratio": null,
            "inventory_turnover_ratio": null,
            "account_receivable_turnover_ratio": null,
            "reinvestment_rate": null,
            "research_to_sale_ratio": null,
            "price_fair": 0,
            "eps_avg_yearly": 0,
            "eps_latest_yearly": 0,
            "eps_growth_yearly": 0
        },
        "20103": {
            "year_quarter": 20103,
            "year": 2010,
            "quarter": 3,
            "eps": null,
            "eps_growth_year": null,
            "eps_4q": null,
            "eps_4q_growth_year": null,
            "roe": null,
            "roe_4q": 0,
            "gross_profit": null,
            "gross_margin": null,
            "gross_margin_4q_avg": 0,
            "net_income": null,
            "revenue": null,
            "common_shares": null,
            "book_valuer_per_share": null,
            "book_valuer_per_share_4q_avg": 0,
            "equity": null,
            "current_ratio": null,
            "debt_ratio": null,
            "inventory_turnover_ratio": null,
            "account_receivable_turnover_ratio": null,
            "reinvestment_rate": null,
            "research_to_sale_ratio": null,
            "price_fair": 0,
            "eps_avg_yearly": 0,
            "eps_latest_yearly": 0,
            "eps_growth_yearly": 0
        },
        "20104": {
            "year_quarter": 20104,
            "year": 2010,
            "quarter": 4,
            "eps": null,
            "eps_growth_year": null,
            "eps_4q": null,
            "eps_4q_growth_year": null,
            "roe": null,
            "roe_4q": 0,
            "gross_profit": null,
            "gross_margin": null,
            "gross_margin_4q_avg": 0,
            "net_income": null,
            "revenue": null,
            "common_shares": null,
            "book_valuer_per_share": null,
            "book_valuer_per_share_4q_avg": 0,
            "equity": null,
            "current_ratio": null,
            "debt_ratio": null,
            "inventory_turnover_ratio": null,
            "account_receivable_turnover_ratio": null,
            "reinvestment_rate": null,
            "research_to_sale_ratio": null,
            "price_fair": 0,
            "eps_avg_yearly": 0,
            "eps_latest_yearly": 0,
            "eps_growth_yearly": 0
        },
        "20111": {
            "year_quarter": 20111,
            "year": 2011,
            "quarter": 1,
            "eps": null,
            "eps_growth_year": null,
            "eps_4q": null,
            "eps_4q_growth_year": null,
            "roe": null,
            "roe_4q": 0,
            "gross_profit": null,
            "gross_margin": null,
            "gross_margin_4q_avg": 0,
            "net_income": null,
            "revenue": null,
            "common_shares": null,
            "book_valuer_per_share": null,
            "book_valuer_per_share_4q_avg": 0,
            "equity": null,
            "current_ratio": null,
            "debt_ratio": null,
            "inventory_turnover_ratio": null,
            "account_receivable_turnover_ratio": null,
            "reinvestment_rate": null,
            "research_to_sale_ratio": null,
            "price_fair": 0,
            "eps_avg_yearly": 0,
            "eps_latest_yearly": 0,
            "eps_growth_yearly": 0
        },
        "20112": {
            "year_quarter": 20112,
            "year": 2011,
            "quarter": 2,
            "eps": null,
            "eps_growth_year": null,
            "eps_4q": null,
            "eps_4q_growth_year": null,
            "roe": null,
            "roe_4q": 0,
            "gross_profit": null,
            "gross_margin": null,
            "gross_margin_4q_avg": 0,
            "net_income": null,
            "revenue": null,
            "common_shares": null,
            "book_valuer_per_share": null,
            "book_valuer_per_share_4q_avg": 0,
            "equity": null,
            "current_ratio": null,
            "debt_ratio": null,
            "inventory_turnover_ratio": null,
            "account_receivable_turnover_ratio": null,
            "reinvestment_rate": null,
            "research_to_sale_ratio": null,
            "price_fair": 0,
            "eps_avg_yearly": 0,
            "eps_latest_yearly": 0,
            "eps_growth_yearly": 0
        },
        "20113": {
            "year_quarter": 20113,
            "year": 2011,
            "quarter": 3,
            "eps": null,
            "eps_growth_year": null,
            "eps_4q": null,
            "eps_4q_growth_year": null,
            "roe": null,
            "roe_4q": 0,
            "gross_profit": null,
            "gross_margin": null,
            "gross_margin_4q_avg": 0,
            "net_income": null,
            "revenue": null,
            "common_shares": null,
            "book_valuer_per_share": null,
            "book_valuer_per_share_4q_avg": 0,
            "equity": null,
            "current_ratio": null,
            "debt_ratio": null,
            "inventory_turnover_ratio": null,
            "account_receivable_turnover_ratio": null,
            "reinvestment_rate": null,
            "research_to_sale_ratio": null,
            "price_fair": 0,
            "eps_avg_yearly": 0,
            "eps_latest_yearly": 0,
            "eps_growth_yearly": 0
        },
        "20114": {
            "year_quarter": 20114,
            "year": 2011,
            "quarter": 4,
            "eps": null,
            "eps_growth_year": null,
            "eps_4q": null,
            "eps_4q_growth_year": null,
            "roe": null,
            "roe_4q": 0,
            "gross_profit": null,
            "gross_margin": null,
            "gross_margin_4q_avg": 0,
            "net_income": null,
            "revenue": null,
            "common_shares": 153254,
            "book_valuer_per_share": 26.2,
            "book_valuer_per_share_4q_avg": 6.55,
            "equity": 401477,
            "current_ratio": 214.94,
            "debt_ratio": 42.35,
            "inventory_turnover_ratio": null,
            "account_receivable_turnover_ratio": null,
            "reinvestment_rate": null,
            "research_to_sale_ratio": null,
            "price_fair": 0,
            "eps_avg_yearly": 0,
            "eps_latest_yearly": 0,
            "eps_growth_yearly": 0
        },
        "20121": {
            "year_quarter": 20121,
            "year": 2012,
            "quarter": 1,
            "eps": null,
            "eps_growth_year": null,
            "eps_4q": null,
            "eps_4q_growth_year": null,
            "roe": null,
            "roe_4q": 0,
            "gross_profit": null,
            "gross_margin": null,
            "gross_margin_4q_avg": 0,
            "net_income": null,
            "revenue": null,
            "common_shares": null,
            "book_valuer_per_share": null,
            "book_valuer_per_share_4q_avg": 6.55,
            "equity": null,
            "current_ratio": null,
            "debt_ratio": null,
            "inventory_turnover_ratio": null,
            "account_receivable_turnover_ratio": null,
            "reinvestment_rate": null,
            "research_to_sale_ratio": null,
            "price_fair": 0,
            "eps_avg_yearly": 0,
            "eps_latest_yearly": 0,
            "eps_growth_yearly": 0
        },
        "20122": {
            "year_quarter": 20122,
            "year": 2012,
            "quarter": 2,
            "eps": null,
            "eps_growth_year": null,
            "eps_4q": null,
            "eps_4q_growth_year": null,
            "roe": null,
            "roe_4q": 0,
            "gross_profit": null,
            "gross_margin": null,
            "gross_margin_4q_avg": 0,
            "net_income": null,
            "revenue": null,
            "common_shares": null,
            "book_valuer_per_share": null,
            "book_valuer_per_share_4q_avg": 6.55,
            "equity": null,
            "current_ratio": null,
            "debt_ratio": null,
            "inventory_turnover_ratio": null,
            "account_receivable_turnover_ratio": null,
            "reinvestment_rate": null,
            "research_to_sale_ratio": null,
            "price_fair": 0,
            "eps_avg_yearly": 0,
            "eps_latest_yearly": 0,
            "eps_growth_yearly": 0
        },
        "20123": {
            "year_quarter": 20123,
            "year": 2012,
            "quarter": 3,
            "eps": null,
            "eps_growth_year": null,
            "eps_4q": null,
            "eps_4q_growth_year": null,
            "roe": null,
            "roe_4q": 0,
            "gross_profit": null,
            "gross_margin": null,
            "gross_margin_4q_avg": 0,
            "net_income": null,
            "revenue": null,
            "common_shares": null,
            "book_valuer_per_share": null,
            "book_valuer_per_share_4q_avg": 6.55,
            "equity": null,
            "current_ratio": null,
            "debt_ratio": null,
            "inventory_turnover_ratio": null,
            "account_receivable_turnover_ratio": null,
            "reinvestment_rate": null,
            "research_to_sale_ratio": null,
            "price_fair": 0,
            "eps_avg_yearly": 0,
            "eps_latest_yearly": 0,
            "eps_growth_yearly": 0
        },
        "20124": {
            "year_quarter": 20124,
            "year": 2012,
            "quarter": 4,
            "eps": null,
            "eps_growth_year": null,
            "eps_4q": null,
            "eps_4q_growth_year": null,
            "roe": null,
            "roe_4q": 0,
            "gross_profit": null,
            "gross_margin": null,
            "gross_margin_4q_avg": 0,
            "net_income": null,
            "revenue": null,
            "common_shares": 170645,
            "book_valuer_per_share": 11.82,
            "book_valuer_per_share_4q_avg": 2.96,
            "equity": 201650,
            "current_ratio": 294.37,
            "debt_ratio": 26.52,
            "inventory_turnover_ratio": null,
            "account_receivable_turnover_ratio": null,
            "reinvestment_rate": null,
            "research_to_sale_ratio": null,
            "price_fair": 0,
            "eps_avg_yearly": 0,
            "eps_latest_yearly": 0,
            "eps_growth_yearly": 0
        },
        "20131": {
            "year_quarter": 20131,
            "year": 2013,
            "quarter": 1,
            "eps": null,
            "eps_growth_year": null,
            "eps_4q": null,
            "eps_4q_growth_year": null,
            "roe": null,
            "roe_4q": 0,
            "gross_profit": 59694,
            "gross_margin": null,
            "gross_margin_4q_avg": 0,
            "net_income": 20180,
            "revenue": 243770,
            "common_shares": 309666,
            "book_valuer_per_share": 11.65,
            "book_valuer_per_share_4q_avg": 5.87,
            "equity": 360701,
            "current_ratio": 181.07,
            "debt_ratio": 44.75,
            "inventory_turnover_ratio": null,
            "account_receivable_turnover_ratio": null,
            "reinvestment_rate": null,
            "research_to_sale_ratio": null,
            "price_fair": 0,
            "eps_avg_yearly": 0,
            "eps_latest_yearly": 0,
            "eps_growth_yearly": 0
        },
        "20132": {
            "year_quarter": 20132,
            "year": 2013,
            "quarter": 2,
            "eps": null,
            "eps_growth_year": null,
            "eps_4q": null,
            "eps_4q_growth_year": null,
            "roe": null,
            "roe_4q": 0,
            "gross_profit": 23166,
            "gross_margin": null,
            "gross_margin_4q_avg": 0,
            "net_income": 7043,
            "revenue": 79755,
            "common_shares": 350000,
            "book_valuer_per_share": 14.58,
            "book_valuer_per_share_4q_avg": 9.51,
            "equity": 510297,
            "current_ratio": 283.78,
            "debt_ratio": 28.57,
            "inventory_turnover_ratio": null,
            "account_receivable_turnover_ratio": null,
            "reinvestment_rate": null,
            "research_to_sale_ratio": null,
            "price_fair": 0,
            "eps_avg_yearly": 0,
            "eps_latest_yearly": 0,
            "eps_growth_yearly": 0
        },
        "20133": {
            "year_quarter": 20133,
            "year": 2013,
            "quarter": 3,
            "eps": null,
            "eps_growth_year": null,
            "eps_4q": null,
            "eps_4q_growth_year": null,
            "roe": null,
            "roe_4q": 0,
            "gross_profit": 79559,
            "gross_margin": null,
            "gross_margin_4q_avg": 0,
            "net_income": 34272,
            "revenue": 265487,
            "common_shares": 350000,
            "book_valuer_per_share": 15.2,
            "book_valuer_per_share_4q_avg": 13.31,
            "equity": 531878,
            "current_ratio": 266.79,
            "debt_ratio": 28.22,
            "inventory_turnover_ratio": null,
            "account_receivable_turnover_ratio": null,
            "reinvestment_rate": null,
            "research_to_sale_ratio": null,
            "price_fair": 0,
            "eps_avg_yearly": 0,
            "eps_latest_yearly": 0,
            "eps_growth_yearly": 0
        },
        "20134": {
            "year_quarter": 20134,
            "year": 2013,
            "quarter": 4,
            "eps": null,
            "eps_growth_year": null,
            "eps_4q": null,
            "eps_4q_growth_year": null,
            "roe": null,
            "roe_4q": 0,
            "gross_profit": 69418,
            "gross_margin": null,
            "gross_margin_4q_avg": 0,
            "net_income": 26987,
            "revenue": 247382,
            "common_shares": 350000,
            "book_valuer_per_share": 16.17,
            "book_valuer_per_share_4q_avg": 14.4,
            "equity": 566027,
            "current_ratio": 259.67,
            "debt_ratio": 29.97,
            "inventory_turnover_ratio": null,
            "account_receivable_turnover_ratio": null,
            "reinvestment_rate": null,
            "research_to_sale_ratio": null,
            "price_fair": 0,
            "eps_avg_yearly": 0,
            "eps_latest_yearly": 0,
            "eps_growth_yearly": 0
        },
        "20141": {
            "year_quarter": 20141,
            "year": 2014,
            "quarter": 1,
            "eps": null,
            "eps_growth_year": null,
            "eps_4q": null,
            "eps_4q_growth_year": null,
            "roe": null,
            "roe_4q": 0,
            "gross_profit": 47032,
            "gross_margin": null,
            "gross_margin_4q_avg": 0,
            "net_income": 13128,
            "revenue": 234737,
            "common_shares": 350000,
            "book_valuer_per_share": 16.67,
            "book_valuer_per_share_4q_avg": 15.66,
            "equity": 583460,
            "current_ratio": 275.27,
            "debt_ratio": 28.42,
            "inventory_turnover_ratio": null,
            "account_receivable_turnover_ratio": null,
            "reinvestment_rate": null,
            "research_to_sale_ratio": null,
            "price_fair": 0,
            "eps_avg_yearly": 0,
            "eps_latest_yearly": 0,
            "eps_growth_yearly": 0
        },
        "20142": {
            "year_quarter": 20142,
            "year": 2014,
            "quarter": 2,
            "eps": 0.61,
            "eps_growth_year": null,
            "eps_4q": 0.55,
            "eps_4q_growth_year": null,
            "roe": 3.48,
            "roe_4q": 3.48,
            "gross_profit": 57675,
            "gross_margin": 20.51,
            "gross_margin_4q_avg": 5.13,
            "net_income": 21742,
            "revenue": 281158,
            "common_shares": 395000,
            "book_valuer_per_share": 16.83,
            "book_valuer_per_share_4q_avg": 16.22,
            "equity": 664807,
            "current_ratio": 310.67,
            "debt_ratio": 25.65,
            "inventory_turnover_ratio": 1.79,
            "account_receivable_turnover_ratio": 1.96,
            "reinvestment_rate": null,
            "research_to_sale_ratio": 0.23,
            "price_fair": 0,
            "eps_avg_yearly": 0,
            "eps_latest_yearly": 0,
            "eps_growth_yearly": 0
        },
        "20143": {
            "year_quarter": 20143,
            "year": 2014,
            "quarter": 3,
            "eps": 0.44,
            "eps_growth_year": null,
            "eps_4q": 0.99,
            "eps_4q_growth_year": null,
            "roe": 2.58,
            "roe_4q": 6.0600000000000005,
            "gross_profit": 48002,
            "gross_margin": 22.46,
            "gross_margin_4q_avg": 10.74,
            "net_income": 17501,
            "revenue": 213712,
            "common_shares": 395000,
            "book_valuer_per_share": 17.46,
            "book_valuer_per_share_4q_avg": 16.78,
            "equity": 689603,
            "current_ratio": 347.42,
            "debt_ratio": 23,
            "inventory_turnover_ratio": 1.48,
            "account_receivable_turnover_ratio": 0.86,
            "reinvestment_rate": null,
            "research_to_sale_ratio": 0.3,
            "price_fair": 5.28,
            "eps_avg_yearly": 1.76,
            "eps_latest_yearly": 1.76,
            "eps_growth_yearly": -111.48
        },
        "20144": {
            "year_quarter": 20144,
            "year": 2014,
            "quarter": 4,
            "eps": 0.52,
            "eps_growth_year": null,
            "eps_4q": 1.51,
            "eps_4q_growth_year": null,
            "roe": 2.92,
            "roe_4q": 8.98,
            "gross_profit": 52359,
            "gross_margin": 23.23,
            "gross_margin_4q_avg": 16.55,
            "net_income": 20502,
            "revenue": 225430,
            "common_shares": 395000,
            "book_valuer_per_share": 18.06,
            "book_valuer_per_share_4q_avg": 17.26,
            "equity": 713353,
            "current_ratio": 375.52,
            "debt_ratio": 21.73,
            "inventory_turnover_ratio": 1.45,
            "account_receivable_turnover_ratio": 1.09,
            "reinvestment_rate": null,
            "research_to_sale_ratio": 0.27,
            "price_fair": 5.76,
            "eps_avg_yearly": 1.92,
            "eps_latest_yearly": 2.08,
            "eps_growth_yearly": -19.37
        },
        "20151": {
            "year_quarter": 20151,
            "year": 2015,
            "quarter": 1,
            "eps": 0.65,
            "eps_growth_year": null,
            "eps_4q": 2.16,
            "eps_4q_growth_year": null,
            "roe": 3.57,
            "roe_4q": 12.55,
            "gross_profit": 52216,
            "gross_margin": 25.06,
            "gross_margin_4q_avg": 22.82,
            "net_income": 25615,
            "revenue": 208366,
            "common_shares": 395000,
            "book_valuer_per_share": 18.27,
            "book_valuer_per_share_4q_avg": 17.66,
            "equity": 721544,
            "current_ratio": 472.67,
            "debt_ratio": 18.47,
            "inventory_turnover_ratio": 1.47,
            "account_receivable_turnover_ratio": 0.97,
            "reinvestment_rate": null,
            "research_to_sale_ratio": 0.33,
            "price_fair": 65.3,
            "eps_avg_yearly": 2.15,
            "eps_latest_yearly": 2.6,
            "eps_growth_yearly": 20.42
        },
        "20152": {
            "year_quarter": 20152,
            "year": 2015,
            "quarter": 2,
            "eps": 0.42,
            "eps_growth_year": -31.15,
            "eps_4q": 2.03,
            "eps_4q_growth_year": 268.03,
            "roe": 2.39,
            "roe_4q": 11.459999999999999,
            "gross_profit": 55725,
            "gross_margin": 24.38,
            "gross_margin_4q_avg": 23.78,
            "net_income": 16398,
            "revenue": 228556,
            "common_shares": 395000,
            "book_valuer_per_share": 16.41,
            "book_valuer_per_share_4q_avg": 17.55,
            "equity": 648150,
            "current_ratio": 287.61,
            "debt_ratio": 30.73,
            "inventory_turnover_ratio": 1.88,
            "account_receivable_turnover_ratio": 1.04,
            "reinvestment_rate": null,
            "research_to_sale_ratio": 0.56,
            "price_fair": 6.09,
            "eps_avg_yearly": 2.03,
            "eps_latest_yearly": 1.68,
            "eps_growth_yearly": -20.07
        },
        "20153": {
            "year_quarter": 20153,
            "year": 2015,
            "quarter": 3,
            "eps": 0.64,
            "eps_growth_year": 45.45,
            "eps_4q": 2.22,
            "eps_4q_growth_year": 123.66,
            "roe": 3.83,
            "roe_4q": 12.71,
            "gross_profit": 39182,
            "gross_margin": 21.4,
            "gross_margin_4q_avg": 23.52,
            "net_income": 25256,
            "revenue": 183109,
            "common_shares": 395000,
            "book_valuer_per_share": 16.94,
            "book_valuer_per_share_4q_avg": 17.42,
            "equity": 669208,
            "current_ratio": 416.85,
            "debt_ratio": 21.27,
            "inventory_turnover_ratio": 1.5,
            "account_receivable_turnover_ratio": 0.97,
            "reinvestment_rate": null,
            "research_to_sale_ratio": 0.32,
            "price_fair": 74.76,
            "eps_avg_yearly": 2.14,
            "eps_latest_yearly": 2.56,
            "eps_growth_yearly": 25.85
        },
        "20154": {
            "year_quarter": 20154,
            "year": 2015,
            "quarter": 4,
            "eps": 0.39,
            "eps_growth_year": -24.76,
            "eps_4q": 2.09,
            "eps_4q_growth_year": 38.41,
            "roe": 2.3,
            "roe_4q": 12.09,
            "gross_profit": 41152,
            "gross_margin": 23.06,
            "gross_margin_4q_avg": 23.48,
            "net_income": 15425,
            "revenue": 178490,
            "common_shares": 395000,
            "book_valuer_per_share": 17.07,
            "book_valuer_per_share_4q_avg": 17.17,
            "equity": 674384,
            "current_ratio": 419.55,
            "debt_ratio": 20.87,
            "inventory_turnover_ratio": 1.28,
            "account_receivable_turnover_ratio": 1.08,
            "reinvestment_rate": null,
            "research_to_sale_ratio": 0.33,
            "price_fair": 6.12,
            "eps_avg_yearly": 2.04,
            "eps_latest_yearly": 1.56,
            "eps_growth_yearly": -4.5
        },
        "20161": {
            "year_quarter": 20161,
            "year": 2016,
            "quarter": 1,
            "eps": 0.41,
            "eps_growth_year": -36.92,
            "eps_4q": 1.85,
            "eps_4q_growth_year": -14.19,
            "roe": 2.35,
            "roe_4q": 10.870000000000001,
            "gross_profit": 47098,
            "gross_margin": 20.8,
            "gross_margin_4q_avg": 22.41,
            "net_income": 16170,
            "revenue": 226395,
            "common_shares": 395000,
            "book_valuer_per_share": 17.81,
            "book_valuer_per_share_4q_avg": 17.06,
            "equity": 703449,
            "current_ratio": 429.64,
            "debt_ratio": 19.82,
            "inventory_turnover_ratio": 1.6,
            "account_receivable_turnover_ratio": 1.14,
            "reinvestment_rate": null,
            "research_to_sale_ratio": 0.52,
            "price_fair": 5.95,
            "eps_avg_yearly": 1.98,
            "eps_latest_yearly": 1.64,
            "eps_growth_yearly": -0.93
        },
        "20162": {
            "year_quarter": 20162,
            "year": 2016,
            "quarter": 2,
            "eps": 0.37,
            "eps_growth_year": -11.9,
            "eps_4q": 1.81,
            "eps_4q_growth_year": -10.83,
            "roe": 2.18,
            "roe_4q": 10.66,
            "gross_profit": 42362,
            "gross_margin": 21.86,
            "gross_margin_4q_avg": 21.78,
            "net_income": 14500,
            "revenue": 193776,
            "common_shares": 395000,
            "book_valuer_per_share": 15.86,
            "book_valuer_per_share_4q_avg": 16.92,
            "equity": 626437,
            "current_ratio": 294.59,
            "debt_ratio": 28.76,
            "inventory_turnover_ratio": 1.3,
            "account_receivable_turnover_ratio": 0.93,
            "reinvestment_rate": null,
            "research_to_sale_ratio": 0.66,
            "price_fair": 5.76,
            "eps_avg_yearly": 1.92,
            "eps_latest_yearly": 1.48,
            "eps_growth_yearly": -5.69
        },
        "20163": {
            "year_quarter": 20163,
            "year": 2016,
            "quarter": 3,
            "eps": 0.4,
            "eps_growth_year": -37.5,
            "eps_4q": 1.57,
            "eps_4q_growth_year": -29.36,
            "roe": 2.55,
            "roe_4q": 9.379999999999999,
            "gross_profit": 54225,
            "gross_margin": 20.66,
            "gross_margin_4q_avg": 21.6,
            "net_income": 15905,
            "revenue": 262515,
            "common_shares": 395000,
            "book_valuer_per_share": 15.68,
            "book_valuer_per_share_4q_avg": 16.61,
            "equity": 619196,
            "current_ratio": 360.77,
            "debt_ratio": 23.53,
            "inventory_turnover_ratio": 1.6,
            "account_receivable_turnover_ratio": 1.21,
            "reinvestment_rate": null,
            "research_to_sale_ratio": 0.39,
            "price_fair": 5.65,
            "eps_avg_yearly": 1.88,
            "eps_latest_yearly": 1.6,
            "eps_growth_yearly": -1.45
        },
        "20164": {
            "year_quarter": 20164,
            "year": 2016,
            "quarter": 4,
            "eps": 0.78,
            "eps_growth_year": 99.26,
            "eps_4q": 1.96,
            "eps_4q_growth_year": -6.51,
            "roe": 4.9,
            "roe_4q": 11.98,
            "gross_profit": 65300,
            "gross_margin": 24.95,
            "gross_margin_4q_avg": 22.07,
            "net_income": 30736,
            "revenue": 261726,
            "common_shares": 395000,
            "book_valuer_per_share": 16.09,
            "book_valuer_per_share_4q_avg": 16.36,
            "equity": 635610,
            "current_ratio": 328.16,
            "debt_ratio": 26.71,
            "inventory_turnover_ratio": 1.31,
            "account_receivable_turnover_ratio": 1.06,
            "reinvestment_rate": 22.84,
            "research_to_sale_ratio": 0.29,
            "price_fair": 70.28,
            "eps_avg_yearly": 2.01,
            "eps_latest_yearly": 3.12,
            "eps_growth_yearly": 36.69
        },
        "20171": {
            "year_quarter": 20171,
            "year": 2017,
            "quarter": 1,
            "eps": 0.26,
            "eps_growth_year": -36.59,
            "eps_4q": 1.81,
            "eps_4q_growth_year": -2.42,
            "roe": 1.65,
            "roe_4q": 11.280000000000001,
            "gross_profit": 42572,
            "gross_margin": 21.52,
            "gross_margin_4q_avg": 22.25,
            "net_income": 10338,
            "revenue": 197789,
            "common_shares": 395000,
            "book_valuer_per_share": 15.65,
            "book_valuer_per_share_4q_avg": 15.82,
            "equity": 617999,
            "current_ratio": 364.77,
            "debt_ratio": 22.53,
            "inventory_turnover_ratio": 1,
            "account_receivable_turnover_ratio": 0.89,
            "reinvestment_rate": 15.53,
            "research_to_sale_ratio": 0.36,
            "price_fair": 36.7,
            "eps_avg_yearly": 1.92,
            "eps_latest_yearly": 1.04,
            "eps_growth_yearly": 9.11
        },
        "20172": {
            "year_quarter": 20172,
            "year": 2017,
            "quarter": 2,
            "eps": 0.47,
            "eps_growth_year": 27.03,
            "eps_4q": 1.92,
            "eps_4q_growth_year": 6.05,
            "roe": 3.14,
            "roe_4q": 12.240000000000002,
            "gross_profit": 40009,
            "gross_margin": 20.02,
            "gross_margin_4q_avg": 21.79,
            "net_income": 18688,
            "revenue": 199869,
            "common_shares": 395000,
            "book_valuer_per_share": 14.45,
            "book_valuer_per_share_4q_avg": 15.47,
            "equity": 570648,
            "current_ratio": 267.19,
            "debt_ratio": 29.61,
            "inventory_turnover_ratio": 1.14,
            "account_receivable_turnover_ratio": 1.05,
            "reinvestment_rate": 15.74,
            "research_to_sale_ratio": 0.36,
            "price_fair": 67.08,
            "eps_avg_yearly": 1.92,
            "eps_latest_yearly": 1.88,
            "eps_growth_yearly": 35.28
        },
        "20173": {
            "year_quarter": 20173,
            "year": 2017,
            "quarter": 3,
            "eps": 0.09,
            "eps_growth_year": -77.5,
            "eps_4q": 1.6,
            "eps_4q_growth_year": 1.82,
            "roe": 0.59,
            "roe_4q": 10.280000000000001,
            "gross_profit": 29701,
            "gross_margin": 15.67,
            "gross_margin_4q_avg": 20.54,
            "net_income": 3368,
            "revenue": 189537,
            "common_shares": 395000,
            "book_valuer_per_share": 14.7,
            "book_valuer_per_share_4q_avg": 15.22,
            "equity": 580578,
            "current_ratio": 342.51,
            "debt_ratio": 22.59,
            "inventory_turnover_ratio": 1.18,
            "account_receivable_turnover_ratio": 0.93,
            "reinvestment_rate": 18.79,
            "research_to_sale_ratio": 0.67,
            "price_fair": 31.78,
            "eps_avg_yearly": 1.8,
            "eps_latest_yearly": 0.36,
            "eps_growth_yearly": 7.69
        },
        "20174": {
            "year_quarter": 20174,
            "year": 2017,
            "quarter": 4,
            "eps": -0.58,
            "eps_growth_year": -173.9,
            "eps_4q": 0.25,
            "eps_4q_growth_year": -87.48,
            "roe": -3.97,
            "roe_4q": 1.4099999999999997,
            "gross_profit": 5746,
            "gross_margin": 3.38,
            "gross_margin_4q_avg": 15.15,
            "net_income": -22713,
            "revenue": 170093,
            "common_shares": 395000,
            "book_valuer_per_share": 14.27,
            "book_valuer_per_share_4q_avg": 14.77,
            "equity": 563645,
            "current_ratio": 348.59,
            "debt_ratio": 22.42,
            "inventory_turnover_ratio": 1.29,
            "account_receivable_turnover_ratio": 0.81,
            "reinvestment_rate": 19.22,
            "research_to_sale_ratio": 0.95,
            "price_fair": 31.78,
            "eps_avg_yearly": 1.8,
            "eps_latest_yearly": 0.36,
            "eps_growth_yearly": 7.69
        },
        "20181": {
            "year_quarter": 20181,
            "year": 2018,
            "quarter": 1,
            "eps": -0.26,
            "eps_growth_year": -200,
            "eps_4q": -0.28,
            "eps_4q_growth_year": -115.56,
            "roe": -1.86,
            "roe_4q": -2.1,
            "gross_profit": 17450,
            "gross_margin": 11.94,
            "gross_margin_4q_avg": 12.75,
            "net_income": -10466,
            "revenue": 146183,
            "common_shares": 395000,
            "book_valuer_per_share": 14.22,
            "book_valuer_per_share_4q_avg": 14.41,
            "equity": 561826,
            "current_ratio": 386.26,
            "debt_ratio": 20.1,
            "inventory_turnover_ratio": 1.11,
            "account_receivable_turnover_ratio": 0.78,
            "reinvestment_rate": 21.63,
            "research_to_sale_ratio": 0.6,
            "price_fair": 31.78,
            "eps_avg_yearly": 1.8,
            "eps_latest_yearly": 0.36,
            "eps_growth_yearly": 7.69
        },
        "20182": {
            "year_quarter": 20182,
            "year": 2018,
            "quarter": 2,
            "eps": 0.49,
            "eps_growth_year": 4.26,
            "eps_4q": -0.26,
            "eps_4q_growth_year": -113.8,
            "roe": 3.48,
            "roe_4q": -1.7600000000000007,
            "gross_profit": 29916,
            "gross_margin": 18.49,
            "gross_margin_4q_avg": 12.37,
            "net_income": 19371,
            "revenue": 161772,
            "common_shares": 395000,
            "book_valuer_per_share": 13.99,
            "book_valuer_per_share_4q_avg": 14.3,
            "equity": 552591,
            "current_ratio": 320.38,
            "debt_ratio": 23.8,
            "inventory_turnover_ratio": 1.28,
            "account_receivable_turnover_ratio": 0.97,
            "reinvestment_rate": 27.39,
            "research_to_sale_ratio": 0.53,
            "price_fair": 31.78,
            "eps_avg_yearly": 1.8,
            "eps_latest_yearly": 0.36,
            "eps_growth_yearly": 7.69
        },
        "20183": {
            "year_quarter": 20183,
            "year": 2018,
            "quarter": 3,
            "eps": 0.28,
            "eps_growth_year": 211.11,
            "eps_4q": -0.07,
            "eps_4q_growth_year": -104.39,
            "roe": 2,
            "roe_4q": -0.3500000000000001,
            "gross_profit": 27439,
            "gross_margin": 18.56,
            "gross_margin_4q_avg": 13.09,
            "net_income": 11039,
            "revenue": 147846,
            "common_shares": 395000,
            "book_valuer_per_share": 13.93,
            "book_valuer_per_share_4q_avg": 14.1,
            "equity": 550172,
            "current_ratio": 295.38,
            "debt_ratio": 26.06,
            "inventory_turnover_ratio": 1.29,
            "account_receivable_turnover_ratio": 1.04,
            "reinvestment_rate": 28.62,
            "research_to_sale_ratio": 0.55,
            "price_fair": 22.85,
            "eps_avg_yearly": 1.75,
            "eps_latest_yearly": 1.12,
            "eps_growth_yearly": 3.07
        },
        "20184": {
            "year_quarter": 20184,
            "year": 2018,
            "quarter": 4,
            "eps": 0.11,
            "eps_growth_year": null,
            "eps_4q": 0.62,
            "eps_4q_growth_year": 152.45,
            "roe": 0.81,
            "roe_4q": 4.43,
            "gross_profit": 21574,
            "gross_margin": 15.89,
            "gross_margin_4q_avg": 16.22,
            "net_income": 4496,
            "revenue": 135770,
            "common_shares": 395000,
            "book_valuer_per_share": 14.14,
            "book_valuer_per_share_4q_avg": 14.07,
            "equity": 558468,
            "current_ratio": 390.87,
            "debt_ratio": 19.18,
            "inventory_turnover_ratio": 1.19,
            "account_receivable_turnover_ratio": 1.11,
            "reinvestment_rate": 34.31,
            "research_to_sale_ratio": 0.69,
            "price_fair": 4.86,
            "eps_avg_yearly": 1.62,
            "eps_latest_yearly": 0.44,
            "eps_growth_yearly": -21.2
        },
        "20191": {
            "year_quarter": 20191,
            "year": 2019,
            "quarter": 1,
            "eps": -0.08,
            "eps_growth_year": null,
            "eps_4q": 0.8,
            "eps_4q_growth_year": null,
            "roe": -0.57,
            "roe_4q": 5.720000000000001,
            "gross_profit": 16176,
            "gross_margin": 11.44,
            "gross_margin_4q_avg": 16.1,
            "net_income": -3206,
            "revenue": 141354,
            "common_shares": 395000,
            "book_valuer_per_share": 14.33,
            "book_valuer_per_share_4q_avg": 14.1,
            "equity": 566030,
            "current_ratio": 408.84,
            "debt_ratio": 18.52,
            "inventory_turnover_ratio": 1.32,
            "account_receivable_turnover_ratio": 1.2,
            "reinvestment_rate": 45.58,
            "research_to_sale_ratio": 0.58,
            "price_fair": 4.62,
            "eps_avg_yearly": 1.54,
            "eps_latest_yearly": 0.44,
            "eps_growth_yearly": -31.3
        },
        "20192": {
            "year_quarter": 20192,
            "year": 2019,
            "quarter": 2,
            "eps": -0.1,
            "eps_growth_year": -120.41,
            "eps_4q": 0.22,
            "eps_4q_growth_year": null,
            "roe": -0.69,
            "roe_4q": 1.5500000000000003,
            "gross_profit": 17380,
            "gross_margin": 13.6,
            "gross_margin_4q_avg": 14.87,
            "net_income": -3818,
            "revenue": 127798,
            "common_shares": 395000,
            "book_valuer_per_share": 13.56,
            "book_valuer_per_share_4q_avg": 13.99,
            "equity": 535626,
            "current_ratio": 354.32,
            "debt_ratio": 21.01,
            "inventory_turnover_ratio": 1.23,
            "account_receivable_turnover_ratio": 1.16,
            "reinvestment_rate": 54.39,
            "research_to_sale_ratio": 0.56,
            "price_fair": 4.58,
            "eps_avg_yearly": 1.53,
            "eps_latest_yearly": 0.44,
            "eps_growth_yearly": -21.28
        },
        "20193": {
            "year_quarter": 20193,
            "year": 2019,
            "quarter": 3,
            "eps": -0.14,
            "eps_growth_year": -150,
            "eps_4q": -0.2,
            "eps_4q_growth_year": null,
            "roe": -1.04,
            "roe_4q": -1.4899999999999998,
            "gross_profit": 20786,
            "gross_margin": 14.61,
            "gross_margin_4q_avg": 13.89,
            "net_income": -5520,
            "revenue": 142302,
            "common_shares": 395000,
            "book_valuer_per_share": 13.22,
            "book_valuer_per_share_4q_avg": 13.81,
            "equity": 522200,
            "current_ratio": 376.44,
            "debt_ratio": 19.56,
            "inventory_turnover_ratio": 1.4,
            "account_receivable_turnover_ratio": 1.42,
            "reinvestment_rate": 79.01,
            "research_to_sale_ratio": 0.54,
            "price_fair": 4.27,
            "eps_avg_yearly": 1.42,
            "eps_latest_yearly": 0.44,
            "eps_growth_yearly": -44.36
        },
        "20194": {
            "year_quarter": 20194,
            "year": 2019,
            "quarter": 4,
            "eps": 0.02,
            "eps_growth_year": -80.14,
            "eps_4q": -0.29,
            "eps_4q_growth_year": -147.67,
            "roe": 0.17,
            "roe_4q": -2.13,
            "gross_profit": 30496,
            "gross_margin": 22.25,
            "gross_margin_4q_avg": 15.48,
            "net_income": 893,
            "revenue": 137065,
            "common_shares": 395000,
            "book_valuer_per_share": 13.11,
            "book_valuer_per_share_4q_avg": 13.56,
            "equity": 517750,
            "current_ratio": 323.46,
            "debt_ratio": 20.35,
            "inventory_turnover_ratio": 1.26,
            "account_receivable_turnover_ratio": 1.32,
            "reinvestment_rate": 81.62,
            "research_to_sale_ratio": 0.81,
            "price_fair": 4.23,
            "eps_avg_yearly": 1.41,
            "eps_latest_yearly": 0.44,
            "eps_growth_yearly": -31.93
        },
        "20201": {
            "year_quarter": 20201,
            "year": 2020,
            "quarter": 1,
            "eps": -0.16,
            "eps_growth_year": null,
            "eps_4q": -0.38,
            "eps_4q_growth_year": -146.81,
            "roe": -1.26,
            "roe_4q": -2.82,
            "gross_profit": 14762,
            "gross_margin": 13.48,
            "gross_margin_4q_avg": 15.99,
            "net_income": -6393,
            "revenue": 109495,
            "common_shares": 395000,
            "book_valuer_per_share": 12.64,
            "book_valuer_per_share_4q_avg": 13.13,
            "equity": 499461,
            "current_ratio": 319.71,
            "debt_ratio": 19.28,
            "inventory_turnover_ratio": 1.06,
            "account_receivable_turnover_ratio": 1.14,
            "reinvestment_rate": 107.79,
            "research_to_sale_ratio": 1.97,
            "price_fair": 4.14,
            "eps_avg_yearly": 1.38,
            "eps_latest_yearly": 0.44,
            "eps_growth_yearly": -38.48
        },
        "20202": {
            "year_quarter": 20202,
            "year": 2020,
            "quarter": 2,
            "eps": -0.42,
            "eps_growth_year": null,
            "eps_4q": -0.7,
            "eps_4q_growth_year": -424.16,
            "roe": -3.39,
            "roe_4q": -5.5200000000000005,
            "gross_profit": 1127,
            "gross_margin": 1.66,
            "gross_margin_4q_avg": 13,
            "net_income": -16569,
            "revenue": 68083,
            "common_shares": 395000,
            "book_valuer_per_share": 12.09,
            "book_valuer_per_share_4q_avg": 12.77,
            "equity": 477573,
            "current_ratio": 366.56,
            "debt_ratio": 16.75,
            "inventory_turnover_ratio": 0.67,
            "account_receivable_turnover_ratio": 0.94,
            "reinvestment_rate": 201.82,
            "research_to_sale_ratio": 1.08,
            "price_fair": 4.1,
            "eps_avg_yearly": 1.37,
            "eps_latest_yearly": 0.44,
            "eps_growth_yearly": -38.41
        },
        "20203": {
            "year_quarter": 20203,
            "year": 2020,
            "quarter": 3,
            "eps": 0.29,
            "eps_growth_year": null,
            "eps_4q": -0.27,
            "eps_4q_growth_year": null,
            "roe": 2.38,
            "roe_4q": -2.1000000000000005,
            "gross_profit": 31040,
            "gross_margin": 16.31,
            "gross_margin_4q_avg": 13.43,
            "net_income": 11494,
            "revenue": 190346,
            "common_shares": 395000,
            "book_valuer_per_share": 12.4,
            "book_valuer_per_share_4q_avg": 12.56,
            "equity": 489889,
            "current_ratio": 235.33,
            "debt_ratio": 27.26,
            "inventory_turnover_ratio": 1.39,
            "account_receivable_turnover_ratio": 1.9,
            "reinvestment_rate": 259.14,
            "research_to_sale_ratio": 0.56,
            "price_fair": 3.98,
            "eps_avg_yearly": 1.33,
            "eps_latest_yearly": 0.44,
            "eps_growth_yearly": -50.21
        },
        "20204": {
            "year_quarter": 20204,
            "year": 2020,
            "quarter": 4,
            "eps": 0.48,
            "eps_growth_year": 2013.62,
            "eps_4q": 0.19,
            "eps_4q_growth_year": null,
            "roe": 3.76,
            "roe_4q": 1.4899999999999995,
            "gross_profit": 40448,
            "gross_margin": 16.19,
            "gross_margin_4q_avg": 11.91,
            "net_income": 18875,
            "revenue": 249861,
            "common_shares": 395000,
            "book_valuer_per_share": 13,
            "book_valuer_per_share_4q_avg": 12.53,
            "equity": 513380,
            "current_ratio": 176.79,
            "debt_ratio": 37.96,
            "inventory_turnover_ratio": 1.69,
            "account_receivable_turnover_ratio": 1.48,
            "reinvestment_rate": 474.32,
            "research_to_sale_ratio": 0.21,
            "price_fair": 3.38,
            "eps_avg_yearly": 1.13,
            "eps_latest_yearly": 1.92,
            "eps_growth_yearly": -69.87
        },
        "20211": {
            "year_quarter": 20211,
            "year": 2021,
            "quarter": 1,
            "eps": 0.18,
            "eps_growth_year": null,
            "eps_4q": 0.53,
            "eps_4q_growth_year": null,
            "roe": 1.38,
            "roe_4q": 4.129999999999999,
            "gross_profit": 37444,
            "gross_margin": 18.82,
            "gross_margin_4q_avg": 13.25,
            "net_income": 7073,
            "revenue": 198990,
            "common_shares": 395000,
            "book_valuer_per_share": 12.98,
            "book_valuer_per_share_4q_avg": 12.62,
            "equity": 512636,
            "current_ratio": 175.98,
            "debt_ratio": 36.46,
            "inventory_turnover_ratio": 1.14,
            "account_receivable_turnover_ratio": 1.07,
            "reinvestment_rate": 491.34,
            "research_to_sale_ratio": 0.53,
            "price_fair": 3.22,
            "eps_avg_yearly": 1.07,
            "eps_latest_yearly": 0.72,
            "eps_growth_yearly": -67.09
        },
        "20212": {
            "year_quarter": 20212,
            "year": 2021,
            "quarter": 2,
            "eps": 0.09,
            "eps_growth_year": null,
            "eps_4q": 1.03,
            "eps_4q_growth_year": null,
            "roe": 0.67,
            "roe_4q": 8.19,
            "gross_profit": 30030,
            "gross_margin": 14.85,
            "gross_margin_4q_avg": 16.54,
            "net_income": 3440,
            "revenue": 202197,
            "common_shares": 395000,
            "book_valuer_per_share": 13.02,
            "book_valuer_per_share_4q_avg": 12.85,
            "equity": 514383,
            "current_ratio": 191.36,
            "debt_ratio": 35.27,
            "inventory_turnover_ratio": 0.93,
            "account_receivable_turnover_ratio": 1.3,
            "reinvestment_rate": 826.73,
            "research_to_sale_ratio": 0.5,
            "price_fair": 2.46,
            "eps_avg_yearly": 0.82,
            "eps_latest_yearly": 0.36,
            "eps_growth_yearly": -154.27
        },
        "20213": {
            "year_quarter": 20213,
            "year": 2021,
            "quarter": 3,
            "eps": 0.08,
            "eps_growth_year": -72.41,
            "eps_4q": 0.82,
            "eps_4q_growth_year": null,
            "roe": 0.61,
            "roe_4q": 6.42,
            "gross_profit": 18698,
            "gross_margin": 11.5,
            "gross_margin_4q_avg": 15.34,
            "net_income": 3168,
            "revenue": 162584,
            "common_shares": 395000,
            "book_valuer_per_share": 13.08,
            "book_valuer_per_share_4q_avg": 13.02,
            "equity": 516664,
            "current_ratio": 207.12,
            "debt_ratio": 31.72,
            "inventory_turnover_ratio": 0.68,
            "account_receivable_turnover_ratio": 1.14,
            "reinvestment_rate": 867.1,
            "research_to_sale_ratio": 0.51,
            "price_fair": 2.44,
            "eps_avg_yearly": 0.81,
            "eps_latest_yearly": 0.32,
            "eps_growth_yearly": -107.78
        },
        "20214": {
            "year_quarter": 20214,
            "year": 2021,
            "quarter": 4,
            "eps": 0.23,
            "eps_growth_year": -51.68,
            "eps_4q": 0.58,
            "eps_4q_growth_year": 207.83,
            "roe": 1.75,
            "roe_4q": 4.41,
            "gross_profit": 36262,
            "gross_margin": 16.15,
            "gross_margin_4q_avg": 15.33,
            "net_income": 9120,
            "revenue": 224471,
            "common_shares": 395000,
            "book_valuer_per_share": 13.27,
            "book_valuer_per_share_4q_avg": 13.09,
            "equity": 524237,
            "current_ratio": 191.32,
            "debt_ratio": 35.51,
            "inventory_turnover_ratio": 0.88,
            "account_receivable_turnover_ratio": 1.3,
            "reinvestment_rate": 233.09,
            "research_to_sale_ratio": 0.3,
            "price_fair": 20.52,
            "eps_avg_yearly": 0.83,
            "eps_latest_yearly": 0.92,
            "eps_growth_yearly": 14.76
        },
        "20221": {
            "year_quarter": 20221,
            "year": 2022,
            "quarter": 1,
            "eps": -0.11,
            "eps_growth_year": -161.11,
            "eps_4q": 0.29,
            "eps_4q_growth_year": -46.02,
            "roe": -0.84,
            "roe_4q": 2.19,
            "gross_profit": 19190,
            "gross_margin": 9.75,
            "gross_margin_4q_avg": 13.06,
            "net_income": -4460,
            "revenue": 196808,
            "common_shares": 395000,
            "book_valuer_per_share": 13.47,
            "book_valuer_per_share_4q_avg": 13.21,
            "equity": 531973,
            "current_ratio": 196.67,
            "debt_ratio": 35.83,
            "inventory_turnover_ratio": 0.8,
            "account_receivable_turnover_ratio": 1.01,
            "reinvestment_rate": 174.75,
            "research_to_sale_ratio": 0.26,
            "price_fair": 20.52,
            "eps_avg_yearly": 0.83,
            "eps_latest_yearly": 0.92,
            "eps_growth_yearly": 14.76
        },
        "20222": {
            "year_quarter": 20222,
            "year": 2022,
            "quarter": 2,
            "eps": 0.21,
            "eps_growth_year": 133.33,
            "eps_4q": 0.4,
            "eps_4q_growth_year": -60.88,
            "roe": 1.54,
            "roe_4q": 3.06,
            "gross_profit": 39249,
            "gross_margin": 14.76,
            "gross_margin_4q_avg": 13.04,
            "net_income": 8166,
            "revenue": 265918,
            "common_shares": 395000,
            "book_valuer_per_share": 13.42,
            "book_valuer_per_share_4q_avg": 13.31,
            "equity": 530230,
            "current_ratio": 196.21,
            "debt_ratio": 36.28,
            "inventory_turnover_ratio": 1.07,
            "account_receivable_turnover_ratio": 1.24,
            "reinvestment_rate": 143.46,
            "research_to_sale_ratio": 0.55,
            "price_fair": 20.52,
            "eps_avg_yearly": 0.83,
            "eps_latest_yearly": 0.92,
            "eps_growth_yearly": 14.76
        },
        "20223": {
            "year_quarter": 20223,
            "year": 2022,
            "quarter": 3,
            "eps": 1.75,
            "eps_growth_year": 2087.5,
            "eps_4q": 2.08,
            "eps_4q_growth_year": 151.89,
            "roe": 12.58,
            "roe_4q": 15.030000000000001,
            "gross_profit": 32559,
            "gross_margin": 14.85,
            "gross_margin_4q_avg": 13.88,
            "net_income": 69178,
            "revenue": 219319,
            "common_shares": 395000,
            "book_valuer_per_share": 14.41,
            "book_valuer_per_share_4q_avg": 13.64,
            "equity": 569331,
            "current_ratio": 184.01,
            "debt_ratio": 35.08,
            "inventory_turnover_ratio": 0.99,
            "account_receivable_turnover_ratio": 1,
            "reinvestment_rate": 12.72,
            "research_to_sale_ratio": 0.47,
            "price_fair": 58.4,
            "eps_avg_yearly": 1.67,
            "eps_latest_yearly": 7,
            "eps_growth_yearly": 458.3
        },
        "20224": {
            "year_quarter": 20224,
            "year": 2022,
            "quarter": 4,
            "eps": -1.1,
            "eps_growth_year": -577.57,
            "eps_4q": 0.74,
            "eps_4q_growth_year": 28.63,
            "roe": -7.75,
            "roe_4q": 5.53,
            "gross_profit": 37728,
            "gross_margin": 15.63,
            "gross_margin_4q_avg": 13.75,
            "net_income": -43554,
            "revenue": 241307,
            "common_shares": 395000,
            "book_valuer_per_share": 14.03,
            "book_valuer_per_share_4q_avg": 13.83,
            "equity": 554237,
            "current_ratio": 200.36,
            "debt_ratio": 33.58,
            "inventory_turnover_ratio": 1.1,
            "account_receivable_turnover_ratio": 1.24,
            "reinvestment_rate": -64.56,
            "research_to_sale_ratio": 0.38,
            "price_fair": 65.57,
            "eps_avg_yearly": 1.87,
            "eps_latest_yearly": 7,
            "eps_growth_yearly": 575.16
        },
        "20231": {
            "year_quarter": 20231,
            "year": 2023,
            "quarter": 1,
            "eps": -0.02,
            "eps_growth_year": null,
            "eps_4q": 0.83,
            "eps_4q_growth_year": 191.23,
            "roe": -0.17,
            "roe_4q": 6.2,
            "gross_profit": 35863,
            "gross_margin": 15.76,
            "gross_margin_4q_avg": 15.25,
            "net_income": -974,
            "revenue": 227575,
            "common_shares": 395000,
            "book_valuer_per_share": 14.23,
            "book_valuer_per_share_4q_avg": 14.02,
            "equity": 562202,
            "current_ratio": 199.46,
            "debt_ratio": 33.37,
            "inventory_turnover_ratio": 1.06,
            "account_receivable_turnover_ratio": 1.2,
            "reinvestment_rate": -92.78,
            "research_to_sale_ratio": 0.25,
            "price_fair": 65.57,
            "eps_avg_yearly": 1.87,
            "eps_latest_yearly": 7,
            "eps_growth_yearly": 575.16
        },
        "20232": {
            "year_quarter": 20232,
            "year": 2023,
            "quarter": 2,
            "eps": -0.49,
            "eps_growth_year": -333.33,
            "eps_4q": 0.13,
            "eps_4q_growth_year": -68,
            "roe": -3.61,
            "roe_4q": 1.0500000000000007,
            "gross_profit": 26760,
            "gross_margin": 13.04,
            "gross_margin_4q_avg": 14.82,
            "net_income": -19532,
            "revenue": 205278,
            "common_shares": 395000,
            "book_valuer_per_share": 13.16,
            "book_valuer_per_share_4q_avg": 13.96,
            "equity": 519687,
            "current_ratio": 179.23,
            "debt_ratio": 36,
            "inventory_turnover_ratio": 1.06,
            "account_receivable_turnover_ratio": 1.13,
            "reinvestment_rate": -151.48,
            "research_to_sale_ratio": 0.39,
            "price_fair": 65.57,
            "eps_avg_yearly": 1.87,
            "eps_latest_yearly": 7,
            "eps_growth_yearly": 575.16
        }
    },
    "months": {
        "2014-06": {
            "month": "2014-06",
            "price": "33.66",
            "revenue": 104976
        },
        "2014-07": {
            "month": "2014-07",
            "price": "31.10",
            "revenue": 65579
        },
        "2014-08": {
            "month": "2014-08",
            "price": "26.88",
            "revenue": 83929
        },
        "2014-09": {
            "month": "2014-09",
            "price": "27.80",
            "revenue": 65237
        },
        "2014-10": {
            "month": "2014-10",
            "price": "24.60",
            "revenue": 75516
        },
        "2014-11": {
            "month": "2014-11",
            "price": "23.24",
            "revenue": 86539
        },
        "2014-12": {
            "month": "2014-12",
            "price": "23.77",
            "revenue": 61265
        },
        "2015-01": {
            "month": "2015-01",
            "price": "23.72",
            "revenue": 92815
        },
        "2015-02": {
            "month": "2015-02",
            "price": "23.19",
            "revenue": 58720
        },
        "2015-03": {
            "month": "2015-03",
            "price": "23.27",
            "revenue": 57440
        },
        "2015-04": {
            "month": "2015-04",
            "price": "23.96",
            "revenue": 59279
        },
        "2015-05": {
            "month": "2015-05",
            "price": "23.93",
            "revenue": 65164
        },
        "2015-06": {
            "month": "2015-06",
            "price": "23.77",
            "revenue": 104089
        },
        "2015-07": {
            "month": "2015-07",
            "price": "23.09",
            "revenue": 71895
        },
        "2015-08": {
            "month": "2015-08",
            "price": "20.08",
            "revenue": 59245
        },
        "2015-09": {
            "month": "2015-09",
            "price": "20.14",
            "revenue": 51964
        },
        "2015-10": {
            "month": "2015-10",
            "price": "20.26",
            "revenue": 62891
        },
        "2015-11": {
            "month": "2015-11",
            "price": "22.74",
            "revenue": 53893
        },
        "2015-12": {
            "month": "2015-12",
            "price": "22.06",
            "revenue": 61686
        },
        "2016-01": {
            "month": "2016-01",
            "price": "20.75",
            "revenue": 82527
        },
        "2016-02": {
            "month": "2016-02",
            "price": "21.40",
            "revenue": 56896
        },
        "2016-03": {
            "month": "2016-03",
            "price": "22.75",
            "revenue": 86943
        },
        "2016-04": {
            "month": "2016-04",
            "price": "26.76",
            "revenue": 61863
        },
        "2016-05": {
            "month": "2016-05",
            "price": "23.54",
            "revenue": 65126
        },
        "2016-06": {
            "month": "2016-06",
            "price": "23.72",
            "revenue": 67907
        },
        "2016-07": {
            "month": "2016-07",
            "price": "23.49",
            "revenue": 77304
        },
        "2016-08": {
            "month": "2016-08",
            "price": "21.36",
            "revenue": 92390
        },
        "2016-09": {
            "month": "2016-09",
            "price": "21.66",
            "revenue": 91682
        },
        "2016-10": {
            "month": "2016-10",
            "price": "21.91",
            "revenue": 82463
        },
        "2016-11": {
            "month": "2016-11",
            "price": "21.07",
            "revenue": 86101
        },
        "2016-12": {
            "month": "2016-12",
            "price": "22.62",
            "revenue": 92878
        },
        "2017-01": {
            "month": "2017-01",
            "price": "23.67",
            "revenue": 84183
        },
        "2017-02": {
            "month": "2017-02",
            "price": "28.62",
            "revenue": 50222
        },
        "2017-03": {
            "month": "2017-03",
            "price": "27.25",
            "revenue": 63668
        },
        "2017-04": {
            "month": "2017-04",
            "price": "25.62",
            "revenue": 62000
        },
        "2017-05": {
            "month": "2017-05",
            "price": "25.30",
            "revenue": 71695
        },
        "2017-06": {
            "month": "2017-06",
            "price": "25.61",
            "revenue": 65401
        },
        "2017-07": {
            "month": "2017-07",
            "price": "23.43",
            "revenue": 66787
        },
        "2017-08": {
            "month": "2017-08",
            "price": "22.52",
            "revenue": 61620
        },
        "2017-09": {
            "month": "2017-09",
            "price": "22.34",
            "revenue": 61895
        },
        "2017-10": {
            "month": "2017-10",
            "price": "22.16",
            "revenue": 62450
        },
        "2017-11": {
            "month": "2017-11",
            "price": "21.93",
            "revenue": 59462
        },
        "2017-12": {
            "month": "2017-12",
            "price": "20.13",
            "revenue": 50485
        },
        "2018-01": {
            "month": "2018-01",
            "price": "20.03",
            "revenue": 61276
        },
        "2018-02": {
            "month": "2018-02",
            "price": "19.56",
            "revenue": 32601
        },
        "2018-03": {
            "month": "2018-03",
            "price": "19.38",
            "revenue": 52647
        },
        "2018-04": {
            "month": "2018-04",
            "price": "18.26",
            "revenue": 49704
        },
        "2018-05": {
            "month": "2018-05",
            "price": "16.43",
            "revenue": 53574
        },
        "2018-06": {
            "month": "2018-06",
            "price": "15.86",
            "revenue": 57690
        },
        "2018-07": {
            "month": "2018-07",
            "price": "16.62",
            "revenue": 55953
        },
        "2018-08": {
            "month": "2018-08",
            "price": "15.39",
            "revenue": 46593
        },
        "2018-09": {
            "month": "2018-09",
            "price": "14.08",
            "revenue": 44977
        },
        "2018-10": {
            "month": "2018-10",
            "price": "11.45",
            "revenue": 43540
        },
        "2018-11": {
            "month": "2018-11",
            "price": "10.19",
            "revenue": 42416
        },
        "2018-12": {
            "month": "2018-12",
            "price": "10.56",
            "revenue": 48693
        },
        "2019-01": {
            "month": "2019-01",
            "price": "11.47",
            "revenue": 52315
        },
        "2019-02": {
            "month": "2019-02",
            "price": "12.38",
            "revenue": 37545
        },
        "2019-03": {
            "month": "2019-03",
            "price": "12.45",
            "revenue": 50877
        },
        "2019-04": {
            "month": "2019-04",
            "price": "13.03",
            "revenue": 47418
        },
        "2019-05": {
            "month": "2019-05",
            "price": "12.59",
            "revenue": 47154
        },
        "2019-06": {
            "month": "2019-06",
            "price": "13.93",
            "revenue": 32511
        },
        "2019-07": {
            "month": "2019-07",
            "price": "13.67",
            "revenue": 51528
        },
        "2019-08": {
            "month": "2019-08",
            "price": "12.70",
            "revenue": 48744
        },
        "2019-09": {
            "month": "2019-09",
            "price": "12.45",
            "revenue": 38081
        },
        "2019-10": {
            "month": "2019-10",
            "price": "12.25",
            "revenue": 41455
        },
        "2019-11": {
            "month": "2019-11",
            "price": "11.78",
            "revenue": 49689
        },
        "2019-12": {
            "month": "2019-12",
            "price": "11.42",
            "revenue": 51979
        },
        "2020-01": {
            "month": "2020-01",
            "price": "11.49",
            "revenue": 44020
        },
        "2020-02": {
            "month": "2020-02",
            "price": "10.87",
            "revenue": 42548
        },
        "2020-03": {
            "month": "2020-03",
            "price": "9.26",
            "revenue": 24149
        },
        "2020-04": {
            "month": "2020-04",
            "price": "9.13",
            "revenue": 1766
        },
        "2020-05": {
            "month": "2020-05",
            "price": "9.00",
            "revenue": 18255
        },
        "2020-06": {
            "month": "2020-06",
            "price": "8.16",
            "revenue": 42362
        },
        "2020-07": {
            "month": "2020-07",
            "price": "9.10",
            "revenue": 49059
        },
        "2020-08": {
            "month": "2020-08",
            "price": "9.33",
            "revenue": 62318
        },
        "2020-09": {
            "month": "2020-09",
            "price": "10.29",
            "revenue": 78311
        },
        "2020-10": {
            "month": "2020-10",
            "price": "14.12",
            "revenue": 84916
        },
        "2020-11": {
            "month": "2020-11",
            "price": "14.74",
            "revenue": 84302
        },
        "2020-12": {
            "month": "2020-12",
            "price": "15.18",
            "revenue": 84615
        },
        "2021-01": {
            "month": "2021-01",
            "price": "16.16",
            "revenue": 70735
        },
        "2021-02": {
            "month": "2021-02",
            "price": "17.10",
            "revenue": 47686
        },
        "2021-03": {
            "month": "2021-03",
            "price": "18.59",
            "revenue": 85426
        },
        "2021-04": {
            "month": "2021-04",
            "price": "20.61",
            "revenue": 83578
        },
        "2021-05": {
            "month": "2021-05",
            "price": "17.70",
            "revenue": 70405
        },
        "2021-06": {
            "month": "2021-06",
            "price": "16.41",
            "revenue": 42619
        },
        "2021-07": {
            "month": "2021-07",
            "price": "15.71",
            "revenue": 49253
        },
        "2021-08": {
            "month": "2021-08",
            "price": "15.77",
            "revenue": 40612
        },
        "2021-09": {
            "month": "2021-09",
            "price": "15.59",
            "revenue": 71990
        },
        "2021-10": {
            "month": "2021-10",
            "price": "16.27",
            "revenue": 70981
        },
        "2021-11": {
            "month": "2021-11",
            "price": "16.27",
            "revenue": 77097
        },
        "2021-12": {
            "month": "2021-12",
            "price": "15.89",
            "revenue": 76278
        },
        "2022-01": {
            "month": "2022-01",
            "price": "14.70",
            "revenue": 58894
        },
        "2022-02": {
            "month": "2022-02",
            "price": "14.98",
            "revenue": 42237
        },
        "2022-03": {
            "month": "2022-03",
            "price": "12.79",
            "revenue": 82235
        },
        "2022-04": {
            "month": "2022-04",
            "price": "12.84",
            "revenue": 87373
        },
        "2022-05": {
            "month": "2022-05",
            "price": "12.65",
            "revenue": 90753
        },
        "2022-06": {
            "month": "2022-06",
            "price": "14.10",
            "revenue": 90054
        },
        "2022-07": {
            "month": "2022-07",
            "price": "15.27",
            "revenue": 73907
        },
        "2022-08": {
            "month": "2022-08",
            "price": "14.89",
            "revenue": 75164
        },
        "2022-09": {
            "month": "2022-09",
            "price": "14.07",
            "revenue": 74254
        },
        "2022-10": {
            "month": "2022-10",
            "price": "13.38",
            "revenue": 79179
        },
        "2022-11": {
            "month": "2022-11",
            "price": "13.21",
            "revenue": 75502
        },
        "2022-12": {
            "month": "2022-12",
            "price": "14.19",
            "revenue": 80662
        },
        "2023-01": {
            "month": "2023-01",
            "price": "14.40",
            "revenue": 68042
        },
        "2023-02": {
            "month": "2023-02",
            "price": "14.62",
            "revenue": 71855
        },
        "2023-03": {
            "month": "2023-03",
            "price": "15.92",
            "revenue": 87690
        },
        "2023-04": {
            "month": "2023-04",
            "price": "15.75",
            "revenue": 58454
        },
        "2023-05": {
            "month": "2023-05",
            "price": "14.39",
            "revenue": 73145
        },
        "2023-06": {
            "month": "2023-06",
            "price": "17.27",
            "revenue": 73611
        },
        "2023-07": {
            "month": "2023-07",
            "price": "16.77",
            "revenue": 57290
        },
        "2023-08": {
            "month": "2023-08",
            "price": "16.00",
            "revenue": 77733
        }
    }
}
