{
    "summary": {
        "stock_name": "尚凡",
        "stock_id": "5278",
        "category": "數位雲端",
        "main_business": "社群交友網路平台服務",
        "website_url": "http://www.i-part.com.tw",
        "ceo": "張家銘",
        "pe_ratio": 19,
        "report_year_from": 2010,
        "report_year_to": 2023,
        "age": 14,
        "eps_negative_percentage": 25,
        "eps_growth_avg": {
            "last_all": -22.51,
            "last_2y": -5.18,
            "last_4y": -4,
            "last_8y": -20,
            "last_12y": null,
            "last_16y": null,
            "last_20y": null,
            "at_2006_last_3y": null,
            "at_2007_last_3y": null,
            "at_2008_last_3y": null,
            "at_2009_last_3y": null,
            "at_2010_last_3y": null,
            "at_2011_last_3y": null,
            "at_2012_last_3y": null,
            "at_2013_last_3y": null,
            "at_2014_last_3y": null,
            "at_2015_last_3y": null,
            "at_2016_last_3y": -53.34,
            "at_2017_last_3y": -91.64,
            "at_2018_last_3y": -100,
            "at_2019_last_3y": 15.78,
            "at_2020_last_3y": -2.23,
            "at_2021_last_3y": 9.9,
            "at_2022_last_3y": 3.15,
            "at_2023_last_3y": -8.95,
            "at_2024_last_3y": -8.95,
            "at_2006_last_all": null,
            "at_2007_last_all": null,
            "at_2008_last_all": null,
            "at_2009_last_all": null,
            "at_2010_last_all": null,
            "at_2011_last_all": null,
            "at_2012_last_all": null,
            "at_2013_last_all": null,
            "at_2014_last_all": -30.02,
            "at_2015_last_all": -53.34,
            "at_2016_last_all": -53.34,
            "at_2017_last_all": -53.34,
            "at_2018_last_all": -53.34,
            "at_2019_last_all": -36.06,
            "at_2020_last_all": -32.9,
            "at_2021_last_all": -21.72,
            "at_2022_last_all": -21.06,
            "at_2023_last_all": -22.51,
            "at_2024_last_all": -22.51
        },
        "latest_eps": 12.29,
        "latest_price": 230,
        "latest_roe": 60.05,
        "latest_gross_margin": 51.71,
        "latest_equity": 476977,
        "latest_revenue": 495898,
        "latest_gross_profit": 256421,
        "latest_net_income": 74457,
        "latest_debt_ratio": 64.42,
        "latest_current_ratio": 161.29,
        "latest_account_receivable_turnover_ratio": 3.3,
        "latest_inventory_turnover_ratio": 0.98,
        "latest_reinvestment_rate": 8.74,
        "latest_research_to_sale_ratio": 2.42
    },
    "eps_dividends": {
        "2001": {
            "cash": 0,
            "stock": 0,
            "eps": 0
        },
        "2002": {
            "cash": 0,
            "stock": 0,
            "eps": 0
        },
        "2003": {
            "cash": 0,
            "stock": 0,
            "eps": 0
        },
        "2004": {
            "cash": 0,
            "stock": 0,
            "eps": 0
        },
        "2005": {
            "cash": 0,
            "stock": 0,
            "eps": 0
        },
        "2006": {
            "cash": 0,
            "stock": 0,
            "eps": 0
        },
        "2007": {
            "cash": 0,
            "stock": 0,
            "eps": 0
        },
        "2008": {
            "cash": 0,
            "stock": 0,
            "eps": 0
        },
        "2009": {
            "cash": 0,
            "stock": 0,
            "eps": 0
        },
        "2010": {
            "cash": 0,
            "stock": 0,
            "eps": 0
        },
        "2011": {
            "cash": 0,
            "stock": 0,
            "eps": 0
        },
        "2012": {
            "cash": 0,
            "stock": 0,
            "eps": 5.29
        },
        "2013": {
            "cash": 7.29,
            "stock": 0,
            "eps": 6.52
        },
        "2014": {
            "cash": 5.7,
            "stock": 0,
            "eps": 1.09
        },
        "2015": {
            "cash": 0.96,
            "stock": 0,
            "eps": -5.65
        },
        "2016": {
            "cash": 0,
            "stock": 0,
            "eps": -6.28
        },
        "2017": {
            "cash": 0,
            "stock": 0,
            "eps": -0.67
        },
        "2018": {
            "cash": 0,
            "stock": 0,
            "eps": 13.31
        },
        "2019": {
            "cash": 18.04,
            "stock": 0,
            "eps": 15.41
        },
        "2020": {
            "cash": 8.5,
            "stock": 0,
            "eps": 12.29
        },
        "2021": {
            "cash": 11.14,
            "stock": 0,
            "eps": 16.49
        },
        "2022": {
            "cash": 15.66,
            "stock": 4.6,
            "eps": 13.67
        },
        "2023": {
            "cash": 10.780000000000001,
            "stock": 0,
            "eps": 9.21
        },
        "2024": {
            "cash": 5.42,
            "stock": 0,
            "eps": 0
        }
    },
    "dividends": {
        "2013-06-24": {
            "cash": 7.29,
            "stock": 0
        },
        "2014-08-15": {
            "cash": 5.7,
            "stock": 0
        },
        "2015-03-19": {
            "cash": 0.96,
            "stock": 0
        },
        "2019-08-01": {
            "cash": 10.78,
            "stock": 0
        },
        "2019-09-24": {
            "cash": 5,
            "stock": 0
        },
        "2019-12-24": {
            "cash": 2.26,
            "stock": 0
        },
        "2020-07-16": {
            "cash": 5.95,
            "stock": 0
        },
        "2020-10-16": {
            "cash": 2.55,
            "stock": 0
        },
        "2021-01-15": {
            "cash": 2.67,
            "stock": 0
        },
        "2021-04-16": {
            "cash": 2.22,
            "stock": 0
        },
        "2021-07-15": {
            "cash": 3.46,
            "stock": 0
        },
        "2021-10-15": {
            "cash": 2.79,
            "stock": 0
        },
        "2022-01-14": {
            "cash": 4.02,
            "stock": 0
        },
        "2022-04-15": {
            "cash": 4,
            "stock": 0
        },
        "2022-09-15": {
            "cash": 4.77,
            "stock": 4.6
        },
        "2022-10-25": {
            "cash": 2.87,
            "stock": 0
        },
        "2023-01-13": {
            "cash": 2.99,
            "stock": 0
        },
        "2023-04-14": {
            "cash": 2.15,
            "stock": 0
        },
        "2023-07-14": {
            "cash": 2.79,
            "stock": 0
        },
        "2023-10-13": {
            "cash": 2.85,
            "stock": 0
        },
        "2024-01-12": {
            "cash": 2.41,
            "stock": 0
        },
        "2024-04-12": {
            "cash": 3.01,
            "stock": 0
        }
    },
    "prices": {
        "200101": "無",
        "200102": "無",
        "200103": "無",
        "200104": "無",
        "200105": "無",
        "200106": "無",
        "200107": "無",
        "200108": "無",
        "200109": "無",
        "200110": "無",
        "200111": "無",
        "200112": "無",
        "200201": "無",
        "200202": "無",
        "200203": "無",
        "200204": "無",
        "200205": "無",
        "200206": "無",
        "200207": "無",
        "200208": "無",
        "200209": "無",
        "200210": "無",
        "200211": "無",
        "200212": "無",
        "200301": "無",
        "200302": "無",
        "200303": "無",
        "200304": "無",
        "200305": "無",
        "200306": "無",
        "200307": "無",
        "200308": "無",
        "200309": "無",
        "200310": "無",
        "200311": "無",
        "200312": "無",
        "200401": "無",
        "200402": "無",
        "200403": "無",
        "200404": "無",
        "200405": "無",
        "200406": "無",
        "200407": "無",
        "200408": "無",
        "200409": "無",
        "200410": "無",
        "200411": "無",
        "200412": "無",
        "200501": "無",
        "200502": "無",
        "200503": "無",
        "200504": "無",
        "200505": "無",
        "200506": "無",
        "200507": "無",
        "200508": "無",
        "200509": "無",
        "200510": "無",
        "200511": "無",
        "200512": "無",
        "200601": "無",
        "200602": "無",
        "200603": "無",
        "200604": "無",
        "200605": "無",
        "200606": "無",
        "200607": "無",
        "200608": "無",
        "200609": "無",
        "200610": "無",
        "200611": "無",
        "200612": "無",
        "200701": "無",
        "200702": "無",
        "200703": "無",
        "200704": "無",
        "200705": "無",
        "200706": "無",
        "200707": "無",
        "200708": "無",
        "200709": "無",
        "200710": "無",
        "200711": "無",
        "200712": "無",
        "200801": "無",
        "200802": "無",
        "200803": "無",
        "200804": "無",
        "200805": "無",
        "200806": "無",
        "200807": "無",
        "200808": "無",
        "200809": "無",
        "200810": "無",
        "200811": "無",
        "200812": "無",
        "200901": "無",
        "200902": "無",
        "200903": "無",
        "200904": "無",
        "200905": "無",
        "200906": "無",
        "200907": "無",
        "200908": "無",
        "200909": "無",
        "200910": "無",
        "200911": "無",
        "200912": "無",
        "201001": "無",
        "201002": "無",
        "201003": "無",
        "201004": "無",
        "201005": "無",
        "201006": "無",
        "201007": "無",
        "201008": "無",
        "201009": "無",
        "201010": "無",
        "201011": "無",
        "201012": "無",
        "201101": "無",
        "201102": "無",
        "201103": "無",
        "201104": "無",
        "201105": "無",
        "201106": "無",
        "201107": "無",
        "201108": "無",
        "201109": "無",
        "201110": "無",
        "201111": "無",
        "201112": "無",
        "201201": "無",
        "201202": "無",
        "201203": "無",
        "201204": "無",
        "201205": "184.85",
        "201206": "172.63",
        "201207": "159.79",
        "201208": "152.20",
        "201209": "157.56",
        "201210": "164.73",
        "201211": "166.44",
        "201212": "170.26",
        "201301": "173.47",
        "201302": "174.26",
        "201303": "194.12",
        "201304": "187.82",
        "201305": "195.54",
        "201306": "175.19",
        "201307": "154.11",
        "201308": "140.45",
        "201309": "134.32",
        "201310": "130.48",
        "201311": "121.81",
        "201312": "112.95",
        "201401": "120.22",
        "201402": "110.44",
        "201403": "110.24",
        "201404": "106.72",
        "201405": "89.85",
        "201406": "89.78",
        "201407": "81.96",
        "201408": "60.05",
        "201409": "56.96",
        "201410": "50.92",
        "201411": "46.29",
        "201412": "53.82",
        "201501": "62.32",
        "201502": "56.31",
        "201503": "50.17",
        "201504": "42.71",
        "201505": "37.14",
        "201506": "28.70",
        "201507": "24.12",
        "201508": "22.89",
        "201509": "26.80",
        "201510": "28.20",
        "201511": "29.68",
        "201512": "26.28",
        "201601": "23.15",
        "201602": "23.41",
        "201603": "25.00",
        "201604": "28.60",
        "201605": "27.16",
        "201606": "31.73",
        "201607": "33.38",
        "201608": "31.02",
        "201609": "32.04",
        "201610": "29.72",
        "201611": "27.42",
        "201612": "26.77",
        "201701": "28.02",
        "201702": "28.80",
        "201703": "29.95",
        "201704": "28.00",
        "201705": "25.44",
        "201706": "29.43",
        "201707": "29.04",
        "201708": "33.97",
        "201709": "48.36",
        "201710": "50.22",
        "201711": "44.31",
        "201712": "44.25",
        "201801": "43.90",
        "201802": "40.65",
        "201803": "54.57",
        "201804": "73.39",
        "201805": "68.86",
        "201806": "65.46",
        "201807": "80.21",
        "201808": "94.32",
        "201809": "111.80",
        "201810": "108.30",
        "201811": "126.18",
        "201812": "149.33",
        "201901": "155.05",
        "201902": "158.42",
        "201903": "220.38",
        "201904": "216.02",
        "201905": "213.41",
        "201906": "212.26",
        "201907": "223.13",
        "201908": "200.55",
        "201909": "167.21",
        "201910": "154.19",
        "201911": "143.74",
        "201912": "131.09",
        "202001": "132.27",
        "202002": "139.95",
        "202003": "113.61",
        "202004": "113.48",
        "202005": "128.12",
        "202006": "131.98",
        "202007": "122.50",
        "202008": "117.88",
        "202009": "114.11",
        "202010": "114.28",
        "202011": "122.50",
        "202012": "134.83",
        "202101": "138.88",
        "202102": "142.81",
        "202103": "163.11",
        "202104": "169.89",
        "202105": "155.29",
        "202106": "158.95",
        "202107": "163.79",
        "202108": "169.50",
        "202109": "177.55",
        "202110": "179.58",
        "202111": "205.61",
        "202112": "223.88",
        "202201": "234.89",
        "202202": "264.27",
        "202203": "267.13",
        "202204": "264.47",
        "202205": "227.98",
        "202206": "235.82",
        "202207": "240.02",
        "202208": "224.46",
        "202209": "188.88",
        "202210": "158.28",
        "202211": "159.11",
        "202212": "180.39",
        "202301": "182.46",
        "202302": "185.38",
        "202303": "182.37",
        "202304": "177.35",
        "202305": "181.82",
        "202306": "182.88",
        "202307": "179.43",
        "202308": "177.71",
        "202309": "181.97",
        "202310": "178.75",
        "202311": "198.02",
        "202312": "217.40"
    },
    "quarters": {
        "20011": {
            "year_quarter": 20011,
            "year": 2001,
            "quarter": 1,
            "eps": null,
            "eps_growth_year": null,
            "eps_4q": null,
            "eps_4q_growth_year": null,
            "roe": null,
            "roe_4q": 0,
            "gross_profit": null,
            "gross_margin": null,
            "gross_margin_4q_avg": 0,
            "net_income": null,
            "net_income_4q": null,
            "revenue": null,
            "revenue_4q": null,
            "common_shares": null,
            "book_valuer_per_share": null,
            "book_valuer_per_share_4q_avg": 0,
            "equity": null,
            "current_ratio": null,
            "debt_ratio": null,
            "inventory_turnover_ratio": null,
            "account_receivable_turnover_ratio": null,
            "reinvestment_rate": null,
            "research_to_sale_ratio": null,
            "price_fair": 0,
            "eps_avg_yearly": 0,
            "eps_latest_yearly": 0,
            "eps_growth_yearly": 0
        },
        "20012": {
            "year_quarter": 20012,
            "year": 2001,
            "quarter": 2,
            "eps": null,
            "eps_growth_year": null,
            "eps_4q": null,
            "eps_4q_growth_year": null,
            "roe": null,
            "roe_4q": 0,
            "gross_profit": null,
            "gross_margin": null,
            "gross_margin_4q_avg": 0,
            "net_income": null,
            "net_income_4q": null,
            "revenue": null,
            "revenue_4q": null,
            "common_shares": null,
            "book_valuer_per_share": null,
            "book_valuer_per_share_4q_avg": 0,
            "equity": null,
            "current_ratio": null,
            "debt_ratio": null,
            "inventory_turnover_ratio": null,
            "account_receivable_turnover_ratio": null,
            "reinvestment_rate": null,
            "research_to_sale_ratio": null,
            "price_fair": 0,
            "eps_avg_yearly": 0,
            "eps_latest_yearly": 0,
            "eps_growth_yearly": 0
        },
        "20013": {
            "year_quarter": 20013,
            "year": 2001,
            "quarter": 3,
            "eps": null,
            "eps_growth_year": null,
            "eps_4q": null,
            "eps_4q_growth_year": null,
            "roe": null,
            "roe_4q": 0,
            "gross_profit": null,
            "gross_margin": null,
            "gross_margin_4q_avg": 0,
            "net_income": null,
            "net_income_4q": null,
            "revenue": null,
            "revenue_4q": null,
            "common_shares": null,
            "book_valuer_per_share": null,
            "book_valuer_per_share_4q_avg": 0,
            "equity": null,
            "current_ratio": null,
            "debt_ratio": null,
            "inventory_turnover_ratio": null,
            "account_receivable_turnover_ratio": null,
            "reinvestment_rate": null,
            "research_to_sale_ratio": null,
            "price_fair": 0,
            "eps_avg_yearly": 0,
            "eps_latest_yearly": 0,
            "eps_growth_yearly": 0
        },
        "20014": {
            "year_quarter": 20014,
            "year": 2001,
            "quarter": 4,
            "eps": null,
            "eps_growth_year": null,
            "eps_4q": null,
            "eps_4q_growth_year": null,
            "roe": null,
            "roe_4q": 0,
            "gross_profit": null,
            "gross_margin": null,
            "gross_margin_4q_avg": 0,
            "net_income": null,
            "net_income_4q": null,
            "revenue": null,
            "revenue_4q": null,
            "common_shares": null,
            "book_valuer_per_share": null,
            "book_valuer_per_share_4q_avg": 0,
            "equity": null,
            "current_ratio": null,
            "debt_ratio": null,
            "inventory_turnover_ratio": null,
            "account_receivable_turnover_ratio": null,
            "reinvestment_rate": null,
            "research_to_sale_ratio": null,
            "price_fair": 0,
            "eps_avg_yearly": 0,
            "eps_latest_yearly": 0,
            "eps_growth_yearly": 0
        },
        "20021": {
            "year_quarter": 20021,
            "year": 2002,
            "quarter": 1,
            "eps": null,
            "eps_growth_year": null,
            "eps_4q": null,
            "eps_4q_growth_year": null,
            "roe": null,
            "roe_4q": 0,
            "gross_profit": null,
            "gross_margin": null,
            "gross_margin_4q_avg": 0,
            "net_income": null,
            "net_income_4q": null,
            "revenue": null,
            "revenue_4q": null,
            "common_shares": null,
            "book_valuer_per_share": null,
            "book_valuer_per_share_4q_avg": 0,
            "equity": null,
            "current_ratio": null,
            "debt_ratio": null,
            "inventory_turnover_ratio": null,
            "account_receivable_turnover_ratio": null,
            "reinvestment_rate": null,
            "research_to_sale_ratio": null,
            "price_fair": 0,
            "eps_avg_yearly": 0,
            "eps_latest_yearly": 0,
            "eps_growth_yearly": 0
        },
        "20022": {
            "year_quarter": 20022,
            "year": 2002,
            "quarter": 2,
            "eps": null,
            "eps_growth_year": null,
            "eps_4q": null,
            "eps_4q_growth_year": null,
            "roe": null,
            "roe_4q": 0,
            "gross_profit": null,
            "gross_margin": null,
            "gross_margin_4q_avg": 0,
            "net_income": null,
            "net_income_4q": null,
            "revenue": null,
            "revenue_4q": null,
            "common_shares": null,
            "book_valuer_per_share": null,
            "book_valuer_per_share_4q_avg": 0,
            "equity": null,
            "current_ratio": null,
            "debt_ratio": null,
            "inventory_turnover_ratio": null,
            "account_receivable_turnover_ratio": null,
            "reinvestment_rate": null,
            "research_to_sale_ratio": null,
            "price_fair": 0,
            "eps_avg_yearly": 0,
            "eps_latest_yearly": 0,
            "eps_growth_yearly": 0
        },
        "20023": {
            "year_quarter": 20023,
            "year": 2002,
            "quarter": 3,
            "eps": null,
            "eps_growth_year": null,
            "eps_4q": null,
            "eps_4q_growth_year": null,
            "roe": null,
            "roe_4q": 0,
            "gross_profit": null,
            "gross_margin": null,
            "gross_margin_4q_avg": 0,
            "net_income": null,
            "net_income_4q": null,
            "revenue": null,
            "revenue_4q": null,
            "common_shares": null,
            "book_valuer_per_share": null,
            "book_valuer_per_share_4q_avg": 0,
            "equity": null,
            "current_ratio": null,
            "debt_ratio": null,
            "inventory_turnover_ratio": null,
            "account_receivable_turnover_ratio": null,
            "reinvestment_rate": null,
            "research_to_sale_ratio": null,
            "price_fair": 0,
            "eps_avg_yearly": 0,
            "eps_latest_yearly": 0,
            "eps_growth_yearly": 0
        },
        "20024": {
            "year_quarter": 20024,
            "year": 2002,
            "quarter": 4,
            "eps": null,
            "eps_growth_year": null,
            "eps_4q": null,
            "eps_4q_growth_year": null,
            "roe": null,
            "roe_4q": 0,
            "gross_profit": null,
            "gross_margin": null,
            "gross_margin_4q_avg": 0,
            "net_income": null,
            "net_income_4q": null,
            "revenue": null,
            "revenue_4q": null,
            "common_shares": null,
            "book_valuer_per_share": null,
            "book_valuer_per_share_4q_avg": 0,
            "equity": null,
            "current_ratio": null,
            "debt_ratio": null,
            "inventory_turnover_ratio": null,
            "account_receivable_turnover_ratio": null,
            "reinvestment_rate": null,
            "research_to_sale_ratio": null,
            "price_fair": 0,
            "eps_avg_yearly": 0,
            "eps_latest_yearly": 0,
            "eps_growth_yearly": 0
        },
        "20031": {
            "year_quarter": 20031,
            "year": 2003,
            "quarter": 1,
            "eps": null,
            "eps_growth_year": null,
            "eps_4q": null,
            "eps_4q_growth_year": null,
            "roe": null,
            "roe_4q": 0,
            "gross_profit": null,
            "gross_margin": null,
            "gross_margin_4q_avg": 0,
            "net_income": null,
            "net_income_4q": null,
            "revenue": null,
            "revenue_4q": null,
            "common_shares": null,
            "book_valuer_per_share": null,
            "book_valuer_per_share_4q_avg": 0,
            "equity": null,
            "current_ratio": null,
            "debt_ratio": null,
            "inventory_turnover_ratio": null,
            "account_receivable_turnover_ratio": null,
            "reinvestment_rate": null,
            "research_to_sale_ratio": null,
            "price_fair": 0,
            "eps_avg_yearly": 0,
            "eps_latest_yearly": 0,
            "eps_growth_yearly": 0
        },
        "20032": {
            "year_quarter": 20032,
            "year": 2003,
            "quarter": 2,
            "eps": null,
            "eps_growth_year": null,
            "eps_4q": null,
            "eps_4q_growth_year": null,
            "roe": null,
            "roe_4q": 0,
            "gross_profit": null,
            "gross_margin": null,
            "gross_margin_4q_avg": 0,
            "net_income": null,
            "net_income_4q": null,
            "revenue": null,
            "revenue_4q": null,
            "common_shares": null,
            "book_valuer_per_share": null,
            "book_valuer_per_share_4q_avg": 0,
            "equity": null,
            "current_ratio": null,
            "debt_ratio": null,
            "inventory_turnover_ratio": null,
            "account_receivable_turnover_ratio": null,
            "reinvestment_rate": null,
            "research_to_sale_ratio": null,
            "price_fair": 0,
            "eps_avg_yearly": 0,
            "eps_latest_yearly": 0,
            "eps_growth_yearly": 0
        },
        "20033": {
            "year_quarter": 20033,
            "year": 2003,
            "quarter": 3,
            "eps": null,
            "eps_growth_year": null,
            "eps_4q": null,
            "eps_4q_growth_year": null,
            "roe": null,
            "roe_4q": 0,
            "gross_profit": null,
            "gross_margin": null,
            "gross_margin_4q_avg": 0,
            "net_income": null,
            "net_income_4q": null,
            "revenue": null,
            "revenue_4q": null,
            "common_shares": null,
            "book_valuer_per_share": null,
            "book_valuer_per_share_4q_avg": 0,
            "equity": null,
            "current_ratio": null,
            "debt_ratio": null,
            "inventory_turnover_ratio": null,
            "account_receivable_turnover_ratio": null,
            "reinvestment_rate": null,
            "research_to_sale_ratio": null,
            "price_fair": 0,
            "eps_avg_yearly": 0,
            "eps_latest_yearly": 0,
            "eps_growth_yearly": 0
        },
        "20034": {
            "year_quarter": 20034,
            "year": 2003,
            "quarter": 4,
            "eps": null,
            "eps_growth_year": null,
            "eps_4q": null,
            "eps_4q_growth_year": null,
            "roe": null,
            "roe_4q": 0,
            "gross_profit": null,
            "gross_margin": null,
            "gross_margin_4q_avg": 0,
            "net_income": null,
            "net_income_4q": null,
            "revenue": null,
            "revenue_4q": null,
            "common_shares": null,
            "book_valuer_per_share": null,
            "book_valuer_per_share_4q_avg": 0,
            "equity": null,
            "current_ratio": null,
            "debt_ratio": null,
            "inventory_turnover_ratio": null,
            "account_receivable_turnover_ratio": null,
            "reinvestment_rate": null,
            "research_to_sale_ratio": null,
            "price_fair": 0,
            "eps_avg_yearly": 0,
            "eps_latest_yearly": 0,
            "eps_growth_yearly": 0
        },
        "20041": {
            "year_quarter": 20041,
            "year": 2004,
            "quarter": 1,
            "eps": null,
            "eps_growth_year": null,
            "eps_4q": null,
            "eps_4q_growth_year": null,
            "roe": null,
            "roe_4q": 0,
            "gross_profit": null,
            "gross_margin": null,
            "gross_margin_4q_avg": 0,
            "net_income": null,
            "net_income_4q": null,
            "revenue": null,
            "revenue_4q": null,
            "common_shares": null,
            "book_valuer_per_share": null,
            "book_valuer_per_share_4q_avg": 0,
            "equity": null,
            "current_ratio": null,
            "debt_ratio": null,
            "inventory_turnover_ratio": null,
            "account_receivable_turnover_ratio": null,
            "reinvestment_rate": null,
            "research_to_sale_ratio": null,
            "price_fair": 0,
            "eps_avg_yearly": 0,
            "eps_latest_yearly": 0,
            "eps_growth_yearly": 0
        },
        "20042": {
            "year_quarter": 20042,
            "year": 2004,
            "quarter": 2,
            "eps": null,
            "eps_growth_year": null,
            "eps_4q": null,
            "eps_4q_growth_year": null,
            "roe": null,
            "roe_4q": 0,
            "gross_profit": null,
            "gross_margin": null,
            "gross_margin_4q_avg": 0,
            "net_income": null,
            "net_income_4q": null,
            "revenue": null,
            "revenue_4q": null,
            "common_shares": null,
            "book_valuer_per_share": null,
            "book_valuer_per_share_4q_avg": 0,
            "equity": null,
            "current_ratio": null,
            "debt_ratio": null,
            "inventory_turnover_ratio": null,
            "account_receivable_turnover_ratio": null,
            "reinvestment_rate": null,
            "research_to_sale_ratio": null,
            "price_fair": 0,
            "eps_avg_yearly": 0,
            "eps_latest_yearly": 0,
            "eps_growth_yearly": 0
        },
        "20043": {
            "year_quarter": 20043,
            "year": 2004,
            "quarter": 3,
            "eps": null,
            "eps_growth_year": null,
            "eps_4q": null,
            "eps_4q_growth_year": null,
            "roe": null,
            "roe_4q": 0,
            "gross_profit": null,
            "gross_margin": null,
            "gross_margin_4q_avg": 0,
            "net_income": null,
            "net_income_4q": null,
            "revenue": null,
            "revenue_4q": null,
            "common_shares": null,
            "book_valuer_per_share": null,
            "book_valuer_per_share_4q_avg": 0,
            "equity": null,
            "current_ratio": null,
            "debt_ratio": null,
            "inventory_turnover_ratio": null,
            "account_receivable_turnover_ratio": null,
            "reinvestment_rate": null,
            "research_to_sale_ratio": null,
            "price_fair": 0,
            "eps_avg_yearly": 0,
            "eps_latest_yearly": 0,
            "eps_growth_yearly": 0
        },
        "20044": {
            "year_quarter": 20044,
            "year": 2004,
            "quarter": 4,
            "eps": null,
            "eps_growth_year": null,
            "eps_4q": null,
            "eps_4q_growth_year": null,
            "roe": null,
            "roe_4q": 0,
            "gross_profit": null,
            "gross_margin": null,
            "gross_margin_4q_avg": 0,
            "net_income": null,
            "net_income_4q": null,
            "revenue": null,
            "revenue_4q": null,
            "common_shares": null,
            "book_valuer_per_share": null,
            "book_valuer_per_share_4q_avg": 0,
            "equity": null,
            "current_ratio": null,
            "debt_ratio": null,
            "inventory_turnover_ratio": null,
            "account_receivable_turnover_ratio": null,
            "reinvestment_rate": null,
            "research_to_sale_ratio": null,
            "price_fair": 0,
            "eps_avg_yearly": 0,
            "eps_latest_yearly": 0,
            "eps_growth_yearly": 0
        },
        "20051": {
            "year_quarter": 20051,
            "year": 2005,
            "quarter": 1,
            "eps": null,
            "eps_growth_year": null,
            "eps_4q": null,
            "eps_4q_growth_year": null,
            "roe": null,
            "roe_4q": 0,
            "gross_profit": null,
            "gross_margin": null,
            "gross_margin_4q_avg": 0,
            "net_income": null,
            "net_income_4q": null,
            "revenue": null,
            "revenue_4q": null,
            "common_shares": null,
            "book_valuer_per_share": null,
            "book_valuer_per_share_4q_avg": 0,
            "equity": null,
            "current_ratio": null,
            "debt_ratio": null,
            "inventory_turnover_ratio": null,
            "account_receivable_turnover_ratio": null,
            "reinvestment_rate": null,
            "research_to_sale_ratio": null,
            "price_fair": 0,
            "eps_avg_yearly": 0,
            "eps_latest_yearly": 0,
            "eps_growth_yearly": 0
        },
        "20052": {
            "year_quarter": 20052,
            "year": 2005,
            "quarter": 2,
            "eps": null,
            "eps_growth_year": null,
            "eps_4q": null,
            "eps_4q_growth_year": null,
            "roe": null,
            "roe_4q": 0,
            "gross_profit": null,
            "gross_margin": null,
            "gross_margin_4q_avg": 0,
            "net_income": null,
            "net_income_4q": null,
            "revenue": null,
            "revenue_4q": null,
            "common_shares": null,
            "book_valuer_per_share": null,
            "book_valuer_per_share_4q_avg": 0,
            "equity": null,
            "current_ratio": null,
            "debt_ratio": null,
            "inventory_turnover_ratio": null,
            "account_receivable_turnover_ratio": null,
            "reinvestment_rate": null,
            "research_to_sale_ratio": null,
            "price_fair": 0,
            "eps_avg_yearly": 0,
            "eps_latest_yearly": 0,
            "eps_growth_yearly": 0
        },
        "20053": {
            "year_quarter": 20053,
            "year": 2005,
            "quarter": 3,
            "eps": null,
            "eps_growth_year": null,
            "eps_4q": null,
            "eps_4q_growth_year": null,
            "roe": null,
            "roe_4q": 0,
            "gross_profit": null,
            "gross_margin": null,
            "gross_margin_4q_avg": 0,
            "net_income": null,
            "net_income_4q": null,
            "revenue": null,
            "revenue_4q": null,
            "common_shares": null,
            "book_valuer_per_share": null,
            "book_valuer_per_share_4q_avg": 0,
            "equity": null,
            "current_ratio": null,
            "debt_ratio": null,
            "inventory_turnover_ratio": null,
            "account_receivable_turnover_ratio": null,
            "reinvestment_rate": null,
            "research_to_sale_ratio": null,
            "price_fair": 0,
            "eps_avg_yearly": 0,
            "eps_latest_yearly": 0,
            "eps_growth_yearly": 0
        },
        "20054": {
            "year_quarter": 20054,
            "year": 2005,
            "quarter": 4,
            "eps": null,
            "eps_growth_year": null,
            "eps_4q": null,
            "eps_4q_growth_year": null,
            "roe": null,
            "roe_4q": 0,
            "gross_profit": null,
            "gross_margin": null,
            "gross_margin_4q_avg": 0,
            "net_income": null,
            "net_income_4q": null,
            "revenue": null,
            "revenue_4q": null,
            "common_shares": null,
            "book_valuer_per_share": null,
            "book_valuer_per_share_4q_avg": 0,
            "equity": null,
            "current_ratio": null,
            "debt_ratio": null,
            "inventory_turnover_ratio": null,
            "account_receivable_turnover_ratio": null,
            "reinvestment_rate": null,
            "research_to_sale_ratio": null,
            "price_fair": 0,
            "eps_avg_yearly": 0,
            "eps_latest_yearly": 0,
            "eps_growth_yearly": 0
        },
        "20061": {
            "year_quarter": 20061,
            "year": 2006,
            "quarter": 1,
            "eps": null,
            "eps_growth_year": null,
            "eps_4q": null,
            "eps_4q_growth_year": null,
            "roe": null,
            "roe_4q": 0,
            "gross_profit": null,
            "gross_margin": null,
            "gross_margin_4q_avg": 0,
            "net_income": null,
            "net_income_4q": null,
            "revenue": null,
            "revenue_4q": null,
            "common_shares": null,
            "book_valuer_per_share": null,
            "book_valuer_per_share_4q_avg": 0,
            "equity": null,
            "current_ratio": null,
            "debt_ratio": null,
            "inventory_turnover_ratio": null,
            "account_receivable_turnover_ratio": null,
            "reinvestment_rate": null,
            "research_to_sale_ratio": null,
            "price_fair": 0,
            "eps_avg_yearly": 0,
            "eps_latest_yearly": 0,
            "eps_growth_yearly": 0
        },
        "20062": {
            "year_quarter": 20062,
            "year": 2006,
            "quarter": 2,
            "eps": null,
            "eps_growth_year": null,
            "eps_4q": null,
            "eps_4q_growth_year": null,
            "roe": null,
            "roe_4q": 0,
            "gross_profit": null,
            "gross_margin": null,
            "gross_margin_4q_avg": 0,
            "net_income": null,
            "net_income_4q": null,
            "revenue": null,
            "revenue_4q": null,
            "common_shares": null,
            "book_valuer_per_share": null,
            "book_valuer_per_share_4q_avg": 0,
            "equity": null,
            "current_ratio": null,
            "debt_ratio": null,
            "inventory_turnover_ratio": null,
            "account_receivable_turnover_ratio": null,
            "reinvestment_rate": null,
            "research_to_sale_ratio": null,
            "price_fair": 0,
            "eps_avg_yearly": 0,
            "eps_latest_yearly": 0,
            "eps_growth_yearly": 0
        },
        "20063": {
            "year_quarter": 20063,
            "year": 2006,
            "quarter": 3,
            "eps": null,
            "eps_growth_year": null,
            "eps_4q": null,
            "eps_4q_growth_year": null,
            "roe": null,
            "roe_4q": 0,
            "gross_profit": null,
            "gross_margin": null,
            "gross_margin_4q_avg": 0,
            "net_income": null,
            "net_income_4q": null,
            "revenue": null,
            "revenue_4q": null,
            "common_shares": null,
            "book_valuer_per_share": null,
            "book_valuer_per_share_4q_avg": 0,
            "equity": null,
            "current_ratio": null,
            "debt_ratio": null,
            "inventory_turnover_ratio": null,
            "account_receivable_turnover_ratio": null,
            "reinvestment_rate": null,
            "research_to_sale_ratio": null,
            "price_fair": 0,
            "eps_avg_yearly": 0,
            "eps_latest_yearly": 0,
            "eps_growth_yearly": 0
        },
        "20064": {
            "year_quarter": 20064,
            "year": 2006,
            "quarter": 4,
            "eps": null,
            "eps_growth_year": null,
            "eps_4q": null,
            "eps_4q_growth_year": null,
            "roe": null,
            "roe_4q": 0,
            "gross_profit": null,
            "gross_margin": null,
            "gross_margin_4q_avg": 0,
            "net_income": null,
            "net_income_4q": null,
            "revenue": null,
            "revenue_4q": null,
            "common_shares": null,
            "book_valuer_per_share": null,
            "book_valuer_per_share_4q_avg": 0,
            "equity": null,
            "current_ratio": null,
            "debt_ratio": null,
            "inventory_turnover_ratio": null,
            "account_receivable_turnover_ratio": null,
            "reinvestment_rate": null,
            "research_to_sale_ratio": null,
            "price_fair": 0,
            "eps_avg_yearly": 0,
            "eps_latest_yearly": 0,
            "eps_growth_yearly": 0
        },
        "20071": {
            "year_quarter": 20071,
            "year": 2007,
            "quarter": 1,
            "eps": null,
            "eps_growth_year": null,
            "eps_4q": null,
            "eps_4q_growth_year": null,
            "roe": null,
            "roe_4q": 0,
            "gross_profit": null,
            "gross_margin": null,
            "gross_margin_4q_avg": 0,
            "net_income": null,
            "net_income_4q": null,
            "revenue": null,
            "revenue_4q": null,
            "common_shares": null,
            "book_valuer_per_share": null,
            "book_valuer_per_share_4q_avg": 0,
            "equity": null,
            "current_ratio": null,
            "debt_ratio": null,
            "inventory_turnover_ratio": null,
            "account_receivable_turnover_ratio": null,
            "reinvestment_rate": null,
            "research_to_sale_ratio": null,
            "price_fair": 0,
            "eps_avg_yearly": 0,
            "eps_latest_yearly": 0,
            "eps_growth_yearly": 0
        },
        "20072": {
            "year_quarter": 20072,
            "year": 2007,
            "quarter": 2,
            "eps": null,
            "eps_growth_year": null,
            "eps_4q": null,
            "eps_4q_growth_year": null,
            "roe": null,
            "roe_4q": 0,
            "gross_profit": null,
            "gross_margin": null,
            "gross_margin_4q_avg": 0,
            "net_income": null,
            "net_income_4q": null,
            "revenue": null,
            "revenue_4q": null,
            "common_shares": null,
            "book_valuer_per_share": null,
            "book_valuer_per_share_4q_avg": 0,
            "equity": null,
            "current_ratio": null,
            "debt_ratio": null,
            "inventory_turnover_ratio": null,
            "account_receivable_turnover_ratio": null,
            "reinvestment_rate": null,
            "research_to_sale_ratio": null,
            "price_fair": 0,
            "eps_avg_yearly": 0,
            "eps_latest_yearly": 0,
            "eps_growth_yearly": 0
        },
        "20073": {
            "year_quarter": 20073,
            "year": 2007,
            "quarter": 3,
            "eps": null,
            "eps_growth_year": null,
            "eps_4q": null,
            "eps_4q_growth_year": null,
            "roe": null,
            "roe_4q": 0,
            "gross_profit": null,
            "gross_margin": null,
            "gross_margin_4q_avg": 0,
            "net_income": null,
            "net_income_4q": null,
            "revenue": null,
            "revenue_4q": null,
            "common_shares": null,
            "book_valuer_per_share": null,
            "book_valuer_per_share_4q_avg": 0,
            "equity": null,
            "current_ratio": null,
            "debt_ratio": null,
            "inventory_turnover_ratio": null,
            "account_receivable_turnover_ratio": null,
            "reinvestment_rate": null,
            "research_to_sale_ratio": null,
            "price_fair": 0,
            "eps_avg_yearly": 0,
            "eps_latest_yearly": 0,
            "eps_growth_yearly": 0
        },
        "20074": {
            "year_quarter": 20074,
            "year": 2007,
            "quarter": 4,
            "eps": null,
            "eps_growth_year": null,
            "eps_4q": null,
            "eps_4q_growth_year": null,
            "roe": null,
            "roe_4q": 0,
            "gross_profit": null,
            "gross_margin": null,
            "gross_margin_4q_avg": 0,
            "net_income": null,
            "net_income_4q": null,
            "revenue": null,
            "revenue_4q": null,
            "common_shares": 10000,
            "book_valuer_per_share": 2.25,
            "book_valuer_per_share_4q_avg": 0.56,
            "equity": 2251,
            "current_ratio": 79.12,
            "debt_ratio": 91.06,
            "inventory_turnover_ratio": null,
            "account_receivable_turnover_ratio": null,
            "reinvestment_rate": null,
            "research_to_sale_ratio": null,
            "price_fair": 0,
            "eps_avg_yearly": 0,
            "eps_latest_yearly": 0,
            "eps_growth_yearly": 0
        },
        "20081": {
            "year_quarter": 20081,
            "year": 2008,
            "quarter": 1,
            "eps": null,
            "eps_growth_year": null,
            "eps_4q": null,
            "eps_4q_growth_year": null,
            "roe": null,
            "roe_4q": 0,
            "gross_profit": null,
            "gross_margin": null,
            "gross_margin_4q_avg": 0,
            "net_income": null,
            "net_income_4q": null,
            "revenue": null,
            "revenue_4q": null,
            "common_shares": null,
            "book_valuer_per_share": null,
            "book_valuer_per_share_4q_avg": 0.56,
            "equity": null,
            "current_ratio": null,
            "debt_ratio": null,
            "inventory_turnover_ratio": null,
            "account_receivable_turnover_ratio": null,
            "reinvestment_rate": null,
            "research_to_sale_ratio": null,
            "price_fair": 0,
            "eps_avg_yearly": 0,
            "eps_latest_yearly": 0,
            "eps_growth_yearly": 0
        },
        "20082": {
            "year_quarter": 20082,
            "year": 2008,
            "quarter": 2,
            "eps": null,
            "eps_growth_year": null,
            "eps_4q": null,
            "eps_4q_growth_year": null,
            "roe": null,
            "roe_4q": 0,
            "gross_profit": null,
            "gross_margin": null,
            "gross_margin_4q_avg": 0,
            "net_income": null,
            "net_income_4q": null,
            "revenue": null,
            "revenue_4q": null,
            "common_shares": null,
            "book_valuer_per_share": null,
            "book_valuer_per_share_4q_avg": 0.56,
            "equity": null,
            "current_ratio": null,
            "debt_ratio": null,
            "inventory_turnover_ratio": null,
            "account_receivable_turnover_ratio": null,
            "reinvestment_rate": null,
            "research_to_sale_ratio": null,
            "price_fair": 0,
            "eps_avg_yearly": 0,
            "eps_latest_yearly": 0,
            "eps_growth_yearly": 0
        },
        "20083": {
            "year_quarter": 20083,
            "year": 2008,
            "quarter": 3,
            "eps": null,
            "eps_growth_year": null,
            "eps_4q": null,
            "eps_4q_growth_year": null,
            "roe": null,
            "roe_4q": 0,
            "gross_profit": null,
            "gross_margin": null,
            "gross_margin_4q_avg": 0,
            "net_income": null,
            "net_income_4q": null,
            "revenue": null,
            "revenue_4q": null,
            "common_shares": null,
            "book_valuer_per_share": null,
            "book_valuer_per_share_4q_avg": 0.56,
            "equity": null,
            "current_ratio": null,
            "debt_ratio": null,
            "inventory_turnover_ratio": null,
            "account_receivable_turnover_ratio": null,
            "reinvestment_rate": null,
            "research_to_sale_ratio": null,
            "price_fair": 0,
            "eps_avg_yearly": 0,
            "eps_latest_yearly": 0,
            "eps_growth_yearly": 0
        },
        "20084": {
            "year_quarter": 20084,
            "year": 2008,
            "quarter": 4,
            "eps": null,
            "eps_growth_year": null,
            "eps_4q": null,
            "eps_4q_growth_year": null,
            "roe": null,
            "roe_4q": 0,
            "gross_profit": null,
            "gross_margin": null,
            "gross_margin_4q_avg": 0,
            "net_income": null,
            "net_income_4q": null,
            "revenue": null,
            "revenue_4q": null,
            "common_shares": 10000,
            "book_valuer_per_share": 0.15,
            "book_valuer_per_share_4q_avg": 0.04,
            "equity": 150,
            "current_ratio": 82.84,
            "debt_ratio": 99.75,
            "inventory_turnover_ratio": null,
            "account_receivable_turnover_ratio": null,
            "reinvestment_rate": null,
            "research_to_sale_ratio": null,
            "price_fair": 0,
            "eps_avg_yearly": 0,
            "eps_latest_yearly": 0,
            "eps_growth_yearly": 0
        },
        "20091": {
            "year_quarter": 20091,
            "year": 2009,
            "quarter": 1,
            "eps": null,
            "eps_growth_year": null,
            "eps_4q": null,
            "eps_4q_growth_year": null,
            "roe": null,
            "roe_4q": 0,
            "gross_profit": null,
            "gross_margin": null,
            "gross_margin_4q_avg": 0,
            "net_income": null,
            "net_income_4q": null,
            "revenue": null,
            "revenue_4q": null,
            "common_shares": null,
            "book_valuer_per_share": null,
            "book_valuer_per_share_4q_avg": 0.04,
            "equity": null,
            "current_ratio": null,
            "debt_ratio": null,
            "inventory_turnover_ratio": null,
            "account_receivable_turnover_ratio": null,
            "reinvestment_rate": null,
            "research_to_sale_ratio": null,
            "price_fair": 0,
            "eps_avg_yearly": 0,
            "eps_latest_yearly": 0,
            "eps_growth_yearly": 0
        },
        "20092": {
            "year_quarter": 20092,
            "year": 2009,
            "quarter": 2,
            "eps": null,
            "eps_growth_year": null,
            "eps_4q": null,
            "eps_4q_growth_year": null,
            "roe": null,
            "roe_4q": 0,
            "gross_profit": null,
            "gross_margin": null,
            "gross_margin_4q_avg": 0,
            "net_income": null,
            "net_income_4q": null,
            "revenue": null,
            "revenue_4q": null,
            "common_shares": null,
            "book_valuer_per_share": null,
            "book_valuer_per_share_4q_avg": 0.04,
            "equity": null,
            "current_ratio": null,
            "debt_ratio": null,
            "inventory_turnover_ratio": null,
            "account_receivable_turnover_ratio": null,
            "reinvestment_rate": null,
            "research_to_sale_ratio": null,
            "price_fair": 0,
            "eps_avg_yearly": 0,
            "eps_latest_yearly": 0,
            "eps_growth_yearly": 0
        },
        "20093": {
            "year_quarter": 20093,
            "year": 2009,
            "quarter": 3,
            "eps": null,
            "eps_growth_year": null,
            "eps_4q": null,
            "eps_4q_growth_year": null,
            "roe": null,
            "roe_4q": 0,
            "gross_profit": null,
            "gross_margin": null,
            "gross_margin_4q_avg": 0,
            "net_income": null,
            "net_income_4q": null,
            "revenue": null,
            "revenue_4q": null,
            "common_shares": null,
            "book_valuer_per_share": null,
            "book_valuer_per_share_4q_avg": 0.04,
            "equity": null,
            "current_ratio": null,
            "debt_ratio": null,
            "inventory_turnover_ratio": null,
            "account_receivable_turnover_ratio": null,
            "reinvestment_rate": null,
            "research_to_sale_ratio": null,
            "price_fair": 0,
            "eps_avg_yearly": 0,
            "eps_latest_yearly": 0,
            "eps_growth_yearly": 0
        },
        "20094": {
            "year_quarter": 20094,
            "year": 2009,
            "quarter": 4,
            "eps": null,
            "eps_growth_year": null,
            "eps_4q": null,
            "eps_4q_growth_year": null,
            "roe": null,
            "roe_4q": 0,
            "gross_profit": null,
            "gross_margin": null,
            "gross_margin_4q_avg": 0,
            "net_income": null,
            "net_income_4q": null,
            "revenue": null,
            "revenue_4q": null,
            "common_shares": 10000,
            "book_valuer_per_share": -4.96,
            "book_valuer_per_share_4q_avg": -1.24,
            "equity": -4958,
            "current_ratio": 72.01,
            "debt_ratio": 112.55,
            "inventory_turnover_ratio": null,
            "account_receivable_turnover_ratio": null,
            "reinvestment_rate": null,
            "research_to_sale_ratio": null,
            "price_fair": 0,
            "eps_avg_yearly": 0,
            "eps_latest_yearly": 0,
            "eps_growth_yearly": 0
        },
        "20101": {
            "year_quarter": 20101,
            "year": 2010,
            "quarter": 1,
            "eps": null,
            "eps_growth_year": null,
            "eps_4q": null,
            "eps_4q_growth_year": null,
            "roe": null,
            "roe_4q": 0,
            "gross_profit": null,
            "gross_margin": null,
            "gross_margin_4q_avg": 0,
            "net_income": null,
            "net_income_4q": null,
            "revenue": null,
            "revenue_4q": null,
            "common_shares": null,
            "book_valuer_per_share": null,
            "book_valuer_per_share_4q_avg": -1.24,
            "equity": null,
            "current_ratio": null,
            "debt_ratio": null,
            "inventory_turnover_ratio": null,
            "account_receivable_turnover_ratio": null,
            "reinvestment_rate": null,
            "research_to_sale_ratio": null,
            "price_fair": 0,
            "eps_avg_yearly": 0,
            "eps_latest_yearly": 0,
            "eps_growth_yearly": 0
        },
        "20102": {
            "year_quarter": 20102,
            "year": 2010,
            "quarter": 2,
            "eps": null,
            "eps_growth_year": null,
            "eps_4q": null,
            "eps_4q_growth_year": null,
            "roe": null,
            "roe_4q": 0,
            "gross_profit": null,
            "gross_margin": null,
            "gross_margin_4q_avg": 0,
            "net_income": null,
            "net_income_4q": null,
            "revenue": null,
            "revenue_4q": null,
            "common_shares": null,
            "book_valuer_per_share": null,
            "book_valuer_per_share_4q_avg": -1.24,
            "equity": null,
            "current_ratio": null,
            "debt_ratio": null,
            "inventory_turnover_ratio": null,
            "account_receivable_turnover_ratio": null,
            "reinvestment_rate": null,
            "research_to_sale_ratio": null,
            "price_fair": 0,
            "eps_avg_yearly": 0,
            "eps_latest_yearly": 0,
            "eps_growth_yearly": 0
        },
        "20103": {
            "year_quarter": 20103,
            "year": 2010,
            "quarter": 3,
            "eps": null,
            "eps_growth_year": null,
            "eps_4q": null,
            "eps_4q_growth_year": null,
            "roe": null,
            "roe_4q": 0,
            "gross_profit": null,
            "gross_margin": null,
            "gross_margin_4q_avg": 0,
            "net_income": null,
            "net_income_4q": null,
            "revenue": null,
            "revenue_4q": null,
            "common_shares": null,
            "book_valuer_per_share": null,
            "book_valuer_per_share_4q_avg": -1.24,
            "equity": null,
            "current_ratio": null,
            "debt_ratio": null,
            "inventory_turnover_ratio": null,
            "account_receivable_turnover_ratio": null,
            "reinvestment_rate": null,
            "research_to_sale_ratio": null,
            "price_fair": 0,
            "eps_avg_yearly": 0,
            "eps_latest_yearly": 0,
            "eps_growth_yearly": 0
        },
        "20104": {
            "year_quarter": 20104,
            "year": 2010,
            "quarter": 4,
            "eps": null,
            "eps_growth_year": null,
            "eps_4q": null,
            "eps_4q_growth_year": null,
            "roe": null,
            "roe_4q": 0,
            "gross_profit": null,
            "gross_margin": null,
            "gross_margin_4q_avg": 0,
            "net_income": null,
            "net_income_4q": null,
            "revenue": null,
            "revenue_4q": null,
            "common_shares": 10000,
            "book_valuer_per_share": 25.58,
            "book_valuer_per_share_4q_avg": 6.4,
            "equity": 25577,
            "current_ratio": 119.91,
            "debt_ratio": 76.98,
            "inventory_turnover_ratio": null,
            "account_receivable_turnover_ratio": null,
            "reinvestment_rate": null,
            "research_to_sale_ratio": null,
            "price_fair": 0,
            "eps_avg_yearly": 0,
            "eps_latest_yearly": 0,
            "eps_growth_yearly": 0
        },
        "20111": {
            "year_quarter": 20111,
            "year": 2011,
            "quarter": 1,
            "eps": null,
            "eps_growth_year": null,
            "eps_4q": null,
            "eps_4q_growth_year": null,
            "roe": null,
            "roe_4q": 0,
            "gross_profit": null,
            "gross_margin": null,
            "gross_margin_4q_avg": 0,
            "net_income": null,
            "net_income_4q": null,
            "revenue": null,
            "revenue_4q": null,
            "common_shares": null,
            "book_valuer_per_share": null,
            "book_valuer_per_share_4q_avg": 6.4,
            "equity": null,
            "current_ratio": null,
            "debt_ratio": null,
            "inventory_turnover_ratio": null,
            "account_receivable_turnover_ratio": null,
            "reinvestment_rate": null,
            "research_to_sale_ratio": null,
            "price_fair": 0,
            "eps_avg_yearly": 0,
            "eps_latest_yearly": 0,
            "eps_growth_yearly": 0
        },
        "20112": {
            "year_quarter": 20112,
            "year": 2011,
            "quarter": 2,
            "eps": null,
            "eps_growth_year": null,
            "eps_4q": null,
            "eps_4q_growth_year": null,
            "roe": null,
            "roe_4q": 0,
            "gross_profit": null,
            "gross_margin": null,
            "gross_margin_4q_avg": 0,
            "net_income": null,
            "net_income_4q": null,
            "revenue": null,
            "revenue_4q": null,
            "common_shares": 10000,
            "book_valuer_per_share": null,
            "book_valuer_per_share_4q_avg": 6.4,
            "equity": 77356,
            "current_ratio": null,
            "debt_ratio": null,
            "inventory_turnover_ratio": null,
            "account_receivable_turnover_ratio": null,
            "reinvestment_rate": null,
            "research_to_sale_ratio": null,
            "price_fair": 0,
            "eps_avg_yearly": 0,
            "eps_latest_yearly": 0,
            "eps_growth_yearly": 0
        },
        "20113": {
            "year_quarter": 20113,
            "year": 2011,
            "quarter": 3,
            "eps": null,
            "eps_growth_year": null,
            "eps_4q": null,
            "eps_4q_growth_year": null,
            "roe": null,
            "roe_4q": 0,
            "gross_profit": 72934,
            "gross_margin": null,
            "gross_margin_4q_avg": 0,
            "net_income": 27874,
            "net_income_4q": null,
            "revenue": 78762,
            "revenue_4q": null,
            "common_shares": 10000,
            "book_valuer_per_share": 105.23,
            "book_valuer_per_share_4q_avg": 32.7,
            "equity": 105231,
            "current_ratio": 218.04,
            "debt_ratio": 43.5,
            "inventory_turnover_ratio": null,
            "account_receivable_turnover_ratio": null,
            "reinvestment_rate": null,
            "research_to_sale_ratio": null,
            "price_fair": 0,
            "eps_avg_yearly": 0,
            "eps_latest_yearly": 0,
            "eps_growth_yearly": 0
        },
        "20114": {
            "year_quarter": 20114,
            "year": 2011,
            "quarter": 4,
            "eps": null,
            "eps_growth_year": null,
            "eps_4q": null,
            "eps_4q_growth_year": null,
            "roe": null,
            "roe_4q": 0,
            "gross_profit": 60952,
            "gross_margin": null,
            "gross_margin_4q_avg": 0,
            "net_income": 17028,
            "net_income_4q": null,
            "revenue": 70901,
            "revenue_4q": null,
            "common_shares": 50000,
            "book_valuer_per_share": 30.16,
            "book_valuer_per_share_4q_avg": 33.85,
            "equity": 150811,
            "current_ratio": 283.78,
            "debt_ratio": 33.92,
            "inventory_turnover_ratio": null,
            "account_receivable_turnover_ratio": null,
            "reinvestment_rate": null,
            "research_to_sale_ratio": null,
            "price_fair": 0,
            "eps_avg_yearly": 0,
            "eps_latest_yearly": 0,
            "eps_growth_yearly": 0
        },
        "20121": {
            "year_quarter": 20121,
            "year": 2012,
            "quarter": 1,
            "eps": null,
            "eps_growth_year": null,
            "eps_4q": null,
            "eps_4q_growth_year": null,
            "roe": null,
            "roe_4q": 0,
            "gross_profit": 59233,
            "gross_margin": null,
            "gross_margin_4q_avg": 0,
            "net_income": 14111,
            "net_income_4q": null,
            "revenue": 67370,
            "revenue_4q": null,
            "common_shares": 120000,
            "book_valuer_per_share": null,
            "book_valuer_per_share_4q_avg": 33.85,
            "equity": 147415,
            "current_ratio": null,
            "debt_ratio": null,
            "inventory_turnover_ratio": null,
            "account_receivable_turnover_ratio": null,
            "reinvestment_rate": null,
            "research_to_sale_ratio": null,
            "price_fair": 0,
            "eps_avg_yearly": 0,
            "eps_latest_yearly": 0,
            "eps_growth_yearly": 0
        },
        "20122": {
            "year_quarter": 20122,
            "year": 2012,
            "quarter": 2,
            "eps": null,
            "eps_growth_year": null,
            "eps_4q": null,
            "eps_4q_growth_year": null,
            "roe": null,
            "roe_4q": 0,
            "gross_profit": 61833,
            "gross_margin": null,
            "gross_margin_4q_avg": 0,
            "net_income": 18062,
            "net_income_4q": null,
            "revenue": 70434,
            "revenue_4q": null,
            "common_shares": 120000,
            "book_valuer_per_share": 13.98,
            "book_valuer_per_share_4q_avg": 37.34,
            "equity": 167758,
            "current_ratio": 298.07,
            "debt_ratio": 31.42,
            "inventory_turnover_ratio": null,
            "account_receivable_turnover_ratio": null,
            "reinvestment_rate": null,
            "research_to_sale_ratio": null,
            "price_fair": 0,
            "eps_avg_yearly": 0,
            "eps_latest_yearly": 0,
            "eps_growth_yearly": 0
        },
        "20123": {
            "year_quarter": 20123,
            "year": 2012,
            "quarter": 3,
            "eps": 2.22,
            "eps_growth_year": null,
            "eps_4q": 2.22,
            "eps_4q_growth_year": null,
            "roe": 14.68,
            "roe_4q": 14.68,
            "gross_profit": 65256,
            "gross_margin": 87.61,
            "gross_margin_4q_avg": 21.9,
            "net_income": 26638,
            "net_income_4q": null,
            "revenue": 74488,
            "revenue_4q": null,
            "common_shares": 120000,
            "book_valuer_per_share": 16.28,
            "book_valuer_per_share_4q_avg": 15.11,
            "equity": 195242,
            "current_ratio": 395.8,
            "debt_ratio": 23.75,
            "inventory_turnover_ratio": null,
            "account_receivable_turnover_ratio": 1.49,
            "reinvestment_rate": null,
            "research_to_sale_ratio": 7,
            "price_fair": 0,
            "eps_avg_yearly": 0,
            "eps_latest_yearly": 0,
            "eps_growth_yearly": 0
        },
        "20124": {
            "year_quarter": 20124,
            "year": 2012,
            "quarter": 4,
            "eps": 3.07,
            "eps_growth_year": null,
            "eps_4q": 5.35,
            "eps_4q_growth_year": null,
            "roe": 19.02,
            "roe_4q": 33.7,
            "gross_profit": 76528,
            "gross_margin": 87.98,
            "gross_margin_4q_avg": 43.9,
            "net_income": 35840,
            "net_income_4q": null,
            "revenue": 86979,
            "revenue_4q": null,
            "common_shares": 120000,
            "book_valuer_per_share": 15.55,
            "book_valuer_per_share_4q_avg": 11.45,
            "equity": 181582,
            "current_ratio": 329.97,
            "debt_ratio": 28.17,
            "inventory_turnover_ratio": null,
            "account_receivable_turnover_ratio": 1.56,
            "reinvestment_rate": null,
            "research_to_sale_ratio": 6.15,
            "price_fair": 429.8,
            "eps_avg_yearly": 12.28,
            "eps_latest_yearly": 12.28,
            "eps_growth_yearly": 153.15
        },
        "20131": {
            "year_quarter": 20131,
            "year": 2013,
            "quarter": 1,
            "eps": 2.11,
            "eps_growth_year": null,
            "eps_4q": 7.26,
            "eps_4q_growth_year": null,
            "roe": 12.68,
            "roe_4q": 46.379999999999995,
            "gross_profit": 69886,
            "gross_margin": 86.19,
            "gross_margin_4q_avg": 65.45,
            "net_income": 24659,
            "net_income_4q": null,
            "revenue": 81080,
            "revenue_4q": null,
            "common_shares": 120000,
            "book_valuer_per_share": 17.28,
            "book_valuer_per_share_4q_avg": 15.77,
            "equity": 207358,
            "current_ratio": 376.42,
            "debt_ratio": 24.14,
            "inventory_turnover_ratio": null,
            "account_receivable_turnover_ratio": 1.42,
            "reinvestment_rate": null,
            "research_to_sale_ratio": 7.57,
            "price_fair": 249.01,
            "eps_avg_yearly": 10.36,
            "eps_latest_yearly": 8.44,
            "eps_growth_yearly": 14.04
        },
        "20132": {
            "year_quarter": 20132,
            "year": 2013,
            "quarter": 2,
            "eps": 1.22,
            "eps_growth_year": null,
            "eps_4q": 7.91,
            "eps_4q_growth_year": null,
            "roe": 5.47,
            "roe_4q": 51.85,
            "gross_profit": 67659,
            "gross_margin": 84.25,
            "gross_margin_4q_avg": 86.51,
            "net_income": 14775,
            "net_income_4q": null,
            "revenue": 80312,
            "revenue_4q": null,
            "common_shares": 132000,
            "book_valuer_per_share": 25.82,
            "book_valuer_per_share_4q_avg": 18.73,
            "equity": 332521,
            "current_ratio": 293.46,
            "debt_ratio": 32.17,
            "inventory_turnover_ratio": null,
            "account_receivable_turnover_ratio": 1.39,
            "reinvestment_rate": null,
            "research_to_sale_ratio": 7.82,
            "price_fair": 25.6,
            "eps_avg_yearly": 8.53,
            "eps_latest_yearly": 4.88,
            "eps_growth_yearly": -46.88
        },
        "20133": {
            "year_quarter": 20133,
            "year": 2013,
            "quarter": 3,
            "eps": 1.66,
            "eps_growth_year": -25.26,
            "eps_4q": 6.7,
            "eps_4q_growth_year": 201.46,
            "roe": 6.69,
            "roe_4q": 43.86,
            "gross_profit": 66143,
            "gross_margin": 85.21,
            "gross_margin_4q_avg": 85.91,
            "net_income": 21354,
            "net_income_4q": null,
            "revenue": 77620,
            "revenue_4q": null,
            "common_shares": 132000,
            "book_valuer_per_share": 24.26,
            "book_valuer_per_share_4q_avg": 20.73,
            "equity": 306022,
            "current_ratio": 586.55,
            "debt_ratio": 15.61,
            "inventory_turnover_ratio": null,
            "account_receivable_turnover_ratio": 1.42,
            "reinvestment_rate": null,
            "research_to_sale_ratio": 6.91,
            "price_fair": 80.6,
            "eps_avg_yearly": 8.06,
            "eps_latest_yearly": 6.64,
            "eps_growth_yearly": 0.9
        },
        "20134": {
            "year_quarter": 20134,
            "year": 2013,
            "quarter": 4,
            "eps": 1.53,
            "eps_growth_year": -50.21,
            "eps_4q": 6.35,
            "eps_4q_growth_year": 18.66,
            "roe": 6.1,
            "roe_4q": 30.939999999999998,
            "gross_profit": 56941,
            "gross_margin": 84.52,
            "gross_margin_4q_avg": 85.04,
            "net_income": 19270,
            "net_income_4q": null,
            "revenue": 67371,
            "revenue_4q": null,
            "common_shares": 129330,
            "book_valuer_per_share": 25.84,
            "book_valuer_per_share_4q_avg": 23.3,
            "equity": 325961,
            "current_ratio": 650.91,
            "debt_ratio": 14.19,
            "inventory_turnover_ratio": null,
            "account_receivable_turnover_ratio": 1.42,
            "reinvestment_rate": null,
            "research_to_sale_ratio": 9.02,
            "price_fair": 23.02,
            "eps_avg_yearly": 7.67,
            "eps_latest_yearly": 6.12,
            "eps_growth_yearly": -5.54
        },
        "20141": {
            "year_quarter": 20141,
            "year": 2014,
            "quarter": 1,
            "eps": 0.88,
            "eps_growth_year": -58.29,
            "eps_4q": 5.2,
            "eps_4q_growth_year": -28.34,
            "roe": 3.35,
            "roe_4q": 21.61,
            "gross_profit": 60635,
            "gross_margin": 83.34,
            "gross_margin_4q_avg": 84.33,
            "net_income": 11141,
            "net_income_4q": null,
            "revenue": 72760,
            "revenue_4q": null,
            "common_shares": 129330,
            "book_valuer_per_share": 26.84,
            "book_valuer_per_share_4q_avg": 25.69,
            "equity": 339114,
            "current_ratio": 383.83,
            "debt_ratio": 24.41,
            "inventory_turnover_ratio": null,
            "account_receivable_turnover_ratio": 1.56,
            "reinvestment_rate": null,
            "research_to_sale_ratio": 7.66,
            "price_fair": 20.94,
            "eps_avg_yearly": 6.98,
            "eps_latest_yearly": 3.52,
            "eps_growth_yearly": -32.94
        },
        "20142": {
            "year_quarter": 20142,
            "year": 2014,
            "quarter": 2,
            "eps": 0.14,
            "eps_growth_year": -88.52,
            "eps_4q": 4.24,
            "eps_4q_growth_year": -46.41,
            "roe": 0.59,
            "roe_4q": 16.73,
            "gross_profit": 57559,
            "gross_margin": 82.66,
            "gross_margin_4q_avg": 83.93,
            "net_income": 1806,
            "net_income_4q": null,
            "revenue": 69634,
            "revenue_4q": null,
            "common_shares": 129530,
            "book_valuer_per_share": 21.29,
            "book_valuer_per_share_4q_avg": 24.56,
            "equity": 268984,
            "current_ratio": 248.79,
            "debt_ratio": 37.19,
            "inventory_turnover_ratio": null,
            "account_receivable_turnover_ratio": 1.49,
            "reinvestment_rate": null,
            "research_to_sale_ratio": 8.95,
            "price_fair": 18.19,
            "eps_avg_yearly": 6.06,
            "eps_latest_yearly": 0.56,
            "eps_growth_yearly": -76.29
        },
        "20143": {
            "year_quarter": 20143,
            "year": 2014,
            "quarter": 3,
            "eps": 0.36,
            "eps_growth_year": -78.31,
            "eps_4q": 2.86,
            "eps_4q_growth_year": -57.29,
            "roe": 1.66,
            "roe_4q": 11.7,
            "gross_profit": 54013,
            "gross_margin": 84.14,
            "gross_margin_4q_avg": 83.67,
            "net_income": 4510,
            "net_income_4q": null,
            "revenue": 64198,
            "revenue_4q": null,
            "common_shares": 131630,
            "book_valuer_per_share": 21.34,
            "book_valuer_per_share_4q_avg": 23.83,
            "equity": 274039,
            "current_ratio": 474.72,
            "debt_ratio": 19.09,
            "inventory_turnover_ratio": null,
            "account_receivable_turnover_ratio": 1.55,
            "reinvestment_rate": null,
            "research_to_sale_ratio": 8.69,
            "price_fair": 119.68,
            "eps_avg_yearly": 5.49,
            "eps_latest_yearly": 1.44,
            "eps_growth_yearly": 11.82
        },
        "20144": {
            "year_quarter": 20144,
            "year": 2014,
            "quarter": 4,
            "eps": -0.29,
            "eps_growth_year": -118.95,
            "eps_4q": 1.07,
            "eps_4q_growth_year": -83.14,
            "roe": -1.36,
            "roe_4q": 4.24,
            "gross_profit": 46802,
            "gross_margin": 83.12,
            "gross_margin_4q_avg": 83.32,
            "net_income": -3718,
            "net_income_4q": null,
            "revenue": 56307,
            "revenue_4q": null,
            "common_shares": 131630,
            "book_valuer_per_share": 21.14,
            "book_valuer_per_share_4q_avg": 22.65,
            "equity": 271392,
            "current_ratio": 557.66,
            "debt_ratio": 15.97,
            "inventory_turnover_ratio": null,
            "account_receivable_turnover_ratio": 1.63,
            "reinvestment_rate": null,
            "research_to_sale_ratio": 11.22,
            "price_fair": 119.68,
            "eps_avg_yearly": 5.49,
            "eps_latest_yearly": 1.44,
            "eps_growth_yearly": 11.82
        },
        "20151": {
            "year_quarter": 20151,
            "year": 2015,
            "quarter": 1,
            "eps": -0.86,
            "eps_growth_year": -197.73,
            "eps_4q": -0.64,
            "eps_4q_growth_year": -112.33,
            "roe": -4.06,
            "roe_4q": -3.17,
            "gross_profit": 45012,
            "gross_margin": 83.38,
            "gross_margin_4q_avg": 83.33,
            "net_income": -10832,
            "net_income_4q": null,
            "revenue": 53982,
            "revenue_4q": null,
            "common_shares": 131480,
            "book_valuer_per_share": 20.39,
            "book_valuer_per_share_4q_avg": 21.04,
            "equity": 261612,
            "current_ratio": 511.35,
            "debt_ratio": 17.42,
            "inventory_turnover_ratio": null,
            "account_receivable_turnover_ratio": 1.72,
            "reinvestment_rate": null,
            "research_to_sale_ratio": 15.2,
            "price_fair": 119.68,
            "eps_avg_yearly": 5.49,
            "eps_latest_yearly": 1.44,
            "eps_growth_yearly": 11.82
        },
        "20152": {
            "year_quarter": 20152,
            "year": 2015,
            "quarter": 2,
            "eps": -0.39,
            "eps_growth_year": -378.57,
            "eps_4q": -1.16,
            "eps_4q_growth_year": -127.43,
            "roe": -1.93,
            "roe_4q": -5.6899999999999995,
            "gross_profit": 42819,
            "gross_margin": 82.3,
            "gross_margin_4q_avg": 83.24,
            "net_income": -4884,
            "net_income_4q": null,
            "revenue": 52029,
            "revenue_4q": null,
            "common_shares": 131480,
            "book_valuer_per_share": 19.1,
            "book_valuer_per_share_4q_avg": 20.49,
            "equity": 245024,
            "current_ratio": 423.94,
            "debt_ratio": 20.53,
            "inventory_turnover_ratio": null,
            "account_receivable_turnover_ratio": 1.71,
            "reinvestment_rate": 4.88,
            "research_to_sale_ratio": 14.1,
            "price_fair": 119.68,
            "eps_avg_yearly": 5.49,
            "eps_latest_yearly": 1.44,
            "eps_growth_yearly": 11.82
        },
        "20153": {
            "year_quarter": 20153,
            "year": 2015,
            "quarter": 3,
            "eps": -1.64,
            "eps_growth_year": -555.56,
            "eps_4q": -3.11,
            "eps_4q_growth_year": -208.89,
            "roe": -8.65,
            "roe_4q": -16,
            "gross_profit": 51230,
            "gross_margin": 78.21,
            "gross_margin_4q_avg": 81.75,
            "net_income": -20248,
            "net_income_4q": null,
            "revenue": 65507,
            "revenue_4q": null,
            "common_shares": 132180,
            "book_valuer_per_share": 17.52,
            "book_valuer_per_share_4q_avg": 19.54,
            "equity": 223310,
            "current_ratio": 388.06,
            "debt_ratio": 22.17,
            "inventory_turnover_ratio": null,
            "account_receivable_turnover_ratio": 2.06,
            "reinvestment_rate": 6.71,
            "research_to_sale_ratio": 14.8,
            "price_fair": 119.68,
            "eps_avg_yearly": 5.49,
            "eps_latest_yearly": 1.44,
            "eps_growth_yearly": 11.82
        },
        "20154": {
            "year_quarter": 20154,
            "year": 2015,
            "quarter": 4,
            "eps": -2.76,
            "eps_growth_year": null,
            "eps_4q": -5.58,
            "eps_4q_growth_year": -621.58,
            "roe": -17.03,
            "roe_4q": -31.669999999999998,
            "gross_profit": 54714,
            "gross_margin": 76.13,
            "gross_margin_4q_avg": 80.01,
            "net_income": -35124,
            "net_income_4q": null,
            "revenue": 71866,
            "revenue_4q": null,
            "common_shares": 127365,
            "book_valuer_per_share": 14.85,
            "book_valuer_per_share_4q_avg": 17.97,
            "equity": 189119,
            "current_ratio": 339.03,
            "debt_ratio": 23.96,
            "inventory_turnover_ratio": null,
            "account_receivable_turnover_ratio": 2.1,
            "reinvestment_rate": 15.12,
            "research_to_sale_ratio": 12.13,
            "price_fair": 119.68,
            "eps_avg_yearly": 5.49,
            "eps_latest_yearly": 1.44,
            "eps_growth_yearly": 11.82
        },
        "20161": {
            "year_quarter": 20161,
            "year": 2016,
            "quarter": 1,
            "eps": -1.31,
            "eps_growth_year": null,
            "eps_4q": -5.53,
            "eps_4q_growth_year": null,
            "roe": -8.47,
            "roe_4q": -36.08,
            "gross_profit": 57049,
            "gross_margin": 72.46,
            "gross_margin_4q_avg": 77.28,
            "net_income": -16439,
            "net_income_4q": null,
            "revenue": 78727,
            "revenue_4q": null,
            "common_shares": 138775,
            "book_valuer_per_share": 14.35,
            "book_valuer_per_share_4q_avg": 16.46,
            "equity": 199129,
            "current_ratio": 335.42,
            "debt_ratio": 24.21,
            "inventory_turnover_ratio": null,
            "account_receivable_turnover_ratio": 2.21,
            "reinvestment_rate": 21.12,
            "research_to_sale_ratio": 11.07,
            "price_fair": 119.68,
            "eps_avg_yearly": 5.49,
            "eps_latest_yearly": 1.44,
            "eps_growth_yearly": 11.82
        },
        "20162": {
            "year_quarter": 20162,
            "year": 2016,
            "quarter": 2,
            "eps": -2.17,
            "eps_growth_year": null,
            "eps_4q": -7.16,
            "eps_4q_growth_year": null,
            "roe": -15.54,
            "roe_4q": -49.69,
            "gross_profit": 60836,
            "gross_margin": 71.3,
            "gross_margin_4q_avg": 74.53,
            "net_income": -29339,
            "net_income_4q": null,
            "revenue": 85328,
            "revenue_4q": null,
            "common_shares": 141275,
            "book_valuer_per_share": 12.63,
            "book_valuer_per_share_4q_avg": 14.84,
            "equity": 178383,
            "current_ratio": 303.54,
            "debt_ratio": 34.02,
            "inventory_turnover_ratio": null,
            "account_receivable_turnover_ratio": 2.35,
            "reinvestment_rate": 50.75,
            "research_to_sale_ratio": 12.59,
            "price_fair": 119.68,
            "eps_avg_yearly": 5.49,
            "eps_latest_yearly": 1.44,
            "eps_growth_yearly": 11.82
        },
        "20163": {
            "year_quarter": 20163,
            "year": 2016,
            "quarter": 3,
            "eps": -1.57,
            "eps_growth_year": null,
            "eps_4q": -7.22,
            "eps_4q_growth_year": null,
            "roe": -12.94,
            "roe_4q": -53.98,
            "gross_profit": 56577,
            "gross_margin": 68.32,
            "gross_margin_4q_avg": 72.05,
            "net_income": -21638,
            "net_income_4q": null,
            "revenue": 82817,
            "revenue_4q": null,
            "common_shares": 141955,
            "book_valuer_per_share": 11,
            "book_valuer_per_share_4q_avg": 13.21,
            "equity": 156107,
            "current_ratio": 352.42,
            "debt_ratio": 46.36,
            "inventory_turnover_ratio": null,
            "account_receivable_turnover_ratio": 2.48,
            "reinvestment_rate": null,
            "research_to_sale_ratio": 13.66,
            "price_fair": 119.68,
            "eps_avg_yearly": 5.49,
            "eps_latest_yearly": 1.44,
            "eps_growth_yearly": 11.82
        },
        "20164": {
            "year_quarter": 20164,
            "year": 2016,
            "quarter": 4,
            "eps": -1.23,
            "eps_growth_year": null,
            "eps_4q": -5.98,
            "eps_4q_growth_year": null,
            "roe": -11.81,
            "roe_4q": -48.76,
            "gross_profit": 55474,
            "gross_margin": 65.51,
            "gross_margin_4q_avg": 69.4,
            "net_income": -17405,
            "net_income_4q": null,
            "revenue": 84685,
            "revenue_4q": null,
            "common_shares": 141876,
            "book_valuer_per_share": 9.78,
            "book_valuer_per_share_4q_avg": 11.94,
            "equity": 138688,
            "current_ratio": 327.86,
            "debt_ratio": 49.47,
            "inventory_turnover_ratio": null,
            "account_receivable_turnover_ratio": 2.7,
            "reinvestment_rate": null,
            "research_to_sale_ratio": 11.03,
            "price_fair": 13.54,
            "eps_avg_yearly": 4.51,
            "eps_latest_yearly": 1.44,
            "eps_growth_yearly": -8.37
        },
        "20171": {
            "year_quarter": 20171,
            "year": 2017,
            "quarter": 1,
            "eps": -1.46,
            "eps_growth_year": null,
            "eps_4q": -6.22,
            "eps_4q_growth_year": null,
            "roe": -15.5,
            "roe_4q": -55.79,
            "gross_profit": 59523,
            "gross_margin": 63.16,
            "gross_margin_4q_avg": 67.07,
            "net_income": -20147,
            "net_income_4q": null,
            "revenue": 94239,
            "revenue_4q": null,
            "common_shares": 142345,
            "book_valuer_per_share": 8.52,
            "book_valuer_per_share_4q_avg": 10.48,
            "equity": 121297,
            "current_ratio": 280.45,
            "debt_ratio": 52.4,
            "inventory_turnover_ratio": null,
            "account_receivable_turnover_ratio": 2.69,
            "reinvestment_rate": null,
            "research_to_sale_ratio": 11.08,
            "price_fair": 81.38,
            "eps_avg_yearly": 3.86,
            "eps_latest_yearly": 1.44,
            "eps_growth_yearly": 11.08
        },
        "20172": {
            "year_quarter": 20172,
            "year": 2017,
            "quarter": 2,
            "eps": -0.58,
            "eps_growth_year": null,
            "eps_4q": -4.73,
            "eps_4q_growth_year": null,
            "roe": -6.85,
            "roe_4q": -47.1,
            "gross_profit": 78471,
            "gross_margin": 70.5,
            "gross_margin_4q_avg": 66.87,
            "net_income": -8089,
            "net_income_4q": null,
            "revenue": 111307,
            "revenue_4q": null,
            "common_shares": 142345,
            "book_valuer_per_share": 8.07,
            "book_valuer_per_share_4q_avg": 9.34,
            "equity": 114910,
            "current_ratio": 290.03,
            "debt_ratio": 53.1,
            "inventory_turnover_ratio": null,
            "account_receivable_turnover_ratio": 2.95,
            "reinvestment_rate": null,
            "research_to_sale_ratio": 8.69,
            "price_fair": 127.96,
            "eps_avg_yearly": 3.66,
            "eps_latest_yearly": 1.44,
            "eps_growth_yearly": 47.04
        },
        "20173": {
            "year_quarter": 20173,
            "year": 2017,
            "quarter": 3,
            "eps": 0.31,
            "eps_growth_year": null,
            "eps_4q": -2.9,
            "eps_4q_growth_year": null,
            "roe": 3.72,
            "roe_4q": -30.439999999999998,
            "gross_profit": 64617,
            "gross_margin": 48.07,
            "gross_margin_4q_avg": 61.81,
            "net_income": 4294,
            "net_income_4q": null,
            "revenue": 134428,
            "revenue_4q": null,
            "common_shares": 142820,
            "book_valuer_per_share": 8.14,
            "book_valuer_per_share_4q_avg": 8.63,
            "equity": 116237,
            "current_ratio": 270,
            "debt_ratio": 54.41,
            "inventory_turnover_ratio": null,
            "account_receivable_turnover_ratio": 3.42,
            "reinvestment_rate": null,
            "research_to_sale_ratio": 5.76,
            "price_fair": 95.26,
            "eps_avg_yearly": 2.91,
            "eps_latest_yearly": 1.44,
            "eps_growth_yearly": 22.74
        },
        "20174": {
            "year_quarter": 20174,
            "year": 2017,
            "quarter": 4,
            "eps": 1.06,
            "eps_growth_year": null,
            "eps_4q": -0.62,
            "eps_4q_growth_year": null,
            "roe": 12.05,
            "roe_4q": -6.579999999999998,
            "gross_profit": 71770,
            "gross_margin": 48.81,
            "gross_margin_4q_avg": 57.64,
            "net_income": 15091,
            "net_income_4q": null,
            "revenue": 147046,
            "revenue_4q": null,
            "common_shares": 142484,
            "book_valuer_per_share": 9.43,
            "book_valuer_per_share_4q_avg": 8.54,
            "equity": 134295,
            "current_ratio": 274.37,
            "debt_ratio": 50.42,
            "inventory_turnover_ratio": null,
            "account_receivable_turnover_ratio": 3.55,
            "reinvestment_rate": null,
            "research_to_sale_ratio": 5.25,
            "price_fair": 85.4,
            "eps_avg_yearly": 2.44,
            "eps_latest_yearly": 4.24,
            "eps_growth_yearly": 272.5
        },
        "20181": {
            "year_quarter": 20181,
            "year": 2018,
            "quarter": 1,
            "eps": 1.2,
            "eps_growth_year": null,
            "eps_4q": 1.96,
            "eps_4q_growth_year": null,
            "roe": 9.93,
            "roe_4q": 18.85,
            "gross_profit": 85205,
            "gross_margin": 49.71,
            "gross_margin_4q_avg": 54.27,
            "net_income": 16811,
            "net_income_4q": null,
            "revenue": 171403,
            "revenue_4q": null,
            "common_shares": 143141,
            "book_valuer_per_share": 13.71,
            "book_valuer_per_share_4q_avg": 9.84,
            "equity": 204229,
            "current_ratio": 263.29,
            "debt_ratio": 32.18,
            "inventory_turnover_ratio": null,
            "account_receivable_turnover_ratio": 3.3,
            "reinvestment_rate": null,
            "research_to_sale_ratio": 4.51,
            "price_fair": 96.6,
            "eps_avg_yearly": 2.76,
            "eps_latest_yearly": 4.8,
            "eps_growth_yearly": 328.19
        },
        "20182": {
            "year_quarter": 20182,
            "year": 2018,
            "quarter": 2,
            "eps": 2.96,
            "eps_growth_year": null,
            "eps_4q": 5.4,
            "eps_4q_growth_year": null,
            "roe": 18.67,
            "roe_4q": 44.370000000000005,
            "gross_profit": 95736,
            "gross_margin": 49.56,
            "gross_margin_4q_avg": 49.04,
            "net_income": 42298,
            "net_income_4q": null,
            "revenue": 193156,
            "revenue_4q": null,
            "common_shares": 143141,
            "book_valuer_per_share": 16.75,
            "book_valuer_per_share_4q_avg": 12.01,
            "equity": 248921,
            "current_ratio": 316.48,
            "debt_ratio": 27.08,
            "inventory_turnover_ratio": null,
            "account_receivable_turnover_ratio": 3.1,
            "reinvestment_rate": null,
            "research_to_sale_ratio": 4.17,
            "price_fair": 195.3,
            "eps_avg_yearly": 5.58,
            "eps_latest_yearly": 11.84,
            "eps_growth_yearly": 558.95
        },
        "20183": {
            "year_quarter": 20183,
            "year": 2018,
            "quarter": 3,
            "eps": 3.7,
            "eps_growth_year": 1093.55,
            "eps_4q": 8.67,
            "eps_4q_growth_year": null,
            "roe": 19.23,
            "roe_4q": 59.88000000000001,
            "gross_profit": 110094,
            "gross_margin": 55.2,
            "gross_margin_4q_avg": 50.82,
            "net_income": 53069,
            "net_income_4q": null,
            "revenue": 199439,
            "revenue_4q": null,
            "common_shares": 143586,
            "book_valuer_per_share": 20.36,
            "book_valuer_per_share_4q_avg": 15.06,
            "equity": 303027,
            "current_ratio": 338.65,
            "debt_ratio": 26.04,
            "inventory_turnover_ratio": null,
            "account_receivable_turnover_ratio": 2.82,
            "reinvestment_rate": null,
            "research_to_sale_ratio": 6.02,
            "price_fair": 312.2,
            "eps_avg_yearly": 8.92,
            "eps_latest_yearly": 14.8,
            "eps_growth_yearly": 426.81
        },
        "20184": {
            "year_quarter": 20184,
            "year": 2018,
            "quarter": 4,
            "eps": 5.45,
            "eps_growth_year": 414.9,
            "eps_4q": 13.07,
            "eps_4q_growth_year": null,
            "roe": 23.08,
            "roe_4q": 70.91,
            "gross_profit": 151062,
            "gross_margin": 56.8,
            "gross_margin_4q_avg": 52.82,
            "net_income": 79349,
            "net_income_4q": null,
            "revenue": 265932,
            "revenue_4q": null,
            "common_shares": 143586,
            "book_valuer_per_share": 25.95,
            "book_valuer_per_share_4q_avg": 19.19,
            "equity": 384450,
            "current_ratio": 350.28,
            "debt_ratio": 25.77,
            "inventory_turnover_ratio": 10.16,
            "account_receivable_turnover_ratio": 3.41,
            "reinvestment_rate": 31.64,
            "research_to_sale_ratio": 5.16,
            "price_fair": 402.36,
            "eps_avg_yearly": 11.5,
            "eps_latest_yearly": 21.8,
            "eps_growth_yearly": 379.29
        },
        "20191": {
            "year_quarter": 20191,
            "year": 2019,
            "quarter": 1,
            "eps": 4.17,
            "eps_growth_year": 247.5,
            "eps_4q": 15.97,
            "eps_4q_growth_year": 716.54,
            "roe": 14.39,
            "roe_4q": 75.37,
            "gross_profit": 136395,
            "gross_margin": 54.48,
            "gross_margin_4q_avg": 54.01,
            "net_income": 59631,
            "net_income_4q": null,
            "revenue": 250351,
            "revenue_4q": null,
            "common_shares": 143586,
            "book_valuer_per_share": 30.03,
            "book_valuer_per_share_4q_avg": 23.27,
            "equity": 444334,
            "current_ratio": 376.39,
            "debt_ratio": 24.32,
            "inventory_turnover_ratio": 9.38,
            "account_receivable_turnover_ratio": 2.73,
            "reinvestment_rate": 8.25,
            "research_to_sale_ratio": 4.17,
            "price_fair": 432.6,
            "eps_avg_yearly": 12.36,
            "eps_latest_yearly": 16.68,
            "eps_growth_yearly": 300.41
        },
        "20192": {
            "year_quarter": 20192,
            "year": 2019,
            "quarter": 2,
            "eps": 4.89,
            "eps_growth_year": 65.2,
            "eps_4q": 17.87,
            "eps_4q_growth_year": 231.06,
            "roe": 17.19,
            "roe_4q": 73.89,
            "gross_profit": 152945,
            "gross_margin": 54.65,
            "gross_margin_4q_avg": 55.28,
            "net_income": 69277,
            "net_income_4q": null,
            "revenue": 279860,
            "revenue_4q": null,
            "common_shares": 143586,
            "book_valuer_per_share": 24.12,
            "book_valuer_per_share_4q_avg": 25.12,
            "equity": 361741,
            "current_ratio": 206.61,
            "debt_ratio": 47.28,
            "inventory_turnover_ratio": 10.31,
            "account_receivable_turnover_ratio": 2.64,
            "reinvestment_rate": 3.45,
            "research_to_sale_ratio": 4.27,
            "price_fair": 468.6,
            "eps_avg_yearly": 13.39,
            "eps_latest_yearly": 19.56,
            "eps_growth_yearly": 267.36
        },
        "20193": {
            "year_quarter": 20193,
            "year": 2019,
            "quarter": 3,
            "eps": 3.79,
            "eps_growth_year": 2.43,
            "eps_4q": 17.98,
            "eps_4q_growth_year": 107.47,
            "roe": 15.3,
            "roe_4q": 69.96000000000001,
            "gross_profit": 142447,
            "gross_margin": 54.05,
            "gross_margin_4q_avg": 55,
            "net_income": 54022,
            "net_income_4q": null,
            "revenue": 263558,
            "revenue_4q": null,
            "common_shares": 143560,
            "book_valuer_per_share": 22.85,
            "book_valuer_per_share_4q_avg": 25.74,
            "equity": 344312,
            "current_ratio": 304.75,
            "debt_ratio": 40.35,
            "inventory_turnover_ratio": 11.29,
            "account_receivable_turnover_ratio": 2.54,
            "reinvestment_rate": 2.41,
            "research_to_sale_ratio": 4,
            "price_fair": 476.35,
            "eps_avg_yearly": 13.61,
            "eps_latest_yearly": 15.16,
            "eps_growth_yearly": 222.7
        },
        "20194": {
            "year_quarter": 20194,
            "year": 2019,
            "quarter": 4,
            "eps": 2.56,
            "eps_growth_year": -53.13,
            "eps_4q": 15.09,
            "eps_4q_growth_year": 15.42,
            "roe": 10.81,
            "roe_4q": 57.69,
            "gross_profit": 130477,
            "gross_margin": 53.66,
            "gross_margin_4q_avg": 54.21,
            "net_income": 37636,
            "net_income_4q": null,
            "revenue": 243158,
            "revenue_4q": null,
            "common_shares": 143560,
            "book_valuer_per_share": 23.31,
            "book_valuer_per_share_4q_avg": 25.08,
            "equity": 351827,
            "current_ratio": 292.71,
            "debt_ratio": 40.15,
            "inventory_turnover_ratio": 12.05,
            "account_receivable_turnover_ratio": 2.96,
            "reinvestment_rate": -0.51,
            "research_to_sale_ratio": 4.57,
            "price_fair": 463.24,
            "eps_avg_yearly": 13.24,
            "eps_latest_yearly": 10.24,
            "eps_growth_yearly": 183.53
        },
        "20201": {
            "year_quarter": 20201,
            "year": 2020,
            "quarter": 1,
            "eps": 2.88,
            "eps_growth_year": -30.94,
            "eps_4q": 13.21,
            "eps_4q_growth_year": -17.28,
            "roe": 11.72,
            "roe_4q": 55.019999999999996,
            "gross_profit": 120869,
            "gross_margin": 51.77,
            "gross_margin_4q_avg": 53.53,
            "net_income": 44245,
            "net_income_4q": null,
            "revenue": 233471,
            "revenue_4q": null,
            "common_shares": 152474,
            "book_valuer_per_share": 25.23,
            "book_valuer_per_share_4q_avg": 23.88,
            "equity": 403013,
            "current_ratio": 235.6,
            "debt_ratio": 46.1,
            "inventory_turnover_ratio": 12.74,
            "account_receivable_turnover_ratio": 3.33,
            "reinvestment_rate": 4.14,
            "research_to_sale_ratio": 5.23,
            "price_fair": 457.24,
            "eps_avg_yearly": 13.06,
            "eps_latest_yearly": 11.52,
            "eps_growth_yearly": 170.18
        },
        "20202": {
            "year_quarter": 20202,
            "year": 2020,
            "quarter": 2,
            "eps": 3.01,
            "eps_growth_year": -38.45,
            "eps_4q": 11.69,
            "eps_4q_growth_year": -34.59,
            "roe": 11.39,
            "roe_4q": 49.22,
            "gross_profit": 128051,
            "gross_margin": 53.46,
            "gross_margin_4q_avg": 53.24,
            "net_income": 46194,
            "net_income_4q": null,
            "revenue": 239539,
            "revenue_4q": null,
            "common_shares": 152474,
            "book_valuer_per_share": 25.51,
            "book_valuer_per_share_4q_avg": 24.23,
            "equity": 408255,
            "current_ratio": 229.84,
            "debt_ratio": 46.6,
            "inventory_turnover_ratio": 16.1,
            "account_receivable_turnover_ratio": 2.79,
            "reinvestment_rate": 0.46,
            "research_to_sale_ratio": 4.14,
            "price_fair": 453.98,
            "eps_avg_yearly": 12.97,
            "eps_latest_yearly": 12.04,
            "eps_growth_yearly": 156.35
        },
        "20203": {
            "year_quarter": 20203,
            "year": 2020,
            "quarter": 3,
            "eps": 2.51,
            "eps_growth_year": -33.77,
            "eps_4q": 10.67,
            "eps_4q_growth_year": -40.66,
            "roe": 9.48,
            "roe_4q": 43.400000000000006,
            "gross_profit": 130891,
            "gross_margin": 54.3,
            "gross_margin_4q_avg": 53.3,
            "net_income": 38624,
            "net_income_4q": null,
            "revenue": 241063,
            "revenue_4q": null,
            "common_shares": 152474,
            "book_valuer_per_share": 25.33,
            "book_valuer_per_share_4q_avg": 24.85,
            "equity": 406432,
            "current_ratio": 261.16,
            "debt_ratio": 41.04,
            "inventory_turnover_ratio": 29.68,
            "account_receivable_turnover_ratio": 2.74,
            "reinvestment_rate": 1.93,
            "research_to_sale_ratio": 4.17,
            "price_fair": 445.43,
            "eps_avg_yearly": 12.73,
            "eps_latest_yearly": 10.04,
            "eps_growth_yearly": 137.78
        },
        "20204": {
            "year_quarter": 20204,
            "year": 2020,
            "quarter": 4,
            "eps": 3.89,
            "eps_growth_year": 52.16,
            "eps_4q": 12.16,
            "eps_4q_growth_year": -19.4,
            "roe": 14.31,
            "roe_4q": 46.9,
            "gross_profit": 177207,
            "gross_margin": 56.29,
            "gross_margin_4q_avg": 53.96,
            "net_income": 60037,
            "net_income_4q": null,
            "revenue": 314820,
            "revenue_4q": null,
            "common_shares": 152391,
            "book_valuer_per_share": 26.95,
            "book_valuer_per_share_4q_avg": 25.76,
            "equity": 432559,
            "current_ratio": 241.57,
            "debt_ratio": 42.37,
            "inventory_turnover_ratio": 22.2,
            "account_receivable_turnover_ratio": 3.87,
            "reinvestment_rate": 2,
            "research_to_sale_ratio": 4.07,
            "price_fair": 453.06,
            "eps_avg_yearly": 12.94,
            "eps_latest_yearly": 15.56,
            "eps_growth_yearly": 144.1
        },
        "20211": {
            "year_quarter": 20211,
            "year": 2021,
            "quarter": 1,
            "eps": 3.13,
            "eps_growth_year": 8.68,
            "eps_4q": 12.42,
            "eps_4q_growth_year": -5.97,
            "roe": 11.13,
            "roe_4q": 46.31,
            "gross_profit": 177054,
            "gross_margin": 51.79,
            "gross_margin_4q_avg": 53.96,
            "net_income": 47953,
            "net_income_4q": null,
            "revenue": 341862,
            "revenue_4q": null,
            "common_shares": 152391,
            "book_valuer_per_share": 26.68,
            "book_valuer_per_share_4q_avg": 26.12,
            "equity": 429311,
            "current_ratio": 226.36,
            "debt_ratio": 43.93,
            "inventory_turnover_ratio": 9.72,
            "account_receivable_turnover_ratio": 3.54,
            "reinvestment_rate": 1.06,
            "research_to_sale_ratio": 3.32,
            "price_fair": 452,
            "eps_avg_yearly": 12.91,
            "eps_latest_yearly": 12.52,
            "eps_growth_yearly": 128.22
        },
        "20212": {
            "year_quarter": 20212,
            "year": 2021,
            "quarter": 2,
            "eps": 4.5,
            "eps_growth_year": 49.5,
            "eps_4q": 13.92,
            "eps_4q_growth_year": 19.15,
            "roe": 15.36,
            "roe_4q": 50.28,
            "gross_profit": 217600,
            "gross_margin": 54.72,
            "gross_margin_4q_avg": 54.28,
            "net_income": 68512,
            "net_income_4q": null,
            "revenue": 397650,
            "revenue_4q": null,
            "common_shares": 152391,
            "book_valuer_per_share": 28.85,
            "book_valuer_per_share_4q_avg": 26.95,
            "equity": 462805,
            "current_ratio": 223.78,
            "debt_ratio": 42.9,
            "inventory_turnover_ratio": 5.65,
            "account_receivable_turnover_ratio": 3.3,
            "reinvestment_rate": 0.88,
            "research_to_sale_ratio": 2.63,
            "price_fair": 463.87,
            "eps_avg_yearly": 13.25,
            "eps_latest_yearly": 18,
            "eps_growth_yearly": 131.35
        },
        "20213": {
            "year_quarter": 20213,
            "year": 2021,
            "quarter": 3,
            "eps": 4.39,
            "eps_growth_year": 74.9,
            "eps_4q": 15.81,
            "eps_4q_growth_year": 48.15,
            "roe": 14.43,
            "roe_4q": 55.230000000000004,
            "gross_profit": 220658,
            "gross_margin": 52.61,
            "gross_margin_4q_avg": 53.85,
            "net_income": 66967,
            "net_income_4q": null,
            "revenue": 419397,
            "revenue_4q": null,
            "common_shares": 152391,
            "book_valuer_per_share": 28.97,
            "book_valuer_per_share_4q_avg": 27.86,
            "equity": 465151,
            "current_ratio": 232.39,
            "debt_ratio": 46.17,
            "inventory_turnover_ratio": 4.85,
            "account_receivable_turnover_ratio": 3.57,
            "reinvestment_rate": 2.99,
            "research_to_sale_ratio": 2.7,
            "price_fair": 473.29,
            "eps_avg_yearly": 13.52,
            "eps_latest_yearly": 17.56,
            "eps_growth_yearly": 122.53
        },
        "20214": {
            "year_quarter": 20214,
            "year": 2021,
            "quarter": 4,
            "eps": 4.47,
            "eps_growth_year": 14.92,
            "eps_4q": 16.39,
            "eps_4q_growth_year": 34.8,
            "roe": 15.11,
            "roe_4q": 56.03,
            "gross_profit": 269754,
            "gross_margin": 54.89,
            "gross_margin_4q_avg": 53.5,
            "net_income": 68178,
            "net_income_4q": null,
            "revenue": 491438,
            "revenue_4q": null,
            "common_shares": 152391,
            "book_valuer_per_share": 28.67,
            "book_valuer_per_share_4q_avg": 28.29,
            "equity": 437155,
            "current_ratio": 186.18,
            "debt_ratio": 51.82,
            "inventory_turnover_ratio": 4.99,
            "account_receivable_turnover_ratio": 4.09,
            "reinvestment_rate": 5.57,
            "research_to_sale_ratio": 2.57,
            "price_fair": 503.13,
            "eps_avg_yearly": 14.38,
            "eps_latest_yearly": 17.88,
            "eps_growth_yearly": 62.5
        },
        "20221": {
            "year_quarter": 20221,
            "year": 2022,
            "quarter": 1,
            "eps": 3.31,
            "eps_growth_year": 5.75,
            "eps_4q": 16.59,
            "eps_4q_growth_year": 33.54,
            "roe": 11.85,
            "roe_4q": 56.75,
            "gross_profit": 204270,
            "gross_margin": 47.3,
            "gross_margin_4q_avg": 52.38,
            "net_income": 50338,
            "net_income_4q": null,
            "revenue": 431876,
            "revenue_4q": null,
            "common_shares": 152391,
            "book_valuer_per_share": 27.03,
            "book_valuer_per_share_4q_avg": 28.38,
            "equity": 412343,
            "current_ratio": 180.02,
            "debt_ratio": 55.53,
            "inventory_turnover_ratio": 3.25,
            "account_receivable_turnover_ratio": 3.14,
            "reinvestment_rate": 6.41,
            "research_to_sale_ratio": 3.29,
            "price_fair": 521.59,
            "eps_avg_yearly": 14.9,
            "eps_latest_yearly": 13.24,
            "eps_growth_yearly": 52.71
        },
        "20222": {
            "year_quarter": 20222,
            "year": 2022,
            "quarter": 2,
            "eps": 4.86,
            "eps_growth_year": 8,
            "eps_4q": 11.62,
            "eps_4q_growth_year": -16.52,
            "roe": 17.31,
            "roe_4q": 58.699999999999996,
            "gross_profit": 237522,
            "gross_margin": 51.9,
            "gross_margin_4q_avg": 51.68,
            "net_income": 73770,
            "net_income_4q": null,
            "revenue": 457673,
            "revenue_4q": null,
            "common_shares": 152391,
            "book_valuer_per_share": 28.88,
            "book_valuer_per_share_4q_avg": 28.39,
            "equity": 440181,
            "current_ratio": 195.5,
            "debt_ratio": 51.65,
            "inventory_turnover_ratio": 2.01,
            "account_receivable_turnover_ratio": 3.35,
            "reinvestment_rate": 7.04,
            "research_to_sale_ratio": 2.72,
            "price_fair": 538.21,
            "eps_avg_yearly": 15.38,
            "eps_latest_yearly": 19.44,
            "eps_growth_yearly": 27.75
        },
        "20223": {
            "year_quarter": 20223,
            "year": 2022,
            "quarter": 3,
            "eps": 2.4,
            "eps_growth_year": -45.33,
            "eps_4q": 11.03,
            "eps_4q_growth_year": -30.24,
            "roe": 12.19,
            "roe_4q": 56.46,
            "gross_profit": 222430,
            "gross_margin": 52.19,
            "gross_margin_4q_avg": 51.57,
            "net_income": 53259,
            "net_income_4q": null,
            "revenue": 426181,
            "revenue_4q": null,
            "common_shares": 222486,
            "book_valuer_per_share": 19.51,
            "book_valuer_per_share_4q_avg": 26.02,
            "equity": 433977,
            "current_ratio": 205.52,
            "debt_ratio": 56.96,
            "inventory_turnover_ratio": 1.4,
            "account_receivable_turnover_ratio": 3.27,
            "reinvestment_rate": 7.72,
            "research_to_sale_ratio": 2.68,
            "price_fair": 283.67,
            "eps_avg_yearly": 15.05,
            "eps_latest_yearly": 9.6,
            "eps_growth_yearly": 8.85
        },
        "20224": {
            "year_quarter": 20224,
            "year": 2022,
            "quarter": 4,
            "eps": 3.1,
            "eps_growth_year": -30.64,
            "eps_4q": 11.07,
            "eps_4q_growth_year": -32.48,
            "roe": 15.66,
            "roe_4q": 57.01,
            "gross_profit": 270172,
            "gross_margin": 52.04,
            "gross_margin_4q_avg": 50.86,
            "net_income": 68963,
            "net_income_4q": null,
            "revenue": 519174,
            "revenue_4q": null,
            "common_shares": 222486,
            "book_valuer_per_share": 20.08,
            "book_valuer_per_share_4q_avg": 23.88,
            "equity": 446818,
            "current_ratio": 185.41,
            "debt_ratio": 60.37,
            "inventory_turnover_ratio": 1.56,
            "account_receivable_turnover_ratio": 4.13,
            "reinvestment_rate": 6.99,
            "research_to_sale_ratio": 2.4,
            "price_fair": 207.03,
            "eps_avg_yearly": 14.47,
            "eps_latest_yearly": 12.4,
            "eps_growth_yearly": 4.31
        },
        "20231": {
            "year_quarter": 20231,
            "year": 2023,
            "quarter": 1,
            "eps": 3.18,
            "eps_growth_year": -3.93,
            "eps_4q": 11.99,
            "eps_4q_growth_year": -27.75,
            "roe": 15.68,
            "roe_4q": 60.84,
            "gross_profit": 239110,
            "gross_margin": 53.6,
            "gross_margin_4q_avg": 52.43,
            "net_income": 70572,
            "net_income_4q": null,
            "revenue": 446111,
            "revenue_4q": null,
            "common_shares": 222486,
            "book_valuer_per_share": 20.38,
            "book_valuer_per_share_4q_avg": 22.21,
            "equity": 453437,
            "current_ratio": 183.96,
            "debt_ratio": 58.3,
            "inventory_turnover_ratio": 1.25,
            "account_receivable_turnover_ratio": 3.42,
            "reinvestment_rate": 6.99,
            "research_to_sale_ratio": 3.99,
            "price_fair": 296.14,
            "eps_avg_yearly": 14.22,
            "eps_latest_yearly": 12.72,
            "eps_growth_yearly": 10.83
        },
        "20232": {
            "year_quarter": 20232,
            "year": 2023,
            "quarter": 2,
            "eps": 2.68,
            "eps_growth_year": -44.86,
            "eps_4q": 11.34,
            "eps_4q_growth_year": -2.43,
            "roe": 13.17,
            "roe_4q": 56.7,
            "gross_profit": 233341,
            "gross_margin": 49.03,
            "gross_margin_4q_avg": 51.72,
            "net_income": 59524,
            "net_income_4q": null,
            "revenue": 475903,
            "revenue_4q": null,
            "common_shares": 222486,
            "book_valuer_per_share": 20.26,
            "book_valuer_per_share_4q_avg": 20.06,
            "equity": 450716,
            "current_ratio": 167.98,
            "debt_ratio": 61.61,
            "inventory_turnover_ratio": 1.26,
            "account_receivable_turnover_ratio": 3.36,
            "reinvestment_rate": 8.69,
            "research_to_sale_ratio": 1.88,
            "price_fair": 171.93,
            "eps_avg_yearly": 13.67,
            "eps_latest_yearly": 10.72,
            "eps_growth_yearly": 2.58
        },
        "20233": {
            "year_quarter": 20233,
            "year": 2023,
            "quarter": 3,
            "eps": 3.35,
            "eps_growth_year": 39.58,
            "eps_4q": 12.29,
            "eps_4q_growth_year": 11.46,
            "roe": 16.05,
            "roe_4q": 60.56,
            "gross_profit": 256421,
            "gross_margin": 51.71,
            "gross_margin_4q_avg": 51.6,
            "net_income": 74457,
            "net_income_4q": null,
            "revenue": 495898,
            "revenue_4q": null,
            "common_shares": 222486,
            "book_valuer_per_share": 21.44,
            "book_valuer_per_share_4q_avg": 20.54,
            "equity": 476977,
            "current_ratio": 161.29,
            "debt_ratio": 64.42,
            "inventory_turnover_ratio": 0.98,
            "account_receivable_turnover_ratio": 3.3,
            "reinvestment_rate": 8.74,
            "research_to_sale_ratio": 2.42,
            "price_fair": 331.5,
            "eps_avg_yearly": 13.56,
            "eps_latest_yearly": 13.4,
            "eps_growth_yearly": 14.46
        }
    },
    "months": {
        "2012-05": {
            "month": "2012-05",
            "price": "184.85",
            "revenue": 23714
        },
        "2012-06": {
            "month": "2012-06",
            "price": "172.63",
            "revenue": 23969
        },
        "2012-07": {
            "month": "2012-07",
            "price": "159.79",
            "revenue": 24638
        },
        "2012-08": {
            "month": "2012-08",
            "price": "152.20",
            "revenue": 24478
        },
        "2012-09": {
            "month": "2012-09",
            "price": "157.56",
            "revenue": 25372
        },
        "2012-10": {
            "month": "2012-10",
            "price": "164.73",
            "revenue": 28457
        },
        "2012-11": {
            "month": "2012-11",
            "price": "166.44",
            "revenue": 28684
        },
        "2012-12": {
            "month": "2012-12",
            "price": "170.26",
            "revenue": 29910
        },
        "2013-01": {
            "month": "2013-01",
            "price": "173.47",
            "revenue": 27485
        },
        "2013-02": {
            "month": "2013-02",
            "price": "174.26",
            "revenue": 26639
        },
        "2013-03": {
            "month": "2013-03",
            "price": "194.12",
            "revenue": 26956
        },
        "2013-04": {
            "month": "2013-04",
            "price": "187.82",
            "revenue": 25578
        },
        "2013-05": {
            "month": "2013-05",
            "price": "195.54",
            "revenue": 27115
        },
        "2013-06": {
            "month": "2013-06",
            "price": "175.19",
            "revenue": 27619
        },
        "2013-07": {
            "month": "2013-07",
            "price": "154.11",
            "revenue": 27039
        },
        "2013-08": {
            "month": "2013-08",
            "price": "140.45",
            "revenue": 26532
        },
        "2013-09": {
            "month": "2013-09",
            "price": "134.32",
            "revenue": 24049
        },
        "2013-10": {
            "month": "2013-10",
            "price": "130.48",
            "revenue": 23121
        },
        "2013-11": {
            "month": "2013-11",
            "price": "121.81",
            "revenue": 21653
        },
        "2013-12": {
            "month": "2013-12",
            "price": "112.95",
            "revenue": 22597
        },
        "2014-01": {
            "month": "2014-01",
            "price": "120.22",
            "revenue": 23608
        },
        "2014-02": {
            "month": "2014-02",
            "price": "110.44",
            "revenue": 23817
        },
        "2014-03": {
            "month": "2014-03",
            "price": "110.24",
            "revenue": 25335
        },
        "2014-04": {
            "month": "2014-04",
            "price": "106.72",
            "revenue": 23117
        },
        "2014-05": {
            "month": "2014-05",
            "price": "89.85",
            "revenue": 23276
        },
        "2014-06": {
            "month": "2014-06",
            "price": "89.78",
            "revenue": 23241
        },
        "2014-07": {
            "month": "2014-07",
            "price": "81.96",
            "revenue": 22762
        },
        "2014-08": {
            "month": "2014-08",
            "price": "60.05",
            "revenue": 21295
        },
        "2014-09": {
            "month": "2014-09",
            "price": "56.96",
            "revenue": 20142
        },
        "2014-10": {
            "month": "2014-10",
            "price": "50.92",
            "revenue": 19438
        },
        "2014-11": {
            "month": "2014-11",
            "price": "46.29",
            "revenue": 18663
        },
        "2014-12": {
            "month": "2014-12",
            "price": "53.82",
            "revenue": 18206
        },
        "2015-01": {
            "month": "2015-01",
            "price": "62.32",
            "revenue": 17615
        },
        "2015-02": {
            "month": "2015-02",
            "price": "56.31",
            "revenue": 17781
        },
        "2015-03": {
            "month": "2015-03",
            "price": "50.17",
            "revenue": 18587
        },
        "2015-04": {
            "month": "2015-04",
            "price": "42.71",
            "revenue": 16954
        },
        "2015-05": {
            "month": "2015-05",
            "price": "37.14",
            "revenue": 17661
        },
        "2015-06": {
            "month": "2015-06",
            "price": "28.70",
            "revenue": 17413
        },
        "2015-07": {
            "month": "2015-07",
            "price": "24.12",
            "revenue": 19344
        },
        "2015-08": {
            "month": "2015-08",
            "price": "22.89",
            "revenue": 22915
        },
        "2015-09": {
            "month": "2015-09",
            "price": "26.80",
            "revenue": 23249
        },
        "2015-10": {
            "month": "2015-10",
            "price": "28.20",
            "revenue": 24992
        },
        "2015-11": {
            "month": "2015-11",
            "price": "29.68",
            "revenue": 23790
        },
        "2015-12": {
            "month": "2015-12",
            "price": "26.28",
            "revenue": 23084
        },
        "2016-01": {
            "month": "2016-01",
            "price": "23.15",
            "revenue": 24457
        },
        "2016-02": {
            "month": "2016-02",
            "price": "23.41",
            "revenue": 26196
        },
        "2016-03": {
            "month": "2016-03",
            "price": "25.00",
            "revenue": 28075
        },
        "2016-04": {
            "month": "2016-04",
            "price": "28.60",
            "revenue": 27748
        },
        "2016-05": {
            "month": "2016-05",
            "price": "27.16",
            "revenue": 28032
        },
        "2016-06": {
            "month": "2016-06",
            "price": "31.73",
            "revenue": 29547
        },
        "2016-07": {
            "month": "2016-07",
            "price": "33.38",
            "revenue": 28248
        },
        "2016-08": {
            "month": "2016-08",
            "price": "31.02",
            "revenue": 27792
        },
        "2016-09": {
            "month": "2016-09",
            "price": "32.04",
            "revenue": 26777
        },
        "2016-10": {
            "month": "2016-10",
            "price": "29.72",
            "revenue": 27581
        },
        "2016-11": {
            "month": "2016-11",
            "price": "27.42",
            "revenue": 27453
        },
        "2016-12": {
            "month": "2016-12",
            "price": "26.77",
            "revenue": 29652
        },
        "2017-01": {
            "month": "2017-01",
            "price": "28.02",
            "revenue": 31893
        },
        "2017-02": {
            "month": "2017-02",
            "price": "28.80",
            "revenue": 30457
        },
        "2017-03": {
            "month": "2017-03",
            "price": "29.95",
            "revenue": 31889
        },
        "2017-04": {
            "month": "2017-04",
            "price": "28.00",
            "revenue": 34798
        },
        "2017-05": {
            "month": "2017-05",
            "price": "25.44",
            "revenue": 38378
        },
        "2017-06": {
            "month": "2017-06",
            "price": "29.43",
            "revenue": 37768
        },
        "2017-07": {
            "month": "2017-07",
            "price": "29.04",
            "revenue": 39379
        },
        "2017-08": {
            "month": "2017-08",
            "price": "33.97",
            "revenue": 44892
        },
        "2017-09": {
            "month": "2017-09",
            "price": "48.36",
            "revenue": 50157
        },
        "2017-10": {
            "month": "2017-10",
            "price": "50.22",
            "revenue": 45350
        },
        "2017-11": {
            "month": "2017-11",
            "price": "44.31",
            "revenue": 49096
        },
        "2017-12": {
            "month": "2017-12",
            "price": "44.25",
            "revenue": 52601
        },
        "2018-01": {
            "month": "2018-01",
            "price": "43.90",
            "revenue": 46001
        },
        "2018-02": {
            "month": "2018-02",
            "price": "40.65",
            "revenue": 56120
        },
        "2018-03": {
            "month": "2018-03",
            "price": "54.57",
            "revenue": 69282
        },
        "2018-04": {
            "month": "2018-04",
            "price": "73.39",
            "revenue": 57925
        },
        "2018-05": {
            "month": "2018-05",
            "price": "68.86",
            "revenue": 66463
        },
        "2018-06": {
            "month": "2018-06",
            "price": "65.46",
            "revenue": 68767
        },
        "2018-07": {
            "month": "2018-07",
            "price": "80.21",
            "revenue": 58563
        },
        "2018-08": {
            "month": "2018-08",
            "price": "94.32",
            "revenue": 69029
        },
        "2018-09": {
            "month": "2018-09",
            "price": "111.80",
            "revenue": 71848
        },
        "2018-10": {
            "month": "2018-10",
            "price": "108.30",
            "revenue": 83631
        },
        "2018-11": {
            "month": "2018-11",
            "price": "126.18",
            "revenue": 82291
        },
        "2018-12": {
            "month": "2018-12",
            "price": "149.33",
            "revenue": 100010
        },
        "2019-01": {
            "month": "2019-01",
            "price": "155.05",
            "revenue": 77626
        },
        "2019-02": {
            "month": "2019-02",
            "price": "158.42",
            "revenue": 79769
        },
        "2019-03": {
            "month": "2019-03",
            "price": "220.38",
            "revenue": 92956
        },
        "2019-04": {
            "month": "2019-04",
            "price": "216.02",
            "revenue": 91922
        },
        "2019-05": {
            "month": "2019-05",
            "price": "213.41",
            "revenue": 92030
        },
        "2019-06": {
            "month": "2019-06",
            "price": "212.26",
            "revenue": 95908
        },
        "2019-07": {
            "month": "2019-07",
            "price": "223.13",
            "revenue": 87903
        },
        "2019-08": {
            "month": "2019-08",
            "price": "200.55",
            "revenue": 89955
        },
        "2019-09": {
            "month": "2019-09",
            "price": "167.21",
            "revenue": 85700
        },
        "2019-10": {
            "month": "2019-10",
            "price": "154.19",
            "revenue": 80751
        },
        "2019-11": {
            "month": "2019-11",
            "price": "143.74",
            "revenue": 72798
        },
        "2019-12": {
            "month": "2019-12",
            "price": "131.09",
            "revenue": 89609
        },
        "2020-01": {
            "month": "2020-01",
            "price": "132.27",
            "revenue": 77263
        },
        "2020-02": {
            "month": "2020-02",
            "price": "139.95",
            "revenue": 78571
        },
        "2020-03": {
            "month": "2020-03",
            "price": "113.61",
            "revenue": 77637
        },
        "2020-04": {
            "month": "2020-04",
            "price": "113.48",
            "revenue": 74805
        },
        "2020-05": {
            "month": "2020-05",
            "price": "128.12",
            "revenue": 81813
        },
        "2020-06": {
            "month": "2020-06",
            "price": "131.98",
            "revenue": 82921
        },
        "2020-07": {
            "month": "2020-07",
            "price": "122.50",
            "revenue": 80187
        },
        "2020-08": {
            "month": "2020-08",
            "price": "117.88",
            "revenue": 78270
        },
        "2020-09": {
            "month": "2020-09",
            "price": "114.11",
            "revenue": 82606
        },
        "2020-10": {
            "month": "2020-10",
            "price": "114.28",
            "revenue": 77907
        },
        "2020-11": {
            "month": "2020-11",
            "price": "122.50",
            "revenue": 115527
        },
        "2020-12": {
            "month": "2020-12",
            "price": "134.83",
            "revenue": 121386
        },
        "2021-01": {
            "month": "2021-01",
            "price": "138.88",
            "revenue": 112861
        },
        "2021-02": {
            "month": "2021-02",
            "price": "142.81",
            "revenue": 110164
        },
        "2021-03": {
            "month": "2021-03",
            "price": "163.11",
            "revenue": 118838
        },
        "2021-04": {
            "month": "2021-04",
            "price": "169.89",
            "revenue": 116527
        },
        "2021-05": {
            "month": "2021-05",
            "price": "155.29",
            "revenue": 138039
        },
        "2021-06": {
            "month": "2021-06",
            "price": "158.95",
            "revenue": 143084
        },
        "2021-07": {
            "month": "2021-07",
            "price": "163.79",
            "revenue": 139672
        },
        "2021-08": {
            "month": "2021-08",
            "price": "169.50",
            "revenue": 141744
        },
        "2021-09": {
            "month": "2021-09",
            "price": "177.55",
            "revenue": 137981
        },
        "2021-10": {
            "month": "2021-10",
            "price": "179.58",
            "revenue": 146100
        },
        "2021-11": {
            "month": "2021-11",
            "price": "205.61",
            "revenue": 177190
        },
        "2021-12": {
            "month": "2021-12",
            "price": "223.88",
            "revenue": 164718
        },
        "2022-01": {
            "month": "2022-01",
            "price": "234.89",
            "revenue": 152718
        },
        "2022-02": {
            "month": "2022-02",
            "price": "264.27",
            "revenue": 136703
        },
        "2022-03": {
            "month": "2022-03",
            "price": "267.13",
            "revenue": 142827
        },
        "2022-04": {
            "month": "2022-04",
            "price": "264.47",
            "revenue": 141679
        },
        "2022-05": {
            "month": "2022-05",
            "price": "227.98",
            "revenue": 160280
        },
        "2022-06": {
            "month": "2022-06",
            "price": "235.82",
            "revenue": 158771
        },
        "2022-07": {
            "month": "2022-07",
            "price": "240.02",
            "revenue": 145215
        },
        "2022-08": {
            "month": "2022-08",
            "price": "224.46",
            "revenue": 143019
        },
        "2022-09": {
            "month": "2022-09",
            "price": "188.88",
            "revenue": 137948
        },
        "2022-10": {
            "month": "2022-10",
            "price": "158.28",
            "revenue": 146398
        },
        "2022-11": {
            "month": "2022-11",
            "price": "159.11",
            "revenue": 216765
        },
        "2022-12": {
            "month": "2022-12",
            "price": "180.39",
            "revenue": 152691
        },
        "2023-01": {
            "month": "2023-01",
            "price": "182.46",
            "revenue": 144919
        },
        "2023-02": {
            "month": "2023-02",
            "price": "185.38",
            "revenue": 145662
        },
        "2023-03": {
            "month": "2023-03",
            "price": "182.37",
            "revenue": 158850
        },
        "2023-04": {
            "month": "2023-04",
            "price": "177.35",
            "revenue": 150391
        },
        "2023-05": {
            "month": "2023-05",
            "price": "181.82",
            "revenue": 168171
        },
        "2023-06": {
            "month": "2023-06",
            "price": "182.88",
            "revenue": 157341
        },
        "2023-07": {
            "month": "2023-07",
            "price": "179.43",
            "revenue": 153166
        },
        "2023-08": {
            "month": "2023-08",
            "price": "177.71",
            "revenue": 176378
        },
        "2023-09": {
            "month": "2023-09",
            "price": "181.97",
            "revenue": 166353
        },
        "2023-10": {
            "month": "2023-10",
            "price": "178.75",
            "revenue": 189702
        },
        "2023-11": {
            "month": "2023-11",
            "price": "198.02",
            "revenue": 285270
        },
        "2023-12": {
            "month": "2023-12",
            "price": "217.40",
            "revenue": 178193
        }
    }
}
