{
    "summary": {
        "stock_name": "禾聯碩",
        "stock_id": "5283",
        "category": "電器電纜",
        "main_business": "電子零組件製造業、電器批發業及其他等相關產業",
        "website_url": "http://www.heran.com.tw",
        "ceo": "林欽宏",
        "pe_ratio": 12,
        "report_year_from": 2011,
        "report_year_to": 2023,
        "age": 12,
        "eps_negative_percentage": 0,
        "eps_growth_avg": {
            "last_all": 24.49,
            "last_2y": -0.68,
            "last_4y": null,
            "last_8y": null,
            "last_12y": null,
            "last_16y": null,
            "last_20y": null,
            "at_2006_last_3y": null,
            "at_2007_last_3y": null,
            "at_2008_last_3y": null,
            "at_2009_last_3y": null,
            "at_2010_last_3y": null,
            "at_2011_last_3y": null,
            "at_2012_last_3y": null,
            "at_2013_last_3y": null,
            "at_2014_last_3y": null,
            "at_2015_last_3y": null,
            "at_2016_last_3y": null,
            "at_2017_last_3y": null,
            "at_2018_last_3y": null,
            "at_2019_last_3y": null,
            "at_2020_last_3y": null,
            "at_2021_last_3y": null,
            "at_2022_last_3y": 24.49,
            "at_2023_last_3y": 24.49,
            "at_2006_last_all": null,
            "at_2007_last_all": null,
            "at_2008_last_all": null,
            "at_2009_last_all": null,
            "at_2010_last_all": null,
            "at_2011_last_all": null,
            "at_2012_last_all": null,
            "at_2013_last_all": null,
            "at_2014_last_all": null,
            "at_2015_last_all": null,
            "at_2016_last_all": null,
            "at_2017_last_all": null,
            "at_2018_last_all": null,
            "at_2019_last_all": null,
            "at_2020_last_all": 59.29,
            "at_2021_last_all": 34.12,
            "at_2022_last_all": 24.49,
            "at_2023_last_all": 24.49
        },
        "latest_eps": 9.16,
        "latest_price": 107.5,
        "latest_roe": 16.97,
        "latest_gross_margin": 34.5,
        "latest_equity": 3982568,
        "latest_revenue": 1231897,
        "latest_gross_profit": 424991,
        "latest_net_income": 68505,
        "latest_debt_ratio": 36.55,
        "latest_current_ratio": 200.28,
        "latest_account_receivable_turnover_ratio": 1.09,
        "latest_inventory_turnover_ratio": 0.5,
        "latest_reinvestment_rate": 6.87,
        "latest_research_to_sale_ratio": 1.09
    },
    "eps_dividends": {
        "2001": {
            "cash": 0,
            "stock": 0,
            "eps": 0
        },
        "2002": {
            "cash": 0,
            "stock": 0,
            "eps": 0
        },
        "2003": {
            "cash": 0,
            "stock": 0,
            "eps": 0
        },
        "2004": {
            "cash": 0,
            "stock": 0,
            "eps": 0
        },
        "2005": {
            "cash": 0,
            "stock": 0,
            "eps": 0
        },
        "2006": {
            "cash": 0,
            "stock": 0,
            "eps": 0
        },
        "2007": {
            "cash": 0,
            "stock": 0,
            "eps": 0
        },
        "2008": {
            "cash": 0,
            "stock": 0,
            "eps": 0
        },
        "2009": {
            "cash": 0,
            "stock": 0,
            "eps": 0
        },
        "2010": {
            "cash": 0,
            "stock": 0,
            "eps": 0
        },
        "2011": {
            "cash": 2,
            "stock": 0,
            "eps": 0
        },
        "2012": {
            "cash": 0,
            "stock": 0,
            "eps": 0
        },
        "2013": {
            "cash": 1,
            "stock": 0,
            "eps": 0
        },
        "2014": {
            "cash": 2,
            "stock": 0,
            "eps": 0
        },
        "2015": {
            "cash": 2,
            "stock": 0,
            "eps": 0
        },
        "2016": {
            "cash": 1,
            "stock": 1,
            "eps": 0
        },
        "2017": {
            "cash": 3,
            "stock": 1,
            "eps": 0
        },
        "2018": {
            "cash": 7,
            "stock": 0,
            "eps": 4.88
        },
        "2019": {
            "cash": 9,
            "stock": 0,
            "eps": 10.76
        },
        "2020": {
            "cash": 8,
            "stock": 0,
            "eps": 12.76
        },
        "2021": {
            "cash": 8,
            "stock": 0,
            "eps": 10.69
        },
        "2022": {
            "cash": 8,
            "stock": 0,
            "eps": 10.22
        },
        "2023": {
            "cash": 4,
            "stock": 0,
            "eps": 0.94
        }
    },
    "dividends": {
        "2011-01-01": {
            "cash": 1.5,
            "stock": 0
        },
        "2013-06-28": {
            "cash": 1,
            "stock": 0
        },
        "2014-10-07": {
            "cash": 1.5,
            "stock": 0
        },
        "2015-10-05": {
            "cash": 1.5,
            "stock": 0
        },
        "2016-11-07": {
            "cash": 1,
            "stock": 0.5
        },
        "2017-10-16": {
            "cash": 3,
            "stock": 1
        },
        "2018-09-21": {
            "cash": 7,
            "stock": 0
        },
        "2019-08-29": {
            "cash": 9,
            "stock": 0
        },
        "2020-04-21": {
            "cash": 4,
            "stock": 0
        },
        "2020-09-30": {
            "cash": 4,
            "stock": 0
        },
        "2021-04-21": {
            "cash": 4,
            "stock": 0
        },
        "2021-09-30": {
            "cash": 4,
            "stock": 0
        },
        "2022-04-21": {
            "cash": 4,
            "stock": 0
        },
        "2022-09-30": {
            "cash": 4,
            "stock": 0
        },
        "2023-04-20": {
            "cash": 4,
            "stock": 0
        }
    },
    "prices": {
        "200101": "無",
        "200102": "無",
        "200103": "無",
        "200104": "無",
        "200105": "無",
        "200106": "無",
        "200107": "無",
        "200108": "無",
        "200109": "無",
        "200110": "無",
        "200111": "無",
        "200112": "無",
        "200201": "無",
        "200202": "無",
        "200203": "無",
        "200204": "無",
        "200205": "無",
        "200206": "無",
        "200207": "無",
        "200208": "無",
        "200209": "無",
        "200210": "無",
        "200211": "無",
        "200212": "無",
        "200301": "無",
        "200302": "無",
        "200303": "無",
        "200304": "無",
        "200305": "無",
        "200306": "無",
        "200307": "無",
        "200308": "無",
        "200309": "無",
        "200310": "無",
        "200311": "無",
        "200312": "無",
        "200401": "無",
        "200402": "無",
        "200403": "無",
        "200404": "無",
        "200405": "無",
        "200406": "無",
        "200407": "無",
        "200408": "無",
        "200409": "無",
        "200410": "無",
        "200411": "無",
        "200412": "無",
        "200501": "無",
        "200502": "無",
        "200503": "無",
        "200504": "無",
        "200505": "無",
        "200506": "無",
        "200507": "無",
        "200508": "無",
        "200509": "無",
        "200510": "無",
        "200511": "無",
        "200512": "無",
        "200601": "無",
        "200602": "無",
        "200603": "無",
        "200604": "無",
        "200605": "無",
        "200606": "無",
        "200607": "無",
        "200608": "無",
        "200609": "無",
        "200610": "無",
        "200611": "無",
        "200612": "無",
        "200701": "無",
        "200702": "無",
        "200703": "無",
        "200704": "無",
        "200705": "無",
        "200706": "無",
        "200707": "無",
        "200708": "無",
        "200709": "無",
        "200710": "無",
        "200711": "無",
        "200712": "無",
        "200801": "無",
        "200802": "無",
        "200803": "無",
        "200804": "無",
        "200805": "無",
        "200806": "無",
        "200807": "無",
        "200808": "無",
        "200809": "無",
        "200810": "無",
        "200811": "無",
        "200812": "無",
        "200901": "無",
        "200902": "無",
        "200903": "無",
        "200904": "無",
        "200905": "無",
        "200906": "無",
        "200907": "無",
        "200908": "無",
        "200909": "無",
        "200910": "無",
        "200911": "無",
        "200912": "無",
        "201001": "無",
        "201002": "無",
        "201003": "無",
        "201004": "無",
        "201005": "無",
        "201006": "無",
        "201007": "無",
        "201008": "無",
        "201009": "無",
        "201010": "無",
        "201011": "無",
        "201012": "無",
        "201101": "無",
        "201102": "無",
        "201103": "無",
        "201104": "無",
        "201105": "無",
        "201106": "無",
        "201107": "無",
        "201108": "無",
        "201109": "無",
        "201110": "無",
        "201111": "無",
        "201112": "無",
        "201201": "無",
        "201202": "無",
        "201203": "無",
        "201204": "無",
        "201205": "無",
        "201206": "無",
        "201207": "無",
        "201208": "無",
        "201209": "無",
        "201210": "41.41",
        "201211": "40.75",
        "201212": "40.44",
        "201301": "39.81",
        "201302": "40.48",
        "201303": "40.93",
        "201304": "41.17",
        "201305": "40.45",
        "201306": "39.70",
        "201307": "39.63",
        "201308": "38.90",
        "201309": "無",
        "201310": "38.10",
        "201311": "37.39",
        "201312": "35.78",
        "201401": "無",
        "201402": "無",
        "201403": "36.09",
        "201404": "35.08",
        "201405": "無",
        "201406": "30.31",
        "201407": "27.57",
        "201408": "34.43",
        "201409": "33.09",
        "201410": "30.04",
        "201411": "30.32",
        "201412": "30.15",
        "201501": "30.08",
        "201502": "30.22",
        "201503": "30.93",
        "201504": "34.43",
        "201505": "31.68",
        "201506": "30.77",
        "201507": "31.80",
        "201508": "32.86",
        "201509": "32.47",
        "201510": "32.58",
        "201511": "33.49",
        "201512": "35.36",
        "201601": "34.49",
        "201602": "35.25",
        "201603": "40.07",
        "201604": "40.61",
        "201605": "41.43",
        "201606": "41.26",
        "201607": "44.48",
        "201608": "51.63",
        "201609": "61.19",
        "201610": "69.12",
        "201611": "65.82",
        "201612": "66.55",
        "201701": "80.91",
        "201702": "82.99",
        "201703": "84.95",
        "201704": "81.28",
        "201705": "82.09",
        "201706": "84.08",
        "201707": "92.02",
        "201708": "101.67",
        "201709": "101.26",
        "201710": "97.30",
        "201711": "95.74",
        "201712": "91.97",
        "201801": "98.74",
        "201802": "101.26",
        "201803": "107.41",
        "201804": "110.13",
        "201805": "105.24",
        "201806": "105.43",
        "201807": "106.14",
        "201808": "110.53",
        "201809": "107.09",
        "201810": "104.61",
        "201811": "102.80",
        "201812": "101.92",
        "201901": "104.93",
        "201902": "114.96",
        "201903": "122.15",
        "201904": "127.86",
        "201905": "114.50",
        "201906": "96.51",
        "201907": "101.71",
        "201908": "92.86",
        "201909": "92.04",
        "201910": "91.70",
        "201911": "96.71",
        "201912": "99.99",
        "202001": "106.83",
        "202002": "103.63",
        "202003": "92.34",
        "202004": "93.70",
        "202005": "98.34",
        "202006": "101.42",
        "202007": "103.74",
        "202008": "107.14",
        "202009": "103.89",
        "202010": "102.21",
        "202011": "105.64",
        "202012": "111.61",
        "202101": "133.08",
        "202102": "136.50",
        "202103": "138.32",
        "202104": "127.97",
        "202105": "118.57",
        "202106": "121.50",
        "202107": "117.77",
        "202108": "116.16",
        "202109": "113.80",
        "202110": "111.60",
        "202111": "117.48",
        "202112": "117.36",
        "202201": "119.97",
        "202202": "123.43",
        "202203": "119.30",
        "202204": "115.89",
        "202205": "113.98",
        "202206": "106.87",
        "202207": "100.79",
        "202208": "107.89",
        "202209": "105.83",
        "202210": "102.38",
        "202211": "102.23",
        "202212": "104.32",
        "202301": "107.54",
        "202302": "112.42",
        "202303": "110.67",
        "202304": "109.21",
        "202305": "107.82"
    },
    "quarters": {
        "20011": {
            "year_quarter": 20011,
            "year": 2001,
            "quarter": 1,
            "eps": null,
            "eps_growth_year": null,
            "eps_4q": null,
            "eps_4q_growth_year": null,
            "roe": null,
            "gross_profit": null,
            "gross_margin": null,
            "net_income": null,
            "revenue": null,
            "common_shares": null,
            "equity": null,
            "current_ratio": null,
            "debt_ratio": null,
            "inventory_turnover_ratio": null,
            "account_receivable_turnover_ratio": null,
            "reinvestment_rate": null,
            "research_to_sale_ratio": null,
            "price_fair": 0,
            "eps_avg_yearly": 0,
            "eps_latest_yearly": 0,
            "eps_growth_yearly": 0
        },
        "20012": {
            "year_quarter": 20012,
            "year": 2001,
            "quarter": 2,
            "eps": null,
            "eps_growth_year": null,
            "eps_4q": null,
            "eps_4q_growth_year": null,
            "roe": null,
            "gross_profit": null,
            "gross_margin": null,
            "net_income": null,
            "revenue": null,
            "common_shares": null,
            "equity": null,
            "current_ratio": null,
            "debt_ratio": null,
            "inventory_turnover_ratio": null,
            "account_receivable_turnover_ratio": null,
            "reinvestment_rate": null,
            "research_to_sale_ratio": null,
            "price_fair": 0,
            "eps_avg_yearly": 0,
            "eps_latest_yearly": 0,
            "eps_growth_yearly": 0
        },
        "20013": {
            "year_quarter": 20013,
            "year": 2001,
            "quarter": 3,
            "eps": null,
            "eps_growth_year": null,
            "eps_4q": null,
            "eps_4q_growth_year": null,
            "roe": null,
            "gross_profit": null,
            "gross_margin": null,
            "net_income": null,
            "revenue": null,
            "common_shares": null,
            "equity": null,
            "current_ratio": null,
            "debt_ratio": null,
            "inventory_turnover_ratio": null,
            "account_receivable_turnover_ratio": null,
            "reinvestment_rate": null,
            "research_to_sale_ratio": null,
            "price_fair": 0,
            "eps_avg_yearly": 0,
            "eps_latest_yearly": 0,
            "eps_growth_yearly": 0
        },
        "20014": {
            "year_quarter": 20014,
            "year": 2001,
            "quarter": 4,
            "eps": null,
            "eps_growth_year": null,
            "eps_4q": null,
            "eps_4q_growth_year": null,
            "roe": null,
            "gross_profit": null,
            "gross_margin": null,
            "net_income": null,
            "revenue": null,
            "common_shares": null,
            "equity": null,
            "current_ratio": null,
            "debt_ratio": null,
            "inventory_turnover_ratio": null,
            "account_receivable_turnover_ratio": null,
            "reinvestment_rate": null,
            "research_to_sale_ratio": null,
            "price_fair": 0,
            "eps_avg_yearly": 0,
            "eps_latest_yearly": 0,
            "eps_growth_yearly": 0
        },
        "20021": {
            "year_quarter": 20021,
            "year": 2002,
            "quarter": 1,
            "eps": null,
            "eps_growth_year": null,
            "eps_4q": null,
            "eps_4q_growth_year": null,
            "roe": null,
            "gross_profit": null,
            "gross_margin": null,
            "net_income": null,
            "revenue": null,
            "common_shares": null,
            "equity": null,
            "current_ratio": null,
            "debt_ratio": null,
            "inventory_turnover_ratio": null,
            "account_receivable_turnover_ratio": null,
            "reinvestment_rate": null,
            "research_to_sale_ratio": null,
            "price_fair": 0,
            "eps_avg_yearly": 0,
            "eps_latest_yearly": 0,
            "eps_growth_yearly": 0
        },
        "20022": {
            "year_quarter": 20022,
            "year": 2002,
            "quarter": 2,
            "eps": null,
            "eps_growth_year": null,
            "eps_4q": null,
            "eps_4q_growth_year": null,
            "roe": null,
            "gross_profit": null,
            "gross_margin": null,
            "net_income": null,
            "revenue": null,
            "common_shares": null,
            "equity": null,
            "current_ratio": null,
            "debt_ratio": null,
            "inventory_turnover_ratio": null,
            "account_receivable_turnover_ratio": null,
            "reinvestment_rate": null,
            "research_to_sale_ratio": null,
            "price_fair": 0,
            "eps_avg_yearly": 0,
            "eps_latest_yearly": 0,
            "eps_growth_yearly": 0
        },
        "20023": {
            "year_quarter": 20023,
            "year": 2002,
            "quarter": 3,
            "eps": null,
            "eps_growth_year": null,
            "eps_4q": null,
            "eps_4q_growth_year": null,
            "roe": null,
            "gross_profit": null,
            "gross_margin": null,
            "net_income": null,
            "revenue": null,
            "common_shares": null,
            "equity": null,
            "current_ratio": null,
            "debt_ratio": null,
            "inventory_turnover_ratio": null,
            "account_receivable_turnover_ratio": null,
            "reinvestment_rate": null,
            "research_to_sale_ratio": null,
            "price_fair": 0,
            "eps_avg_yearly": 0,
            "eps_latest_yearly": 0,
            "eps_growth_yearly": 0
        },
        "20024": {
            "year_quarter": 20024,
            "year": 2002,
            "quarter": 4,
            "eps": null,
            "eps_growth_year": null,
            "eps_4q": null,
            "eps_4q_growth_year": null,
            "roe": null,
            "gross_profit": null,
            "gross_margin": null,
            "net_income": null,
            "revenue": null,
            "common_shares": null,
            "equity": null,
            "current_ratio": null,
            "debt_ratio": null,
            "inventory_turnover_ratio": null,
            "account_receivable_turnover_ratio": null,
            "reinvestment_rate": null,
            "research_to_sale_ratio": null,
            "price_fair": 0,
            "eps_avg_yearly": 0,
            "eps_latest_yearly": 0,
            "eps_growth_yearly": 0
        },
        "20031": {
            "year_quarter": 20031,
            "year": 2003,
            "quarter": 1,
            "eps": null,
            "eps_growth_year": null,
            "eps_4q": null,
            "eps_4q_growth_year": null,
            "roe": null,
            "gross_profit": null,
            "gross_margin": null,
            "net_income": null,
            "revenue": null,
            "common_shares": null,
            "equity": null,
            "current_ratio": null,
            "debt_ratio": null,
            "inventory_turnover_ratio": null,
            "account_receivable_turnover_ratio": null,
            "reinvestment_rate": null,
            "research_to_sale_ratio": null,
            "price_fair": 0,
            "eps_avg_yearly": 0,
            "eps_latest_yearly": 0,
            "eps_growth_yearly": 0
        },
        "20032": {
            "year_quarter": 20032,
            "year": 2003,
            "quarter": 2,
            "eps": null,
            "eps_growth_year": null,
            "eps_4q": null,
            "eps_4q_growth_year": null,
            "roe": null,
            "gross_profit": null,
            "gross_margin": null,
            "net_income": null,
            "revenue": null,
            "common_shares": null,
            "equity": null,
            "current_ratio": null,
            "debt_ratio": null,
            "inventory_turnover_ratio": null,
            "account_receivable_turnover_ratio": null,
            "reinvestment_rate": null,
            "research_to_sale_ratio": null,
            "price_fair": 0,
            "eps_avg_yearly": 0,
            "eps_latest_yearly": 0,
            "eps_growth_yearly": 0
        },
        "20033": {
            "year_quarter": 20033,
            "year": 2003,
            "quarter": 3,
            "eps": null,
            "eps_growth_year": null,
            "eps_4q": null,
            "eps_4q_growth_year": null,
            "roe": null,
            "gross_profit": null,
            "gross_margin": null,
            "net_income": null,
            "revenue": null,
            "common_shares": null,
            "equity": null,
            "current_ratio": null,
            "debt_ratio": null,
            "inventory_turnover_ratio": null,
            "account_receivable_turnover_ratio": null,
            "reinvestment_rate": null,
            "research_to_sale_ratio": null,
            "price_fair": 0,
            "eps_avg_yearly": 0,
            "eps_latest_yearly": 0,
            "eps_growth_yearly": 0
        },
        "20034": {
            "year_quarter": 20034,
            "year": 2003,
            "quarter": 4,
            "eps": null,
            "eps_growth_year": null,
            "eps_4q": null,
            "eps_4q_growth_year": null,
            "roe": null,
            "gross_profit": null,
            "gross_margin": null,
            "net_income": null,
            "revenue": null,
            "common_shares": null,
            "equity": null,
            "current_ratio": null,
            "debt_ratio": null,
            "inventory_turnover_ratio": null,
            "account_receivable_turnover_ratio": null,
            "reinvestment_rate": null,
            "research_to_sale_ratio": null,
            "price_fair": 0,
            "eps_avg_yearly": 0,
            "eps_latest_yearly": 0,
            "eps_growth_yearly": 0
        },
        "20041": {
            "year_quarter": 20041,
            "year": 2004,
            "quarter": 1,
            "eps": null,
            "eps_growth_year": null,
            "eps_4q": null,
            "eps_4q_growth_year": null,
            "roe": null,
            "gross_profit": null,
            "gross_margin": null,
            "net_income": null,
            "revenue": null,
            "common_shares": null,
            "equity": null,
            "current_ratio": null,
            "debt_ratio": null,
            "inventory_turnover_ratio": null,
            "account_receivable_turnover_ratio": null,
            "reinvestment_rate": null,
            "research_to_sale_ratio": null,
            "price_fair": 0,
            "eps_avg_yearly": 0,
            "eps_latest_yearly": 0,
            "eps_growth_yearly": 0
        },
        "20042": {
            "year_quarter": 20042,
            "year": 2004,
            "quarter": 2,
            "eps": null,
            "eps_growth_year": null,
            "eps_4q": null,
            "eps_4q_growth_year": null,
            "roe": null,
            "gross_profit": null,
            "gross_margin": null,
            "net_income": null,
            "revenue": null,
            "common_shares": null,
            "equity": null,
            "current_ratio": null,
            "debt_ratio": null,
            "inventory_turnover_ratio": null,
            "account_receivable_turnover_ratio": null,
            "reinvestment_rate": null,
            "research_to_sale_ratio": null,
            "price_fair": 0,
            "eps_avg_yearly": 0,
            "eps_latest_yearly": 0,
            "eps_growth_yearly": 0
        },
        "20043": {
            "year_quarter": 20043,
            "year": 2004,
            "quarter": 3,
            "eps": null,
            "eps_growth_year": null,
            "eps_4q": null,
            "eps_4q_growth_year": null,
            "roe": null,
            "gross_profit": null,
            "gross_margin": null,
            "net_income": null,
            "revenue": null,
            "common_shares": null,
            "equity": null,
            "current_ratio": null,
            "debt_ratio": null,
            "inventory_turnover_ratio": null,
            "account_receivable_turnover_ratio": null,
            "reinvestment_rate": null,
            "research_to_sale_ratio": null,
            "price_fair": 0,
            "eps_avg_yearly": 0,
            "eps_latest_yearly": 0,
            "eps_growth_yearly": 0
        },
        "20044": {
            "year_quarter": 20044,
            "year": 2004,
            "quarter": 4,
            "eps": null,
            "eps_growth_year": null,
            "eps_4q": null,
            "eps_4q_growth_year": null,
            "roe": null,
            "gross_profit": null,
            "gross_margin": null,
            "net_income": null,
            "revenue": null,
            "common_shares": null,
            "equity": null,
            "current_ratio": null,
            "debt_ratio": null,
            "inventory_turnover_ratio": null,
            "account_receivable_turnover_ratio": null,
            "reinvestment_rate": null,
            "research_to_sale_ratio": null,
            "price_fair": 0,
            "eps_avg_yearly": 0,
            "eps_latest_yearly": 0,
            "eps_growth_yearly": 0
        },
        "20051": {
            "year_quarter": 20051,
            "year": 2005,
            "quarter": 1,
            "eps": null,
            "eps_growth_year": null,
            "eps_4q": null,
            "eps_4q_growth_year": null,
            "roe": null,
            "gross_profit": null,
            "gross_margin": null,
            "net_income": null,
            "revenue": null,
            "common_shares": null,
            "equity": null,
            "current_ratio": null,
            "debt_ratio": null,
            "inventory_turnover_ratio": null,
            "account_receivable_turnover_ratio": null,
            "reinvestment_rate": null,
            "research_to_sale_ratio": null,
            "price_fair": 0,
            "eps_avg_yearly": 0,
            "eps_latest_yearly": 0,
            "eps_growth_yearly": 0
        },
        "20052": {
            "year_quarter": 20052,
            "year": 2005,
            "quarter": 2,
            "eps": null,
            "eps_growth_year": null,
            "eps_4q": null,
            "eps_4q_growth_year": null,
            "roe": null,
            "gross_profit": null,
            "gross_margin": null,
            "net_income": null,
            "revenue": null,
            "common_shares": null,
            "equity": null,
            "current_ratio": null,
            "debt_ratio": null,
            "inventory_turnover_ratio": null,
            "account_receivable_turnover_ratio": null,
            "reinvestment_rate": null,
            "research_to_sale_ratio": null,
            "price_fair": 0,
            "eps_avg_yearly": 0,
            "eps_latest_yearly": 0,
            "eps_growth_yearly": 0
        },
        "20053": {
            "year_quarter": 20053,
            "year": 2005,
            "quarter": 3,
            "eps": null,
            "eps_growth_year": null,
            "eps_4q": null,
            "eps_4q_growth_year": null,
            "roe": null,
            "gross_profit": null,
            "gross_margin": null,
            "net_income": null,
            "revenue": null,
            "common_shares": null,
            "equity": null,
            "current_ratio": null,
            "debt_ratio": null,
            "inventory_turnover_ratio": null,
            "account_receivable_turnover_ratio": null,
            "reinvestment_rate": null,
            "research_to_sale_ratio": null,
            "price_fair": 0,
            "eps_avg_yearly": 0,
            "eps_latest_yearly": 0,
            "eps_growth_yearly": 0
        },
        "20054": {
            "year_quarter": 20054,
            "year": 2005,
            "quarter": 4,
            "eps": null,
            "eps_growth_year": null,
            "eps_4q": null,
            "eps_4q_growth_year": null,
            "roe": null,
            "gross_profit": null,
            "gross_margin": null,
            "net_income": null,
            "revenue": null,
            "common_shares": null,
            "equity": null,
            "current_ratio": null,
            "debt_ratio": null,
            "inventory_turnover_ratio": null,
            "account_receivable_turnover_ratio": null,
            "reinvestment_rate": null,
            "research_to_sale_ratio": null,
            "price_fair": 0,
            "eps_avg_yearly": 0,
            "eps_latest_yearly": 0,
            "eps_growth_yearly": 0
        },
        "20061": {
            "year_quarter": 20061,
            "year": 2006,
            "quarter": 1,
            "eps": null,
            "eps_growth_year": null,
            "eps_4q": null,
            "eps_4q_growth_year": null,
            "roe": null,
            "gross_profit": null,
            "gross_margin": null,
            "net_income": null,
            "revenue": null,
            "common_shares": null,
            "equity": null,
            "current_ratio": null,
            "debt_ratio": null,
            "inventory_turnover_ratio": null,
            "account_receivable_turnover_ratio": null,
            "reinvestment_rate": null,
            "research_to_sale_ratio": null,
            "price_fair": 0,
            "eps_avg_yearly": 0,
            "eps_latest_yearly": 0,
            "eps_growth_yearly": 0
        },
        "20062": {
            "year_quarter": 20062,
            "year": 2006,
            "quarter": 2,
            "eps": null,
            "eps_growth_year": null,
            "eps_4q": null,
            "eps_4q_growth_year": null,
            "roe": null,
            "gross_profit": null,
            "gross_margin": null,
            "net_income": null,
            "revenue": null,
            "common_shares": null,
            "equity": null,
            "current_ratio": null,
            "debt_ratio": null,
            "inventory_turnover_ratio": null,
            "account_receivable_turnover_ratio": null,
            "reinvestment_rate": null,
            "research_to_sale_ratio": null,
            "price_fair": 0,
            "eps_avg_yearly": 0,
            "eps_latest_yearly": 0,
            "eps_growth_yearly": 0
        },
        "20063": {
            "year_quarter": 20063,
            "year": 2006,
            "quarter": 3,
            "eps": null,
            "eps_growth_year": null,
            "eps_4q": null,
            "eps_4q_growth_year": null,
            "roe": null,
            "gross_profit": null,
            "gross_margin": null,
            "net_income": null,
            "revenue": null,
            "common_shares": null,
            "equity": null,
            "current_ratio": null,
            "debt_ratio": null,
            "inventory_turnover_ratio": null,
            "account_receivable_turnover_ratio": null,
            "reinvestment_rate": null,
            "research_to_sale_ratio": null,
            "price_fair": 0,
            "eps_avg_yearly": 0,
            "eps_latest_yearly": 0,
            "eps_growth_yearly": 0
        },
        "20064": {
            "year_quarter": 20064,
            "year": 2006,
            "quarter": 4,
            "eps": null,
            "eps_growth_year": null,
            "eps_4q": null,
            "eps_4q_growth_year": null,
            "roe": null,
            "gross_profit": null,
            "gross_margin": null,
            "net_income": null,
            "revenue": null,
            "common_shares": null,
            "equity": null,
            "current_ratio": null,
            "debt_ratio": null,
            "inventory_turnover_ratio": null,
            "account_receivable_turnover_ratio": null,
            "reinvestment_rate": null,
            "research_to_sale_ratio": null,
            "price_fair": 0,
            "eps_avg_yearly": 0,
            "eps_latest_yearly": 0,
            "eps_growth_yearly": 0
        },
        "20071": {
            "year_quarter": 20071,
            "year": 2007,
            "quarter": 1,
            "eps": null,
            "eps_growth_year": null,
            "eps_4q": null,
            "eps_4q_growth_year": null,
            "roe": null,
            "gross_profit": null,
            "gross_margin": null,
            "net_income": null,
            "revenue": null,
            "common_shares": null,
            "equity": null,
            "current_ratio": null,
            "debt_ratio": null,
            "inventory_turnover_ratio": null,
            "account_receivable_turnover_ratio": null,
            "reinvestment_rate": null,
            "research_to_sale_ratio": null,
            "price_fair": 0,
            "eps_avg_yearly": 0,
            "eps_latest_yearly": 0,
            "eps_growth_yearly": 0
        },
        "20072": {
            "year_quarter": 20072,
            "year": 2007,
            "quarter": 2,
            "eps": null,
            "eps_growth_year": null,
            "eps_4q": null,
            "eps_4q_growth_year": null,
            "roe": null,
            "gross_profit": null,
            "gross_margin": null,
            "net_income": null,
            "revenue": null,
            "common_shares": null,
            "equity": null,
            "current_ratio": null,
            "debt_ratio": null,
            "inventory_turnover_ratio": null,
            "account_receivable_turnover_ratio": null,
            "reinvestment_rate": null,
            "research_to_sale_ratio": null,
            "price_fair": 0,
            "eps_avg_yearly": 0,
            "eps_latest_yearly": 0,
            "eps_growth_yearly": 0
        },
        "20073": {
            "year_quarter": 20073,
            "year": 2007,
            "quarter": 3,
            "eps": null,
            "eps_growth_year": null,
            "eps_4q": null,
            "eps_4q_growth_year": null,
            "roe": null,
            "gross_profit": null,
            "gross_margin": null,
            "net_income": null,
            "revenue": null,
            "common_shares": null,
            "equity": null,
            "current_ratio": null,
            "debt_ratio": null,
            "inventory_turnover_ratio": null,
            "account_receivable_turnover_ratio": null,
            "reinvestment_rate": null,
            "research_to_sale_ratio": null,
            "price_fair": 0,
            "eps_avg_yearly": 0,
            "eps_latest_yearly": 0,
            "eps_growth_yearly": 0
        },
        "20074": {
            "year_quarter": 20074,
            "year": 2007,
            "quarter": 4,
            "eps": null,
            "eps_growth_year": null,
            "eps_4q": null,
            "eps_4q_growth_year": null,
            "roe": null,
            "gross_profit": null,
            "gross_margin": null,
            "net_income": null,
            "revenue": null,
            "common_shares": null,
            "equity": null,
            "current_ratio": null,
            "debt_ratio": null,
            "inventory_turnover_ratio": null,
            "account_receivable_turnover_ratio": null,
            "reinvestment_rate": null,
            "research_to_sale_ratio": null,
            "price_fair": 0,
            "eps_avg_yearly": 0,
            "eps_latest_yearly": 0,
            "eps_growth_yearly": 0
        },
        "20081": {
            "year_quarter": 20081,
            "year": 2008,
            "quarter": 1,
            "eps": null,
            "eps_growth_year": null,
            "eps_4q": null,
            "eps_4q_growth_year": null,
            "roe": null,
            "gross_profit": null,
            "gross_margin": null,
            "net_income": null,
            "revenue": null,
            "common_shares": null,
            "equity": null,
            "current_ratio": null,
            "debt_ratio": null,
            "inventory_turnover_ratio": null,
            "account_receivable_turnover_ratio": null,
            "reinvestment_rate": null,
            "research_to_sale_ratio": null,
            "price_fair": 0,
            "eps_avg_yearly": 0,
            "eps_latest_yearly": 0,
            "eps_growth_yearly": 0
        },
        "20082": {
            "year_quarter": 20082,
            "year": 2008,
            "quarter": 2,
            "eps": null,
            "eps_growth_year": null,
            "eps_4q": null,
            "eps_4q_growth_year": null,
            "roe": null,
            "gross_profit": null,
            "gross_margin": null,
            "net_income": null,
            "revenue": null,
            "common_shares": null,
            "equity": null,
            "current_ratio": null,
            "debt_ratio": null,
            "inventory_turnover_ratio": null,
            "account_receivable_turnover_ratio": null,
            "reinvestment_rate": null,
            "research_to_sale_ratio": null,
            "price_fair": 0,
            "eps_avg_yearly": 0,
            "eps_latest_yearly": 0,
            "eps_growth_yearly": 0
        },
        "20083": {
            "year_quarter": 20083,
            "year": 2008,
            "quarter": 3,
            "eps": null,
            "eps_growth_year": null,
            "eps_4q": null,
            "eps_4q_growth_year": null,
            "roe": null,
            "gross_profit": null,
            "gross_margin": null,
            "net_income": null,
            "revenue": null,
            "common_shares": null,
            "equity": null,
            "current_ratio": null,
            "debt_ratio": null,
            "inventory_turnover_ratio": null,
            "account_receivable_turnover_ratio": null,
            "reinvestment_rate": null,
            "research_to_sale_ratio": null,
            "price_fair": 0,
            "eps_avg_yearly": 0,
            "eps_latest_yearly": 0,
            "eps_growth_yearly": 0
        },
        "20084": {
            "year_quarter": 20084,
            "year": 2008,
            "quarter": 4,
            "eps": null,
            "eps_growth_year": null,
            "eps_4q": null,
            "eps_4q_growth_year": null,
            "roe": null,
            "gross_profit": null,
            "gross_margin": null,
            "net_income": null,
            "revenue": null,
            "common_shares": null,
            "equity": null,
            "current_ratio": null,
            "debt_ratio": null,
            "inventory_turnover_ratio": null,
            "account_receivable_turnover_ratio": null,
            "reinvestment_rate": null,
            "research_to_sale_ratio": null,
            "price_fair": 0,
            "eps_avg_yearly": 0,
            "eps_latest_yearly": 0,
            "eps_growth_yearly": 0
        },
        "20091": {
            "year_quarter": 20091,
            "year": 2009,
            "quarter": 1,
            "eps": null,
            "eps_growth_year": null,
            "eps_4q": null,
            "eps_4q_growth_year": null,
            "roe": null,
            "gross_profit": null,
            "gross_margin": null,
            "net_income": null,
            "revenue": null,
            "common_shares": null,
            "equity": null,
            "current_ratio": null,
            "debt_ratio": null,
            "inventory_turnover_ratio": null,
            "account_receivable_turnover_ratio": null,
            "reinvestment_rate": null,
            "research_to_sale_ratio": null,
            "price_fair": 0,
            "eps_avg_yearly": 0,
            "eps_latest_yearly": 0,
            "eps_growth_yearly": 0
        },
        "20092": {
            "year_quarter": 20092,
            "year": 2009,
            "quarter": 2,
            "eps": null,
            "eps_growth_year": null,
            "eps_4q": null,
            "eps_4q_growth_year": null,
            "roe": null,
            "gross_profit": null,
            "gross_margin": null,
            "net_income": null,
            "revenue": null,
            "common_shares": null,
            "equity": null,
            "current_ratio": null,
            "debt_ratio": null,
            "inventory_turnover_ratio": null,
            "account_receivable_turnover_ratio": null,
            "reinvestment_rate": null,
            "research_to_sale_ratio": null,
            "price_fair": 0,
            "eps_avg_yearly": 0,
            "eps_latest_yearly": 0,
            "eps_growth_yearly": 0
        },
        "20093": {
            "year_quarter": 20093,
            "year": 2009,
            "quarter": 3,
            "eps": null,
            "eps_growth_year": null,
            "eps_4q": null,
            "eps_4q_growth_year": null,
            "roe": null,
            "gross_profit": null,
            "gross_margin": null,
            "net_income": null,
            "revenue": null,
            "common_shares": null,
            "equity": null,
            "current_ratio": null,
            "debt_ratio": null,
            "inventory_turnover_ratio": null,
            "account_receivable_turnover_ratio": null,
            "reinvestment_rate": null,
            "research_to_sale_ratio": null,
            "price_fair": 0,
            "eps_avg_yearly": 0,
            "eps_latest_yearly": 0,
            "eps_growth_yearly": 0
        },
        "20094": {
            "year_quarter": 20094,
            "year": 2009,
            "quarter": 4,
            "eps": null,
            "eps_growth_year": null,
            "eps_4q": null,
            "eps_4q_growth_year": null,
            "roe": null,
            "gross_profit": null,
            "gross_margin": null,
            "net_income": null,
            "revenue": null,
            "common_shares": null,
            "equity": null,
            "current_ratio": null,
            "debt_ratio": null,
            "inventory_turnover_ratio": null,
            "account_receivable_turnover_ratio": null,
            "reinvestment_rate": null,
            "research_to_sale_ratio": null,
            "price_fair": 0,
            "eps_avg_yearly": 0,
            "eps_latest_yearly": 0,
            "eps_growth_yearly": 0
        },
        "20101": {
            "year_quarter": 20101,
            "year": 2010,
            "quarter": 1,
            "eps": null,
            "eps_growth_year": null,
            "eps_4q": null,
            "eps_4q_growth_year": null,
            "roe": null,
            "gross_profit": null,
            "gross_margin": null,
            "net_income": null,
            "revenue": null,
            "common_shares": null,
            "equity": null,
            "current_ratio": null,
            "debt_ratio": null,
            "inventory_turnover_ratio": null,
            "account_receivable_turnover_ratio": null,
            "reinvestment_rate": null,
            "research_to_sale_ratio": null,
            "price_fair": 0,
            "eps_avg_yearly": 0,
            "eps_latest_yearly": 0,
            "eps_growth_yearly": 0
        },
        "20102": {
            "year_quarter": 20102,
            "year": 2010,
            "quarter": 2,
            "eps": null,
            "eps_growth_year": null,
            "eps_4q": null,
            "eps_4q_growth_year": null,
            "roe": null,
            "gross_profit": null,
            "gross_margin": null,
            "net_income": null,
            "revenue": null,
            "common_shares": null,
            "equity": null,
            "current_ratio": null,
            "debt_ratio": null,
            "inventory_turnover_ratio": null,
            "account_receivable_turnover_ratio": null,
            "reinvestment_rate": null,
            "research_to_sale_ratio": null,
            "price_fair": 0,
            "eps_avg_yearly": 0,
            "eps_latest_yearly": 0,
            "eps_growth_yearly": 0
        },
        "20103": {
            "year_quarter": 20103,
            "year": 2010,
            "quarter": 3,
            "eps": null,
            "eps_growth_year": null,
            "eps_4q": null,
            "eps_4q_growth_year": null,
            "roe": null,
            "gross_profit": null,
            "gross_margin": null,
            "net_income": null,
            "revenue": null,
            "common_shares": null,
            "equity": null,
            "current_ratio": null,
            "debt_ratio": null,
            "inventory_turnover_ratio": null,
            "account_receivable_turnover_ratio": null,
            "reinvestment_rate": null,
            "research_to_sale_ratio": null,
            "price_fair": 0,
            "eps_avg_yearly": 0,
            "eps_latest_yearly": 0,
            "eps_growth_yearly": 0
        },
        "20104": {
            "year_quarter": 20104,
            "year": 2010,
            "quarter": 4,
            "eps": null,
            "eps_growth_year": null,
            "eps_4q": null,
            "eps_4q_growth_year": null,
            "roe": null,
            "gross_profit": null,
            "gross_margin": null,
            "net_income": null,
            "revenue": null,
            "common_shares": 578350,
            "equity": 1121528,
            "current_ratio": null,
            "debt_ratio": null,
            "inventory_turnover_ratio": null,
            "account_receivable_turnover_ratio": null,
            "reinvestment_rate": null,
            "research_to_sale_ratio": null,
            "price_fair": 0,
            "eps_avg_yearly": 0,
            "eps_latest_yearly": 0,
            "eps_growth_yearly": 0
        },
        "20111": {
            "year_quarter": 20111,
            "year": 2011,
            "quarter": 1,
            "eps": null,
            "eps_growth_year": null,
            "eps_4q": null,
            "eps_4q_growth_year": null,
            "roe": null,
            "gross_profit": null,
            "gross_margin": null,
            "net_income": null,
            "revenue": null,
            "common_shares": null,
            "equity": null,
            "current_ratio": null,
            "debt_ratio": null,
            "inventory_turnover_ratio": null,
            "account_receivable_turnover_ratio": null,
            "reinvestment_rate": null,
            "research_to_sale_ratio": null,
            "price_fair": 0,
            "eps_avg_yearly": 0,
            "eps_latest_yearly": 0,
            "eps_growth_yearly": 0
        },
        "20112": {
            "year_quarter": 20112,
            "year": 2011,
            "quarter": 2,
            "eps": null,
            "eps_growth_year": null,
            "eps_4q": null,
            "eps_4q_growth_year": null,
            "roe": null,
            "gross_profit": null,
            "gross_margin": null,
            "net_income": null,
            "revenue": null,
            "common_shares": 578350,
            "equity": 1136358,
            "current_ratio": null,
            "debt_ratio": null,
            "inventory_turnover_ratio": null,
            "account_receivable_turnover_ratio": null,
            "reinvestment_rate": null,
            "research_to_sale_ratio": null,
            "price_fair": 0,
            "eps_avg_yearly": 0,
            "eps_latest_yearly": 0,
            "eps_growth_yearly": 0
        },
        "20113": {
            "year_quarter": 20113,
            "year": 2011,
            "quarter": 3,
            "eps": null,
            "eps_growth_year": null,
            "eps_4q": null,
            "eps_4q_growth_year": null,
            "roe": null,
            "gross_profit": null,
            "gross_margin": null,
            "net_income": null,
            "revenue": null,
            "common_shares": null,
            "equity": null,
            "current_ratio": null,
            "debt_ratio": null,
            "inventory_turnover_ratio": null,
            "account_receivable_turnover_ratio": null,
            "reinvestment_rate": null,
            "research_to_sale_ratio": null,
            "price_fair": 0,
            "eps_avg_yearly": 0,
            "eps_latest_yearly": 0,
            "eps_growth_yearly": 0
        },
        "20114": {
            "year_quarter": 20114,
            "year": 2011,
            "quarter": 4,
            "eps": null,
            "eps_growth_year": null,
            "eps_4q": null,
            "eps_4q_growth_year": null,
            "roe": null,
            "gross_profit": null,
            "gross_margin": null,
            "net_income": null,
            "revenue": null,
            "common_shares": 578350,
            "equity": 1103630,
            "current_ratio": 214.93,
            "debt_ratio": 48.4,
            "inventory_turnover_ratio": null,
            "account_receivable_turnover_ratio": null,
            "reinvestment_rate": null,
            "research_to_sale_ratio": null,
            "price_fair": 0,
            "eps_avg_yearly": 0,
            "eps_latest_yearly": 0,
            "eps_growth_yearly": 0
        },
        "20121": {
            "year_quarter": 20121,
            "year": 2012,
            "quarter": 1,
            "eps": null,
            "eps_growth_year": null,
            "eps_4q": null,
            "eps_4q_growth_year": null,
            "roe": null,
            "gross_profit": null,
            "gross_margin": null,
            "net_income": null,
            "revenue": null,
            "common_shares": null,
            "equity": null,
            "current_ratio": null,
            "debt_ratio": null,
            "inventory_turnover_ratio": null,
            "account_receivable_turnover_ratio": null,
            "reinvestment_rate": null,
            "research_to_sale_ratio": null,
            "price_fair": 0,
            "eps_avg_yearly": 0,
            "eps_latest_yearly": 0,
            "eps_growth_yearly": 0
        },
        "20122": {
            "year_quarter": 20122,
            "year": 2012,
            "quarter": 2,
            "eps": null,
            "eps_growth_year": null,
            "eps_4q": null,
            "eps_4q_growth_year": null,
            "roe": null,
            "gross_profit": null,
            "gross_margin": null,
            "net_income": null,
            "revenue": null,
            "common_shares": 578350,
            "equity": 1057714,
            "current_ratio": 183.91,
            "debt_ratio": 55.94,
            "inventory_turnover_ratio": null,
            "account_receivable_turnover_ratio": null,
            "reinvestment_rate": null,
            "research_to_sale_ratio": null,
            "price_fair": 0,
            "eps_avg_yearly": 0,
            "eps_latest_yearly": 0,
            "eps_growth_yearly": 0
        },
        "20123": {
            "year_quarter": 20123,
            "year": 2012,
            "quarter": 3,
            "eps": null,
            "eps_growth_year": null,
            "eps_4q": null,
            "eps_4q_growth_year": null,
            "roe": null,
            "gross_profit": null,
            "gross_margin": null,
            "net_income": null,
            "revenue": null,
            "common_shares": null,
            "equity": null,
            "current_ratio": null,
            "debt_ratio": null,
            "inventory_turnover_ratio": null,
            "account_receivable_turnover_ratio": null,
            "reinvestment_rate": null,
            "research_to_sale_ratio": null,
            "price_fair": 0,
            "eps_avg_yearly": 0,
            "eps_latest_yearly": 0,
            "eps_growth_yearly": 0
        },
        "20124": {
            "year_quarter": 20124,
            "year": 2012,
            "quarter": 4,
            "eps": null,
            "eps_growth_year": null,
            "eps_4q": null,
            "eps_4q_growth_year": null,
            "roe": null,
            "gross_profit": null,
            "gross_margin": null,
            "net_income": null,
            "revenue": null,
            "common_shares": 578350,
            "equity": 1077098,
            "current_ratio": 234.69,
            "debt_ratio": 49.06,
            "inventory_turnover_ratio": null,
            "account_receivable_turnover_ratio": null,
            "reinvestment_rate": null,
            "research_to_sale_ratio": null,
            "price_fair": 0,
            "eps_avg_yearly": 0,
            "eps_latest_yearly": 0,
            "eps_growth_yearly": 0
        },
        "20131": {
            "year_quarter": 20131,
            "year": 2013,
            "quarter": 1,
            "eps": null,
            "eps_growth_year": null,
            "eps_4q": null,
            "eps_4q_growth_year": null,
            "roe": null,
            "gross_profit": null,
            "gross_margin": null,
            "net_income": null,
            "revenue": null,
            "common_shares": null,
            "equity": null,
            "current_ratio": null,
            "debt_ratio": null,
            "inventory_turnover_ratio": null,
            "account_receivable_turnover_ratio": null,
            "reinvestment_rate": null,
            "research_to_sale_ratio": null,
            "price_fair": 0,
            "eps_avg_yearly": 0,
            "eps_latest_yearly": 0,
            "eps_growth_yearly": 0
        },
        "20132": {
            "year_quarter": 20132,
            "year": 2013,
            "quarter": 2,
            "eps": null,
            "eps_growth_year": null,
            "eps_4q": null,
            "eps_4q_growth_year": null,
            "roe": null,
            "gross_profit": null,
            "gross_margin": null,
            "net_income": null,
            "revenue": null,
            "common_shares": 578350,
            "equity": 1084674,
            "current_ratio": 199.68,
            "debt_ratio": 57.51,
            "inventory_turnover_ratio": null,
            "account_receivable_turnover_ratio": null,
            "reinvestment_rate": null,
            "research_to_sale_ratio": null,
            "price_fair": 0,
            "eps_avg_yearly": 0,
            "eps_latest_yearly": 0,
            "eps_growth_yearly": 0
        },
        "20133": {
            "year_quarter": 20133,
            "year": 2013,
            "quarter": 3,
            "eps": null,
            "eps_growth_year": null,
            "eps_4q": null,
            "eps_4q_growth_year": null,
            "roe": null,
            "gross_profit": null,
            "gross_margin": null,
            "net_income": null,
            "revenue": null,
            "common_shares": null,
            "equity": null,
            "current_ratio": null,
            "debt_ratio": null,
            "inventory_turnover_ratio": null,
            "account_receivable_turnover_ratio": null,
            "reinvestment_rate": null,
            "research_to_sale_ratio": null,
            "price_fair": 0,
            "eps_avg_yearly": 0,
            "eps_latest_yearly": 0,
            "eps_growth_yearly": 0
        },
        "20134": {
            "year_quarter": 20134,
            "year": 2013,
            "quarter": 4,
            "eps": null,
            "eps_growth_year": null,
            "eps_4q": null,
            "eps_4q_growth_year": null,
            "roe": null,
            "gross_profit": null,
            "gross_margin": null,
            "net_income": null,
            "revenue": null,
            "common_shares": 578350,
            "equity": 1074383,
            "current_ratio": 264.47,
            "debt_ratio": 46.4,
            "inventory_turnover_ratio": null,
            "account_receivable_turnover_ratio": null,
            "reinvestment_rate": null,
            "research_to_sale_ratio": null,
            "price_fair": 0,
            "eps_avg_yearly": 0,
            "eps_latest_yearly": 0,
            "eps_growth_yearly": 0
        },
        "20141": {
            "year_quarter": 20141,
            "year": 2014,
            "quarter": 1,
            "eps": null,
            "eps_growth_year": null,
            "eps_4q": null,
            "eps_4q_growth_year": null,
            "roe": null,
            "gross_profit": null,
            "gross_margin": null,
            "net_income": null,
            "revenue": null,
            "common_shares": null,
            "equity": null,
            "current_ratio": null,
            "debt_ratio": null,
            "inventory_turnover_ratio": null,
            "account_receivable_turnover_ratio": null,
            "reinvestment_rate": null,
            "research_to_sale_ratio": null,
            "price_fair": 0,
            "eps_avg_yearly": 0,
            "eps_latest_yearly": 0,
            "eps_growth_yearly": 0
        },
        "20142": {
            "year_quarter": 20142,
            "year": 2014,
            "quarter": 2,
            "eps": null,
            "eps_growth_year": null,
            "eps_4q": null,
            "eps_4q_growth_year": null,
            "roe": null,
            "gross_profit": null,
            "gross_margin": null,
            "net_income": null,
            "revenue": null,
            "common_shares": 578350,
            "equity": 1142125,
            "current_ratio": 206.56,
            "debt_ratio": 48.96,
            "inventory_turnover_ratio": null,
            "account_receivable_turnover_ratio": null,
            "reinvestment_rate": null,
            "research_to_sale_ratio": null,
            "price_fair": 0,
            "eps_avg_yearly": 0,
            "eps_latest_yearly": 0,
            "eps_growth_yearly": 0
        },
        "20143": {
            "year_quarter": 20143,
            "year": 2014,
            "quarter": 3,
            "eps": null,
            "eps_growth_year": null,
            "eps_4q": null,
            "eps_4q_growth_year": null,
            "roe": null,
            "gross_profit": null,
            "gross_margin": null,
            "net_income": null,
            "revenue": null,
            "common_shares": null,
            "equity": null,
            "current_ratio": null,
            "debt_ratio": null,
            "inventory_turnover_ratio": null,
            "account_receivable_turnover_ratio": null,
            "reinvestment_rate": null,
            "research_to_sale_ratio": null,
            "price_fair": 0,
            "eps_avg_yearly": 0,
            "eps_latest_yearly": 0,
            "eps_growth_yearly": 0
        },
        "20144": {
            "year_quarter": 20144,
            "year": 2014,
            "quarter": 4,
            "eps": null,
            "eps_growth_year": null,
            "eps_4q": null,
            "eps_4q_growth_year": null,
            "roe": null,
            "gross_profit": null,
            "gross_margin": null,
            "net_income": null,
            "revenue": null,
            "common_shares": 578350,
            "equity": 1281033,
            "current_ratio": 224.35,
            "debt_ratio": 43.79,
            "inventory_turnover_ratio": null,
            "account_receivable_turnover_ratio": null,
            "reinvestment_rate": null,
            "research_to_sale_ratio": null,
            "price_fair": 0,
            "eps_avg_yearly": 0,
            "eps_latest_yearly": 0,
            "eps_growth_yearly": 0
        },
        "20151": {
            "year_quarter": 20151,
            "year": 2015,
            "quarter": 1,
            "eps": null,
            "eps_growth_year": null,
            "eps_4q": null,
            "eps_4q_growth_year": null,
            "roe": null,
            "gross_profit": null,
            "gross_margin": null,
            "net_income": null,
            "revenue": null,
            "common_shares": null,
            "equity": null,
            "current_ratio": null,
            "debt_ratio": null,
            "inventory_turnover_ratio": null,
            "account_receivable_turnover_ratio": null,
            "reinvestment_rate": null,
            "research_to_sale_ratio": null,
            "price_fair": 0,
            "eps_avg_yearly": 0,
            "eps_latest_yearly": 0,
            "eps_growth_yearly": 0
        },
        "20152": {
            "year_quarter": 20152,
            "year": 2015,
            "quarter": 2,
            "eps": null,
            "eps_growth_year": null,
            "eps_4q": null,
            "eps_4q_growth_year": null,
            "roe": null,
            "gross_profit": null,
            "gross_margin": null,
            "net_income": null,
            "revenue": null,
            "common_shares": 578350,
            "equity": 1415426,
            "current_ratio": 168.02,
            "debt_ratio": 51.45,
            "inventory_turnover_ratio": null,
            "account_receivable_turnover_ratio": null,
            "reinvestment_rate": null,
            "research_to_sale_ratio": null,
            "price_fair": 0,
            "eps_avg_yearly": 0,
            "eps_latest_yearly": 0,
            "eps_growth_yearly": 0
        },
        "20153": {
            "year_quarter": 20153,
            "year": 2015,
            "quarter": 3,
            "eps": null,
            "eps_growth_year": null,
            "eps_4q": null,
            "eps_4q_growth_year": null,
            "roe": null,
            "gross_profit": null,
            "gross_margin": null,
            "net_income": null,
            "revenue": null,
            "common_shares": null,
            "equity": null,
            "current_ratio": null,
            "debt_ratio": null,
            "inventory_turnover_ratio": null,
            "account_receivable_turnover_ratio": null,
            "reinvestment_rate": null,
            "research_to_sale_ratio": null,
            "price_fair": 0,
            "eps_avg_yearly": 0,
            "eps_latest_yearly": 0,
            "eps_growth_yearly": 0
        },
        "20154": {
            "year_quarter": 20154,
            "year": 2015,
            "quarter": 4,
            "eps": null,
            "eps_growth_year": null,
            "eps_4q": null,
            "eps_4q_growth_year": null,
            "roe": null,
            "gross_profit": null,
            "gross_margin": null,
            "net_income": null,
            "revenue": null,
            "common_shares": 578350,
            "equity": 1581922,
            "current_ratio": 227.44,
            "debt_ratio": 37.55,
            "inventory_turnover_ratio": null,
            "account_receivable_turnover_ratio": null,
            "reinvestment_rate": null,
            "research_to_sale_ratio": null,
            "price_fair": 0,
            "eps_avg_yearly": 0,
            "eps_latest_yearly": 0,
            "eps_growth_yearly": 0
        },
        "20161": {
            "year_quarter": 20161,
            "year": 2016,
            "quarter": 1,
            "eps": null,
            "eps_growth_year": null,
            "eps_4q": null,
            "eps_4q_growth_year": null,
            "roe": null,
            "gross_profit": null,
            "gross_margin": null,
            "net_income": null,
            "revenue": null,
            "common_shares": null,
            "equity": null,
            "current_ratio": null,
            "debt_ratio": null,
            "inventory_turnover_ratio": null,
            "account_receivable_turnover_ratio": null,
            "reinvestment_rate": null,
            "research_to_sale_ratio": null,
            "price_fair": 0,
            "eps_avg_yearly": 0,
            "eps_latest_yearly": 0,
            "eps_growth_yearly": 0
        },
        "20162": {
            "year_quarter": 20162,
            "year": 2016,
            "quarter": 2,
            "eps": null,
            "eps_growth_year": null,
            "eps_4q": null,
            "eps_4q_growth_year": null,
            "roe": null,
            "gross_profit": null,
            "gross_margin": null,
            "net_income": null,
            "revenue": null,
            "common_shares": 578350,
            "equity": 1840812,
            "current_ratio": 182.52,
            "debt_ratio": 43.61,
            "inventory_turnover_ratio": null,
            "account_receivable_turnover_ratio": null,
            "reinvestment_rate": null,
            "research_to_sale_ratio": null,
            "price_fair": 0,
            "eps_avg_yearly": 0,
            "eps_latest_yearly": 0,
            "eps_growth_yearly": 0
        },
        "20163": {
            "year_quarter": 20163,
            "year": 2016,
            "quarter": 3,
            "eps": null,
            "eps_growth_year": null,
            "eps_4q": null,
            "eps_4q_growth_year": null,
            "roe": null,
            "gross_profit": null,
            "gross_margin": null,
            "net_income": null,
            "revenue": null,
            "common_shares": null,
            "equity": null,
            "current_ratio": null,
            "debt_ratio": null,
            "inventory_turnover_ratio": null,
            "account_receivable_turnover_ratio": null,
            "reinvestment_rate": null,
            "research_to_sale_ratio": null,
            "price_fair": 0,
            "eps_avg_yearly": 0,
            "eps_latest_yearly": 0,
            "eps_growth_yearly": 0
        },
        "20164": {
            "year_quarter": 20164,
            "year": 2016,
            "quarter": 4,
            "eps": null,
            "eps_growth_year": null,
            "eps_4q": null,
            "eps_4q_growth_year": null,
            "roe": null,
            "gross_profit": null,
            "gross_margin": null,
            "net_income": null,
            "revenue": null,
            "common_shares": null,
            "equity": null,
            "current_ratio": null,
            "debt_ratio": null,
            "inventory_turnover_ratio": null,
            "account_receivable_turnover_ratio": null,
            "reinvestment_rate": null,
            "research_to_sale_ratio": null,
            "price_fair": 0,
            "eps_avg_yearly": 0,
            "eps_latest_yearly": 0,
            "eps_growth_yearly": 0
        },
        "20171": {
            "year_quarter": 20171,
            "year": 2017,
            "quarter": 1,
            "eps": null,
            "eps_growth_year": null,
            "eps_4q": null,
            "eps_4q_growth_year": null,
            "roe": null,
            "gross_profit": null,
            "gross_margin": null,
            "net_income": null,
            "revenue": null,
            "common_shares": null,
            "equity": null,
            "current_ratio": null,
            "debt_ratio": null,
            "inventory_turnover_ratio": null,
            "account_receivable_turnover_ratio": null,
            "reinvestment_rate": null,
            "research_to_sale_ratio": null,
            "price_fair": 0,
            "eps_avg_yearly": 0,
            "eps_latest_yearly": 0,
            "eps_growth_yearly": 0
        },
        "20172": {
            "year_quarter": 20172,
            "year": 2017,
            "quarter": 2,
            "eps": null,
            "eps_growth_year": null,
            "eps_4q": null,
            "eps_4q_growth_year": null,
            "roe": null,
            "gross_profit": null,
            "gross_margin": null,
            "net_income": null,
            "revenue": null,
            "common_shares": 607267,
            "equity": 2369340,
            "current_ratio": 196.79,
            "debt_ratio": 45.72,
            "inventory_turnover_ratio": null,
            "account_receivable_turnover_ratio": null,
            "reinvestment_rate": null,
            "research_to_sale_ratio": null,
            "price_fair": 0,
            "eps_avg_yearly": 0,
            "eps_latest_yearly": 0,
            "eps_growth_yearly": 0
        },
        "20173": {
            "year_quarter": 20173,
            "year": 2017,
            "quarter": 3,
            "eps": null,
            "eps_growth_year": null,
            "eps_4q": null,
            "eps_4q_growth_year": null,
            "roe": null,
            "gross_profit": null,
            "gross_margin": null,
            "net_income": null,
            "revenue": null,
            "common_shares": null,
            "equity": null,
            "current_ratio": null,
            "debt_ratio": null,
            "inventory_turnover_ratio": null,
            "account_receivable_turnover_ratio": null,
            "reinvestment_rate": null,
            "research_to_sale_ratio": null,
            "price_fair": 0,
            "eps_avg_yearly": 0,
            "eps_latest_yearly": 0,
            "eps_growth_yearly": 0
        },
        "20174": {
            "year_quarter": 20174,
            "year": 2017,
            "quarter": 4,
            "eps": null,
            "eps_growth_year": null,
            "eps_4q": null,
            "eps_4q_growth_year": null,
            "roe": null,
            "gross_profit": null,
            "gross_margin": null,
            "net_income": null,
            "revenue": null,
            "common_shares": 667994,
            "equity": 2744527,
            "current_ratio": 272.52,
            "debt_ratio": 29.77,
            "inventory_turnover_ratio": null,
            "account_receivable_turnover_ratio": null,
            "reinvestment_rate": null,
            "research_to_sale_ratio": null,
            "price_fair": 0,
            "eps_avg_yearly": 0,
            "eps_latest_yearly": 0,
            "eps_growth_yearly": 0
        },
        "20181": {
            "year_quarter": 20181,
            "year": 2018,
            "quarter": 1,
            "eps": null,
            "eps_growth_year": null,
            "eps_4q": null,
            "eps_4q_growth_year": null,
            "roe": null,
            "gross_profit": null,
            "gross_margin": null,
            "net_income": null,
            "revenue": null,
            "common_shares": null,
            "equity": null,
            "current_ratio": null,
            "debt_ratio": null,
            "inventory_turnover_ratio": null,
            "account_receivable_turnover_ratio": null,
            "reinvestment_rate": null,
            "research_to_sale_ratio": null,
            "price_fair": 0,
            "eps_avg_yearly": 0,
            "eps_latest_yearly": 0,
            "eps_growth_yearly": 0
        },
        "20182": {
            "year_quarter": 20182,
            "year": 2018,
            "quarter": 2,
            "eps": null,
            "eps_growth_year": null,
            "eps_4q": null,
            "eps_4q_growth_year": null,
            "roe": null,
            "gross_profit": null,
            "gross_margin": null,
            "net_income": null,
            "revenue": null,
            "common_shares": 667994,
            "equity": 2760797,
            "current_ratio": 151.39,
            "debt_ratio": 49.88,
            "inventory_turnover_ratio": null,
            "account_receivable_turnover_ratio": null,
            "reinvestment_rate": null,
            "research_to_sale_ratio": null,
            "price_fair": 0,
            "eps_avg_yearly": 0,
            "eps_latest_yearly": 0,
            "eps_growth_yearly": 0
        },
        "20183": {
            "year_quarter": 20183,
            "year": 2018,
            "quarter": 3,
            "eps": 3.1,
            "eps_growth_year": null,
            "eps_4q": null,
            "eps_4q_growth_year": null,
            "roe": 7.24,
            "gross_profit": 520354,
            "gross_margin": 36.77,
            "net_income": 207407,
            "revenue": 1415088,
            "common_shares": 667994,
            "equity": 2968204,
            "current_ratio": 187,
            "debt_ratio": 38.41,
            "inventory_turnover_ratio": 0.66,
            "account_receivable_turnover_ratio": 1,
            "reinvestment_rate": null,
            "research_to_sale_ratio": 0.61,
            "price_fair": 0,
            "eps_avg_yearly": 0,
            "eps_latest_yearly": 0,
            "eps_growth_yearly": 0
        },
        "20184": {
            "year_quarter": 20184,
            "year": 2018,
            "quarter": 4,
            "eps": 1.78,
            "eps_growth_year": null,
            "eps_4q": null,
            "eps_4q_growth_year": null,
            "roe": 3.92,
            "gross_profit": 355873,
            "gross_margin": 34.16,
            "net_income": 118696,
            "revenue": 1041762,
            "common_shares": 667994,
            "equity": 3086859,
            "current_ratio": 198.98,
            "debt_ratio": 36.52,
            "inventory_turnover_ratio": 0.46,
            "account_receivable_turnover_ratio": 1.08,
            "reinvestment_rate": null,
            "research_to_sale_ratio": 0.72,
            "price_fair": 21.36,
            "eps_avg_yearly": 7.12,
            "eps_latest_yearly": 7.12,
            "eps_growth_yearly": -170.32
        },
        "20191": {
            "year_quarter": 20191,
            "year": 2019,
            "quarter": 1,
            "eps": 2.05,
            "eps_growth_year": null,
            "eps_4q": null,
            "eps_4q_growth_year": null,
            "roe": 4.34,
            "gross_profit": 399569,
            "gross_margin": 34.04,
            "net_income": 136875,
            "revenue": 1173759,
            "common_shares": 667994,
            "equity": 3223734,
            "current_ratio": 200.78,
            "debt_ratio": 36.93,
            "inventory_turnover_ratio": 0.5,
            "account_receivable_turnover_ratio": 1.22,
            "reinvestment_rate": null,
            "research_to_sale_ratio": 0.67,
            "price_fair": 22.98,
            "eps_avg_yearly": 7.66,
            "eps_latest_yearly": 8.2,
            "eps_growth_yearly": -54.82
        },
        "20192": {
            "year_quarter": 20192,
            "year": 2019,
            "quarter": 2,
            "eps": 3.87,
            "eps_growth_year": null,
            "eps_4q": 9.65,
            "eps_4q_growth_year": null,
            "roe": 7.78,
            "gross_profit": 631912,
            "gross_margin": 37.51,
            "net_income": 270211,
            "revenue": 1684739,
            "common_shares": 760004,
            "equity": 3719289,
            "current_ratio": 175.4,
            "debt_ratio": 42.35,
            "inventory_turnover_ratio": 0.64,
            "account_receivable_turnover_ratio": 1.25,
            "reinvestment_rate": null,
            "research_to_sale_ratio": 0.49,
            "price_fair": 359.33,
            "eps_avg_yearly": 10.27,
            "eps_latest_yearly": 15.48,
            "eps_growth_yearly": 81.82
        },
        "20193": {
            "year_quarter": 20193,
            "year": 2019,
            "quarter": 3,
            "eps": 3.34,
            "eps_growth_year": 7.74,
            "eps_4q": 10.25,
            "eps_4q_growth_year": null,
            "roe": 6.59,
            "gross_profit": 639630,
            "gross_margin": 37.67,
            "net_income": 253472,
            "revenue": 1698172,
            "common_shares": 760004,
            "equity": 3972681,
            "current_ratio": 245.58,
            "debt_ratio": 29.18,
            "inventory_turnover_ratio": 0.64,
            "account_receivable_turnover_ratio": 1.21,
            "reinvestment_rate": null,
            "research_to_sale_ratio": 0.52,
            "price_fair": 386.4,
            "eps_avg_yearly": 11.04,
            "eps_latest_yearly": 13.36,
            "eps_growth_yearly": 47.67
        },
        "20194": {
            "year_quarter": 20194,
            "year": 2019,
            "quarter": 4,
            "eps": 1.5,
            "eps_growth_year": -15.75,
            "eps_4q": 10.19,
            "eps_4q_growth_year": null,
            "roe": 2.93,
            "gross_profit": 421702,
            "gross_margin": 34.29,
            "net_income": 113776,
            "revenue": 1229769,
            "common_shares": 760004,
            "equity": 3783847,
            "current_ratio": 224.11,
            "debt_ratio": 31.46,
            "inventory_turnover_ratio": 0.52,
            "account_receivable_turnover_ratio": 1.13,
            "reinvestment_rate": null,
            "research_to_sale_ratio": 1.11,
            "price_fair": 30.1,
            "eps_avg_yearly": 10.03,
            "eps_latest_yearly": 6,
            "eps_growth_yearly": -5.93
        },
        "20201": {
            "year_quarter": 20201,
            "year": 2020,
            "quarter": 1,
            "eps": 2.15,
            "eps_growth_year": 4.88,
            "eps_4q": 10.64,
            "eps_4q_growth_year": null,
            "roe": 4.44,
            "gross_profit": 442394,
            "gross_margin": 36.99,
            "net_income": 163490,
            "revenue": 1196022,
            "common_shares": 760004,
            "equity": 3577487,
            "current_ratio": 211.29,
            "debt_ratio": 32.65,
            "inventory_turnover_ratio": 0.52,
            "account_receivable_turnover_ratio": 1.17,
            "reinvestment_rate": null,
            "research_to_sale_ratio": 0.94,
            "price_fair": 332.43,
            "eps_avg_yearly": 9.79,
            "eps_latest_yearly": 8.6,
            "eps_growth_yearly": 23.94
        },
        "20202": {
            "year_quarter": 20202,
            "year": 2020,
            "quarter": 2,
            "eps": 3.77,
            "eps_growth_year": -2.58,
            "eps_4q": 11.07,
            "eps_4q_growth_year": 14.7,
            "roe": 7.68,
            "gross_profit": 658677,
            "gross_margin": 39.02,
            "net_income": 277035,
            "revenue": 1687946,
            "common_shares": 760004,
            "equity": 3640277,
            "current_ratio": 185.33,
            "debt_ratio": 38.24,
            "inventory_turnover_ratio": 0.72,
            "account_receivable_turnover_ratio": 1.29,
            "reinvestment_rate": null,
            "research_to_sale_ratio": 0.76,
            "price_fair": 369.2,
            "eps_avg_yearly": 10.55,
            "eps_latest_yearly": 15.08,
            "eps_growth_yearly": 63.58
        },
        "20203": {
            "year_quarter": 20203,
            "year": 2020,
            "quarter": 3,
            "eps": 4.91,
            "eps_growth_year": 47.01,
            "eps_4q": 12.5,
            "eps_4q_growth_year": 21.92,
            "roe": 9.38,
            "gross_profit": 784595,
            "gross_margin": 40.42,
            "net_income": 358292,
            "revenue": 1941184,
            "common_shares": 730004,
            "equity": 3998569,
            "current_ratio": 244.19,
            "debt_ratio": 28.57,
            "inventory_turnover_ratio": 0.85,
            "account_receivable_turnover_ratio": 1.49,
            "reinvestment_rate": null,
            "research_to_sale_ratio": 0.72,
            "price_fair": 408.98,
            "eps_avg_yearly": 11.69,
            "eps_latest_yearly": 19.64,
            "eps_growth_yearly": 70.75
        },
        "20204": {
            "year_quarter": 20204,
            "year": 2020,
            "quarter": 4,
            "eps": 1.93,
            "eps_growth_year": 29.21,
            "eps_4q": 12.88,
            "eps_4q_growth_year": 26.39,
            "roe": 3.6,
            "gross_profit": 472283,
            "gross_margin": 39.11,
            "net_income": 141206,
            "revenue": 1207595,
            "common_shares": 730004,
            "equity": 3848029,
            "current_ratio": 227.87,
            "debt_ratio": 30.85,
            "inventory_turnover_ratio": 0.61,
            "account_receivable_turnover_ratio": 1.25,
            "reinvestment_rate": null,
            "research_to_sale_ratio": 1.1,
            "price_fair": 393.56,
            "eps_avg_yearly": 11.24,
            "eps_latest_yearly": 7.72,
            "eps_growth_yearly": 35.92
        },
        "20211": {
            "year_quarter": 20211,
            "year": 2021,
            "quarter": 1,
            "eps": 2.17,
            "eps_growth_year": 0.93,
            "eps_4q": 12.81,
            "eps_4q_growth_year": 20.38,
            "roe": 4.19,
            "gross_profit": 489104,
            "gross_margin": 37.81,
            "net_income": 158514,
            "revenue": 1293701,
            "common_shares": 730004,
            "equity": 3714541,
            "current_ratio": 187.79,
            "debt_ratio": 38.32,
            "inventory_turnover_ratio": 0.59,
            "account_receivable_turnover_ratio": 1.26,
            "reinvestment_rate": null,
            "research_to_sale_ratio": 0.98,
            "price_fair": 384.58,
            "eps_avg_yearly": 10.99,
            "eps_latest_yearly": 8.68,
            "eps_growth_yearly": 37.3
        },
        "20212": {
            "year_quarter": 20212,
            "year": 2021,
            "quarter": 2,
            "eps": 3.78,
            "eps_growth_year": 0.27,
            "eps_4q": 12.8,
            "eps_4q_growth_year": 15.65,
            "roe": 7.17,
            "gross_profit": 690790,
            "gross_margin": 37.76,
            "net_income": 276148,
            "revenue": 1829641,
            "common_shares": 730004,
            "equity": 3990689,
            "current_ratio": 173.69,
            "debt_ratio": 42.03,
            "inventory_turnover_ratio": 0.65,
            "account_receivable_turnover_ratio": 1.37,
            "reinvestment_rate": null,
            "research_to_sale_ratio": 0.72,
            "price_fair": 397.73,
            "eps_avg_yearly": 11.36,
            "eps_latest_yearly": 15.12,
            "eps_growth_yearly": 60.89
        },
        "20213": {
            "year_quarter": 20213,
            "year": 2021,
            "quarter": 3,
            "eps": 3.18,
            "eps_growth_year": -35.23,
            "eps_4q": 11.07,
            "eps_4q_growth_year": -11.49,
            "roe": 5.65,
            "gross_profit": 668155,
            "gross_margin": 39.08,
            "net_income": 231900,
            "revenue": 1709849,
            "common_shares": 730004,
            "equity": 4222589,
            "current_ratio": 218.54,
            "debt_ratio": 32.65,
            "inventory_turnover_ratio": 0.53,
            "account_receivable_turnover_ratio": 1.35,
            "reinvestment_rate": null,
            "research_to_sale_ratio": 0.83,
            "price_fair": 401.68,
            "eps_avg_yearly": 11.48,
            "eps_latest_yearly": 12.72,
            "eps_growth_yearly": 50.52
        },
        "20214": {
            "year_quarter": 20214,
            "year": 2021,
            "quarter": 4,
            "eps": 1.56,
            "eps_growth_year": -19.57,
            "eps_4q": 10.69,
            "eps_4q_growth_year": -17.01,
            "roe": 2.75,
            "gross_profit": 458062,
            "gross_margin": 29.94,
            "net_income": 113578,
            "revenue": 1529897,
            "common_shares": 730004,
            "equity": 4044300,
            "current_ratio": 217.11,
            "debt_ratio": 32.88,
            "inventory_turnover_ratio": 0.55,
            "account_receivable_turnover_ratio": 1.36,
            "reinvestment_rate": null,
            "research_to_sale_ratio": 0.89,
            "price_fair": 387.58,
            "eps_avg_yearly": 11.07,
            "eps_latest_yearly": 6.24,
            "eps_growth_yearly": 30.96
        },
        "20221": {
            "year_quarter": 20221,
            "year": 2022,
            "quarter": 1,
            "eps": 1.99,
            "eps_growth_year": -8.29,
            "eps_4q": 10.5,
            "eps_4q_growth_year": -18.01,
            "roe": 3.65,
            "gross_profit": 512788,
            "gross_margin": 29.33,
            "net_income": 144977,
            "revenue": 1748429,
            "common_shares": 730004,
            "equity": 3897276,
            "current_ratio": 187.58,
            "debt_ratio": 38.93,
            "inventory_turnover_ratio": 0.63,
            "account_receivable_turnover_ratio": 1.43,
            "reinvestment_rate": null,
            "research_to_sale_ratio": 0.75,
            "price_fair": 379.8,
            "eps_avg_yearly": 10.85,
            "eps_latest_yearly": 7.96,
            "eps_growth_yearly": 36.63
        },
        "20222": {
            "year_quarter": 20222,
            "year": 2022,
            "quarter": 2,
            "eps": 3.77,
            "eps_growth_year": -0.26,
            "eps_4q": 10.49,
            "eps_4q_growth_year": -18.05,
            "roe": 6.82,
            "gross_profit": 672300,
            "gross_margin": 34.69,
            "net_income": 275063,
            "revenue": 1938120,
            "common_shares": 730004,
            "equity": 4172339,
            "current_ratio": 198.3,
            "debt_ratio": 37.48,
            "inventory_turnover_ratio": 0.63,
            "account_receivable_turnover_ratio": 1.43,
            "reinvestment_rate": 15.25,
            "research_to_sale_ratio": 0.64,
            "price_fair": 389.67,
            "eps_avg_yearly": 11.13,
            "eps_latest_yearly": 15.08,
            "eps_growth_yearly": 58.04
        },
        "20223": {
            "year_quarter": 20223,
            "year": 2022,
            "quarter": 3,
            "eps": 2.95,
            "eps_growth_year": -7.23,
            "eps_4q": 10.26,
            "eps_4q_growth_year": -7.28,
            "roe": 5.03,
            "gross_profit": 567153,
            "gross_margin": 32.06,
            "net_income": 215323,
            "revenue": 1769055,
            "common_shares": 730004,
            "equity": 4387662,
            "current_ratio": 255,
            "debt_ratio": 28.44,
            "inventory_turnover_ratio": 0.63,
            "account_receivable_turnover_ratio": 1.52,
            "reinvestment_rate": 6.52,
            "research_to_sale_ratio": 0.72,
            "price_fair": 391.13,
            "eps_avg_yearly": 11.18,
            "eps_latest_yearly": 11.8,
            "eps_growth_yearly": 48.97
        },
        "20224": {
            "year_quarter": 20224,
            "year": 2022,
            "quarter": 4,
            "eps": 1.51,
            "eps_growth_year": -3.26,
            "eps_4q": 10.21,
            "eps_4q_growth_year": -4.47,
            "roe": 2.56,
            "gross_profit": 419649,
            "gross_margin": 30.3,
            "net_income": 109874,
            "revenue": 1384766,
            "common_shares": 730004,
            "equity": 4206064,
            "current_ratio": 245.7,
            "debt_ratio": 29.16,
            "inventory_turnover_ratio": 0.58,
            "account_receivable_turnover_ratio": 1.42,
            "reinvestment_rate": 5.07,
            "research_to_sale_ratio": 1.05,
            "price_fair": 388.76,
            "eps_avg_yearly": 11.11,
            "eps_latest_yearly": 6.04,
            "eps_growth_yearly": 47.41
        },
        "20231": {
            "year_quarter": 20231,
            "year": 2023,
            "quarter": 1,
            "eps": 0.94,
            "eps_growth_year": -52.76,
            "eps_4q": 9.16,
            "eps_4q_growth_year": -12.76,
            "roe": 1.67,
            "gross_profit": 424991,
            "gross_margin": 34.5,
            "net_income": 68505,
            "revenue": 1231897,
            "common_shares": 730004,
            "equity": 3982568,
            "current_ratio": 200.28,
            "debt_ratio": 36.55,
            "inventory_turnover_ratio": 0.5,
            "account_receivable_turnover_ratio": 1.09,
            "reinvestment_rate": 6.87,
            "research_to_sale_ratio": 1.09,
            "price_fair": 379.05,
            "eps_avg_yearly": 10.83,
            "eps_latest_yearly": 3.76,
            "eps_growth_yearly": 34.18
        }
    },
    "months": {
        "2012-10": {
            "month": "2012-10",
            "price": "41.41",
            "revenue": 175820
        },
        "2012-11": {
            "month": "2012-11",
            "price": "40.75",
            "revenue": 167048
        },
        "2012-12": {
            "month": "2012-12",
            "price": "40.44",
            "revenue": 266502
        },
        "2013-01": {
            "month": "2013-01",
            "price": "39.81",
            "revenue": 430597
        },
        "2013-02": {
            "month": "2013-02",
            "price": "40.48",
            "revenue": 247566
        },
        "2013-03": {
            "month": "2013-03",
            "price": "40.93",
            "revenue": 231036
        },
        "2013-04": {
            "month": "2013-04",
            "price": "41.17",
            "revenue": 277378
        },
        "2013-05": {
            "month": "2013-05",
            "price": "40.45",
            "revenue": 365205
        },
        "2013-06": {
            "month": "2013-06",
            "price": "39.70",
            "revenue": 506169
        },
        "2013-07": {
            "month": "2013-07",
            "price": "39.63",
            "revenue": 436694
        },
        "2013-08": {
            "month": "2013-08",
            "price": "38.90",
            "revenue": 341711
        },
        "2013-10": {
            "month": "2013-10",
            "price": "38.10",
            "revenue": 243879
        },
        "2013-11": {
            "month": "2013-11",
            "price": "37.39",
            "revenue": 242422
        },
        "2013-12": {
            "month": "2013-12",
            "price": "35.78",
            "revenue": 291905
        },
        "2014-03": {
            "month": "2014-03",
            "price": "36.09",
            "revenue": 302840
        },
        "2014-04": {
            "month": "2014-04",
            "price": "35.08",
            "revenue": 304240
        },
        "2014-06": {
            "month": "2014-06",
            "price": "30.31",
            "revenue": 509423
        },
        "2014-07": {
            "month": "2014-07",
            "price": "27.57",
            "revenue": 647825
        },
        "2014-08": {
            "month": "2014-08",
            "price": "34.43",
            "revenue": 366651
        },
        "2014-09": {
            "month": "2014-09",
            "price": "33.09",
            "revenue": 307946
        },
        "2014-10": {
            "month": "2014-10",
            "price": "30.04",
            "revenue": 243933
        },
        "2014-11": {
            "month": "2014-11",
            "price": "30.32",
            "revenue": 202445
        },
        "2014-12": {
            "month": "2014-12",
            "price": "30.15",
            "revenue": 273204
        },
        "2015-01": {
            "month": "2015-01",
            "price": "30.08",
            "revenue": 337342
        },
        "2015-02": {
            "month": "2015-02",
            "price": "30.22",
            "revenue": 261318
        },
        "2015-03": {
            "month": "2015-03",
            "price": "30.93",
            "revenue": 349716
        },
        "2015-04": {
            "month": "2015-04",
            "price": "34.43",
            "revenue": 349736
        },
        "2015-05": {
            "month": "2015-05",
            "price": "31.68",
            "revenue": 428446
        },
        "2015-06": {
            "month": "2015-06",
            "price": "30.77",
            "revenue": 658401
        },
        "2015-07": {
            "month": "2015-07",
            "price": "31.80",
            "revenue": 549519
        },
        "2015-08": {
            "month": "2015-08",
            "price": "32.86",
            "revenue": 348983
        },
        "2015-09": {
            "month": "2015-09",
            "price": "32.47",
            "revenue": 249813
        },
        "2015-10": {
            "month": "2015-10",
            "price": "32.58",
            "revenue": 297712
        },
        "2015-11": {
            "month": "2015-11",
            "price": "33.49",
            "revenue": 321507
        },
        "2015-12": {
            "month": "2015-12",
            "price": "35.36",
            "revenue": 487519
        },
        "2016-01": {
            "month": "2016-01",
            "price": "34.49",
            "revenue": 603720
        },
        "2016-02": {
            "month": "2016-02",
            "price": "35.25",
            "revenue": 514794
        },
        "2016-03": {
            "month": "2016-03",
            "price": "40.07",
            "revenue": 423890
        },
        "2016-04": {
            "month": "2016-04",
            "price": "40.61",
            "revenue": 373044
        },
        "2016-05": {
            "month": "2016-05",
            "price": "41.43",
            "revenue": 546185
        },
        "2016-06": {
            "month": "2016-06",
            "price": "41.26",
            "revenue": 678730
        },
        "2016-07": {
            "month": "2016-07",
            "price": "44.48",
            "revenue": 529465
        },
        "2016-08": {
            "month": "2016-08",
            "price": "51.63",
            "revenue": 444445
        },
        "2016-09": {
            "month": "2016-09",
            "price": "61.19",
            "revenue": 304173
        },
        "2016-10": {
            "month": "2016-10",
            "price": "69.12",
            "revenue": 319685
        },
        "2016-11": {
            "month": "2016-11",
            "price": "65.82",
            "revenue": 352969
        },
        "2016-12": {
            "month": "2016-12",
            "price": "66.55",
            "revenue": 461021
        },
        "2017-01": {
            "month": "2017-01",
            "price": "80.91",
            "revenue": 486049
        },
        "2017-02": {
            "month": "2017-02",
            "price": "82.99",
            "revenue": 262252
        },
        "2017-03": {
            "month": "2017-03",
            "price": "84.95",
            "revenue": 459184
        },
        "2017-04": {
            "month": "2017-04",
            "price": "81.28",
            "revenue": 476060
        },
        "2017-05": {
            "month": "2017-05",
            "price": "82.09",
            "revenue": 600122
        },
        "2017-06": {
            "month": "2017-06",
            "price": "84.08",
            "revenue": 626544
        },
        "2017-07": {
            "month": "2017-07",
            "price": "92.02",
            "revenue": 676459
        },
        "2017-08": {
            "month": "2017-08",
            "price": "101.67",
            "revenue": 534732
        },
        "2017-09": {
            "month": "2017-09",
            "price": "101.26",
            "revenue": 446551
        },
        "2017-10": {
            "month": "2017-10",
            "price": "97.30",
            "revenue": 383725
        },
        "2017-11": {
            "month": "2017-11",
            "price": "95.74",
            "revenue": 323575
        },
        "2017-12": {
            "month": "2017-12",
            "price": "91.97",
            "revenue": 387645
        },
        "2018-01": {
            "month": "2018-01",
            "price": "98.74",
            "revenue": 389450
        },
        "2018-02": {
            "month": "2018-02",
            "price": "101.26",
            "revenue": 323310
        },
        "2018-03": {
            "month": "2018-03",
            "price": "107.41",
            "revenue": 468775
        },
        "2018-04": {
            "month": "2018-04",
            "price": "110.13",
            "revenue": 406399
        },
        "2018-05": {
            "month": "2018-05",
            "price": "105.24",
            "revenue": 669859
        },
        "2018-06": {
            "month": "2018-06",
            "price": "105.43",
            "revenue": 632171
        },
        "2018-07": {
            "month": "2018-07",
            "price": "106.14",
            "revenue": 510609
        },
        "2018-08": {
            "month": "2018-08",
            "price": "110.53",
            "revenue": 525747
        },
        "2018-09": {
            "month": "2018-09",
            "price": "107.09",
            "revenue": 375419
        },
        "2018-10": {
            "month": "2018-10",
            "price": "104.61",
            "revenue": 262227
        },
        "2018-11": {
            "month": "2018-11",
            "price": "102.80",
            "revenue": 416938
        },
        "2018-12": {
            "month": "2018-12",
            "price": "101.92",
            "revenue": 345672
        },
        "2019-01": {
            "month": "2019-01",
            "price": "104.93",
            "revenue": 424019
        },
        "2019-02": {
            "month": "2019-02",
            "price": "114.96",
            "revenue": 291935
        },
        "2019-03": {
            "month": "2019-03",
            "price": "122.15",
            "revenue": 446240
        },
        "2019-04": {
            "month": "2019-04",
            "price": "127.86",
            "revenue": 450212
        },
        "2019-05": {
            "month": "2019-05",
            "price": "114.50",
            "revenue": 548503
        },
        "2019-06": {
            "month": "2019-06",
            "price": "96.51",
            "revenue": 689341
        },
        "2019-07": {
            "month": "2019-07",
            "price": "101.71",
            "revenue": 668454
        },
        "2019-08": {
            "month": "2019-08",
            "price": "92.86",
            "revenue": 585802
        },
        "2019-09": {
            "month": "2019-09",
            "price": "92.04",
            "revenue": 452164
        },
        "2019-10": {
            "month": "2019-10",
            "price": "91.70",
            "revenue": 410423
        },
        "2019-11": {
            "month": "2019-11",
            "price": "96.71",
            "revenue": 386466
        },
        "2019-12": {
            "month": "2019-12",
            "price": "99.99",
            "revenue": 432881
        },
        "2020-01": {
            "month": "2020-01",
            "price": "106.83",
            "revenue": 345388
        },
        "2020-02": {
            "month": "2020-02",
            "price": "103.63",
            "revenue": 338951
        },
        "2020-03": {
            "month": "2020-03",
            "price": "92.34",
            "revenue": 511683
        },
        "2020-04": {
            "month": "2020-04",
            "price": "93.70",
            "revenue": 431864
        },
        "2020-05": {
            "month": "2020-05",
            "price": "98.34",
            "revenue": 550634
        },
        "2020-06": {
            "month": "2020-06",
            "price": "101.42",
            "revenue": 705448
        },
        "2020-07": {
            "month": "2020-07",
            "price": "103.74",
            "revenue": 828370
        },
        "2020-08": {
            "month": "2020-08",
            "price": "107.14",
            "revenue": 651556
        },
        "2020-09": {
            "month": "2020-09",
            "price": "103.89",
            "revenue": 461258
        },
        "2020-10": {
            "month": "2020-10",
            "price": "102.21",
            "revenue": 385142
        },
        "2020-11": {
            "month": "2020-11",
            "price": "105.64",
            "revenue": 388402
        },
        "2020-12": {
            "month": "2020-12",
            "price": "111.61",
            "revenue": 434051
        },
        "2021-01": {
            "month": "2021-01",
            "price": "133.08",
            "revenue": 470400
        },
        "2021-02": {
            "month": "2021-02",
            "price": "136.50",
            "revenue": 303186
        },
        "2021-03": {
            "month": "2021-03",
            "price": "138.32",
            "revenue": 520115
        },
        "2021-04": {
            "month": "2021-04",
            "price": "127.97",
            "revenue": 541955
        },
        "2021-05": {
            "month": "2021-05",
            "price": "118.57",
            "revenue": 705248
        },
        "2021-06": {
            "month": "2021-06",
            "price": "121.50",
            "revenue": 582438
        },
        "2021-07": {
            "month": "2021-07",
            "price": "117.77",
            "revenue": 677277
        },
        "2021-08": {
            "month": "2021-08",
            "price": "116.16",
            "revenue": 611845
        },
        "2021-09": {
            "month": "2021-09",
            "price": "113.80",
            "revenue": 420727
        },
        "2021-10": {
            "month": "2021-10",
            "price": "111.60",
            "revenue": 512286
        },
        "2021-11": {
            "month": "2021-11",
            "price": "117.48",
            "revenue": 450182
        },
        "2021-12": {
            "month": "2021-12",
            "price": "117.36",
            "revenue": 567429
        },
        "2022-01": {
            "month": "2022-01",
            "price": "119.97",
            "revenue": 589350
        },
        "2022-02": {
            "month": "2022-02",
            "price": "123.43",
            "revenue": 366477
        },
        "2022-03": {
            "month": "2022-03",
            "price": "119.30",
            "revenue": 792602
        },
        "2022-04": {
            "month": "2022-04",
            "price": "115.89",
            "revenue": 694552
        },
        "2022-05": {
            "month": "2022-05",
            "price": "113.98",
            "revenue": 566885
        },
        "2022-06": {
            "month": "2022-06",
            "price": "106.87",
            "revenue": 676683
        },
        "2022-07": {
            "month": "2022-07",
            "price": "100.79",
            "revenue": 751888
        },
        "2022-08": {
            "month": "2022-08",
            "price": "107.89",
            "revenue": 639286
        },
        "2022-09": {
            "month": "2022-09",
            "price": "105.83",
            "revenue": 377881
        },
        "2022-10": {
            "month": "2022-10",
            "price": "102.38",
            "revenue": 412803
        },
        "2022-11": {
            "month": "2022-11",
            "price": "102.23",
            "revenue": 379119
        },
        "2022-12": {
            "month": "2022-12",
            "price": "104.32",
            "revenue": 592844
        },
        "2023-01": {
            "month": "2023-01",
            "price": "107.54",
            "revenue": 295223
        },
        "2023-02": {
            "month": "2023-02",
            "price": "112.42",
            "revenue": 307504
        },
        "2023-03": {
            "month": "2023-03",
            "price": "110.67",
            "revenue": 629170
        },
        "2023-04": {
            "month": "2023-04",
            "price": "109.21",
            "revenue": 630287
        }
    }
}
