{
    "summary": {
        "stock_name": "jpp-KY",
        "stock_id": "5284",
        "category": "其他",
        "main_business": "金屬精密機構件",
        "website_url": "http://www.jppholding.com",
        "ceo": "藺以權",
        "pe_ratio": 18,
        "report_year_from": 2012,
        "report_year_to": 2023,
        "age": 12,
        "eps_negative_percentage": 0,
        "eps_growth_avg": {
            "last_all": 16.51,
            "last_2y": 48.73,
            "last_4y": 24.53,
            "last_8y": 16.51,
            "last_12y": null,
            "last_16y": null,
            "last_20y": null,
            "at_2006_last_3y": null,
            "at_2007_last_3y": null,
            "at_2008_last_3y": null,
            "at_2009_last_3y": null,
            "at_2010_last_3y": null,
            "at_2011_last_3y": null,
            "at_2012_last_3y": null,
            "at_2013_last_3y": null,
            "at_2014_last_3y": null,
            "at_2015_last_3y": null,
            "at_2016_last_3y": null,
            "at_2017_last_3y": null,
            "at_2018_last_3y": 6.48,
            "at_2019_last_3y": -14.71,
            "at_2020_last_3y": -6.79,
            "at_2021_last_3y": -9.81,
            "at_2022_last_3y": 17.45,
            "at_2023_last_3y": 40.23,
            "at_2024_last_3y": 40.23,
            "at_2006_last_all": null,
            "at_2007_last_all": null,
            "at_2008_last_all": null,
            "at_2009_last_all": null,
            "at_2010_last_all": null,
            "at_2011_last_all": null,
            "at_2012_last_all": null,
            "at_2013_last_all": null,
            "at_2014_last_all": null,
            "at_2015_last_all": null,
            "at_2016_last_all": 14.78,
            "at_2017_last_all": 18.41,
            "at_2018_last_all": 6.48,
            "at_2019_last_all": -2.46,
            "at_2020_last_all": 0.4,
            "at_2021_last_all": 2.28,
            "at_2022_last_all": 11.97,
            "at_2023_last_all": 16.51,
            "at_2024_last_all": 16.51
        },
        "latest_eps": 9.65,
        "latest_price": 178,
        "latest_roe": 22.26,
        "latest_gross_margin": 41.95,
        "latest_equity": 2308536,
        "latest_revenue": 644619,
        "latest_gross_profit": 270441,
        "latest_net_income": 141275,
        "latest_debt_ratio": 44.92,
        "latest_current_ratio": 141.93,
        "latest_account_receivable_turnover_ratio": 0.63,
        "latest_inventory_turnover_ratio": 0.78,
        "latest_reinvestment_rate": 22.82,
        "latest_research_to_sale_ratio": 0.98
    },
    "eps_dividends": {
        "2001": {
            "cash": 0,
            "stock": 0,
            "eps": 0
        },
        "2002": {
            "cash": 0,
            "stock": 0,
            "eps": 0
        },
        "2003": {
            "cash": 0,
            "stock": 0,
            "eps": 0
        },
        "2004": {
            "cash": 0,
            "stock": 0,
            "eps": 0
        },
        "2005": {
            "cash": 0,
            "stock": 0,
            "eps": 0
        },
        "2006": {
            "cash": 0,
            "stock": 0,
            "eps": 0
        },
        "2007": {
            "cash": 0,
            "stock": 0,
            "eps": 0
        },
        "2008": {
            "cash": 0,
            "stock": 0,
            "eps": 0
        },
        "2009": {
            "cash": 0,
            "stock": 0,
            "eps": 0
        },
        "2010": {
            "cash": 0,
            "stock": 0,
            "eps": 0
        },
        "2011": {
            "cash": 0,
            "stock": 0,
            "eps": 0
        },
        "2012": {
            "cash": 0,
            "stock": 0,
            "eps": 0
        },
        "2013": {
            "cash": 0,
            "stock": 0,
            "eps": 0
        },
        "2014": {
            "cash": 2,
            "stock": 0,
            "eps": 3.46
        },
        "2015": {
            "cash": 2.4,
            "stock": 0,
            "eps": 5.07
        },
        "2016": {
            "cash": 3.11,
            "stock": 0,
            "eps": 4.21
        },
        "2017": {
            "cash": 2.56,
            "stock": 0,
            "eps": 5.29
        },
        "2018": {
            "cash": 3.2,
            "stock": 0,
            "eps": 3.74
        },
        "2019": {
            "cash": 2.6,
            "stock": 0,
            "eps": 2.31
        },
        "2020": {
            "cash": 1.9,
            "stock": 0,
            "eps": 2.65
        },
        "2021": {
            "cash": 2.1,
            "stock": 0,
            "eps": 3.01
        },
        "2022": {
            "cash": 2.3,
            "stock": 0,
            "eps": 5.41
        },
        "2023": {
            "cash": 2.8,
            "stock": 0,
            "eps": 8.27
        }
    },
    "dividends": {
        "2014-04-17": {
            "cash": 2,
            "stock": 0
        },
        "2015-07-31": {
            "cash": 2.4,
            "stock": 0
        },
        "2016-08-03": {
            "cash": 3.11,
            "stock": 0
        },
        "2017-08-03": {
            "cash": 2.56,
            "stock": 0
        },
        "2018-08-17": {
            "cash": 3.2,
            "stock": 0
        },
        "2019-08-09": {
            "cash": 2.6,
            "stock": 0
        },
        "2020-08-27": {
            "cash": 1.9,
            "stock": 0
        },
        "2021-09-03": {
            "cash": 2.1,
            "stock": 0
        },
        "2022-08-17": {
            "cash": 2.3,
            "stock": 0
        },
        "2023-07-26": {
            "cash": 2.8,
            "stock": 0
        }
    },
    "prices": {
        "200101": "無",
        "200102": "無",
        "200103": "無",
        "200104": "無",
        "200105": "無",
        "200106": "無",
        "200107": "無",
        "200108": "無",
        "200109": "無",
        "200110": "無",
        "200111": "無",
        "200112": "無",
        "200201": "無",
        "200202": "無",
        "200203": "無",
        "200204": "無",
        "200205": "無",
        "200206": "無",
        "200207": "無",
        "200208": "無",
        "200209": "無",
        "200210": "無",
        "200211": "無",
        "200212": "無",
        "200301": "無",
        "200302": "無",
        "200303": "無",
        "200304": "無",
        "200305": "無",
        "200306": "無",
        "200307": "無",
        "200308": "無",
        "200309": "無",
        "200310": "無",
        "200311": "無",
        "200312": "無",
        "200401": "無",
        "200402": "無",
        "200403": "無",
        "200404": "無",
        "200405": "無",
        "200406": "無",
        "200407": "無",
        "200408": "無",
        "200409": "無",
        "200410": "無",
        "200411": "無",
        "200412": "無",
        "200501": "無",
        "200502": "無",
        "200503": "無",
        "200504": "無",
        "200505": "無",
        "200506": "無",
        "200507": "無",
        "200508": "無",
        "200509": "無",
        "200510": "無",
        "200511": "無",
        "200512": "無",
        "200601": "無",
        "200602": "無",
        "200603": "無",
        "200604": "無",
        "200605": "無",
        "200606": "無",
        "200607": "無",
        "200608": "無",
        "200609": "無",
        "200610": "無",
        "200611": "無",
        "200612": "無",
        "200701": "無",
        "200702": "無",
        "200703": "無",
        "200704": "無",
        "200705": "無",
        "200706": "無",
        "200707": "無",
        "200708": "無",
        "200709": "無",
        "200710": "無",
        "200711": "無",
        "200712": "無",
        "200801": "無",
        "200802": "無",
        "200803": "無",
        "200804": "無",
        "200805": "無",
        "200806": "無",
        "200807": "無",
        "200808": "無",
        "200809": "無",
        "200810": "無",
        "200811": "無",
        "200812": "無",
        "200901": "無",
        "200902": "無",
        "200903": "無",
        "200904": "無",
        "200905": "無",
        "200906": "無",
        "200907": "無",
        "200908": "無",
        "200909": "無",
        "200910": "無",
        "200911": "無",
        "200912": "無",
        "201001": "無",
        "201002": "無",
        "201003": "無",
        "201004": "無",
        "201005": "無",
        "201006": "無",
        "201007": "無",
        "201008": "無",
        "201009": "無",
        "201010": "無",
        "201011": "無",
        "201012": "無",
        "201101": "無",
        "201102": "無",
        "201103": "無",
        "201104": "無",
        "201105": "無",
        "201106": "無",
        "201107": "無",
        "201108": "無",
        "201109": "無",
        "201110": "無",
        "201111": "無",
        "201112": "無",
        "201201": "無",
        "201202": "無",
        "201203": "無",
        "201204": "無",
        "201205": "無",
        "201206": "無",
        "201207": "無",
        "201208": "無",
        "201209": "無",
        "201210": "無",
        "201211": "無",
        "201212": "無",
        "201301": "無",
        "201302": "無",
        "201303": "無",
        "201304": "無",
        "201305": "無",
        "201306": "無",
        "201307": "無",
        "201308": "無",
        "201309": "無",
        "201310": "無",
        "201311": "無",
        "201312": "無",
        "201401": "無",
        "201402": "無",
        "201403": "無",
        "201404": "無",
        "201405": "無",
        "201406": "無",
        "201407": "無",
        "201408": "無",
        "201409": "無",
        "201410": "57.16",
        "201411": "55.06",
        "201412": "59.87",
        "201501": "57.82",
        "201502": "57.22",
        "201503": "58.42",
        "201504": "59.14",
        "201505": "57.01",
        "201506": "56.10",
        "201507": "55.44",
        "201508": "51.40",
        "201509": "51.57",
        "201510": "61.99",
        "201511": "75.86",
        "201512": "70.86",
        "201601": "70.38",
        "201602": "71.36",
        "201603": "68.70",
        "201604": "67.09",
        "201605": "63.31",
        "201606": "64.01",
        "201607": "63.90",
        "201608": "64.07",
        "201609": "65.28",
        "201610": "64.40",
        "201611": "59.88",
        "201612": "58.04",
        "201701": "56.81",
        "201702": "59.44",
        "201703": "62.83",
        "201704": "60.33",
        "201705": "62.04",
        "201706": "63.72",
        "201707": "62.91",
        "201708": "64.30",
        "201709": "65.02",
        "201710": "62.55",
        "201711": "64.42",
        "201712": "64.80",
        "201801": "64.81",
        "201802": "62.73",
        "201803": "63.65",
        "201804": "63.10",
        "201805": "62.86",
        "201806": "62.60",
        "201807": "60.63",
        "201808": "57.42",
        "201809": "55.91",
        "201810": "51.79",
        "201811": "52.74",
        "201812": "53.50",
        "201901": "53.39",
        "201902": "55.26",
        "201903": "56.50",
        "201904": "56.16",
        "201905": "55.10",
        "201906": "55.61",
        "201907": "58.60",
        "201908": "55.86",
        "201909": "53.77",
        "201910": "52.04",
        "201911": "52.15",
        "201912": "50.02",
        "202001": "48.98",
        "202002": "48.09",
        "202003": "38.24",
        "202004": "32.70",
        "202005": "39.38",
        "202006": "42.10",
        "202007": "40.35",
        "202008": "36.03",
        "202009": "34.43",
        "202010": "33.71",
        "202011": "34.64",
        "202012": "35.42",
        "202101": "35.01",
        "202102": "36.31",
        "202103": "40.84",
        "202104": "43.91",
        "202105": "42.80",
        "202106": "43.70",
        "202107": "44.57",
        "202108": "42.43",
        "202109": "42.06",
        "202110": "43.48",
        "202111": "44.44",
        "202112": "44.50",
        "202201": "43.64",
        "202202": "45.38",
        "202203": "45.41",
        "202204": "44.40",
        "202205": "43.58",
        "202206": "43.96",
        "202207": "45.06",
        "202208": "49.44",
        "202209": "52.23",
        "202210": "48.49",
        "202211": "55.17",
        "202212": "65.69",
        "202301": "72.85",
        "202302": "88.88",
        "202303": "100.20",
        "202304": "120.38",
        "202305": "146.89",
        "202306": "147.08",
        "202307": "130.50",
        "202308": "137.14",
        "202309": "136.88",
        "202310": "128.85",
        "202311": "128.32",
        "202312": "121.40"
    },
    "quarters": {
        "20011": {
            "year_quarter": 20011,
            "year": 2001,
            "quarter": 1,
            "eps": null,
            "eps_growth_year": null,
            "eps_4q": null,
            "eps_4q_growth_year": null,
            "roe": null,
            "roe_4q": 0,
            "gross_profit": null,
            "gross_margin": null,
            "gross_margin_4q_avg": 0,
            "net_income": null,
            "net_income_4q": null,
            "revenue": null,
            "revenue_4q": null,
            "common_shares": null,
            "book_valuer_per_share": null,
            "book_valuer_per_share_4q_avg": 0,
            "equity": null,
            "current_ratio": null,
            "debt_ratio": null,
            "inventory_turnover_ratio": null,
            "account_receivable_turnover_ratio": null,
            "reinvestment_rate": null,
            "research_to_sale_ratio": null,
            "price_fair": 0,
            "eps_avg_yearly": 0,
            "eps_latest_yearly": 0,
            "eps_growth_yearly": 0
        },
        "20012": {
            "year_quarter": 20012,
            "year": 2001,
            "quarter": 2,
            "eps": null,
            "eps_growth_year": null,
            "eps_4q": null,
            "eps_4q_growth_year": null,
            "roe": null,
            "roe_4q": 0,
            "gross_profit": null,
            "gross_margin": null,
            "gross_margin_4q_avg": 0,
            "net_income": null,
            "net_income_4q": null,
            "revenue": null,
            "revenue_4q": null,
            "common_shares": null,
            "book_valuer_per_share": null,
            "book_valuer_per_share_4q_avg": 0,
            "equity": null,
            "current_ratio": null,
            "debt_ratio": null,
            "inventory_turnover_ratio": null,
            "account_receivable_turnover_ratio": null,
            "reinvestment_rate": null,
            "research_to_sale_ratio": null,
            "price_fair": 0,
            "eps_avg_yearly": 0,
            "eps_latest_yearly": 0,
            "eps_growth_yearly": 0
        },
        "20013": {
            "year_quarter": 20013,
            "year": 2001,
            "quarter": 3,
            "eps": null,
            "eps_growth_year": null,
            "eps_4q": null,
            "eps_4q_growth_year": null,
            "roe": null,
            "roe_4q": 0,
            "gross_profit": null,
            "gross_margin": null,
            "gross_margin_4q_avg": 0,
            "net_income": null,
            "net_income_4q": null,
            "revenue": null,
            "revenue_4q": null,
            "common_shares": null,
            "book_valuer_per_share": null,
            "book_valuer_per_share_4q_avg": 0,
            "equity": null,
            "current_ratio": null,
            "debt_ratio": null,
            "inventory_turnover_ratio": null,
            "account_receivable_turnover_ratio": null,
            "reinvestment_rate": null,
            "research_to_sale_ratio": null,
            "price_fair": 0,
            "eps_avg_yearly": 0,
            "eps_latest_yearly": 0,
            "eps_growth_yearly": 0
        },
        "20014": {
            "year_quarter": 20014,
            "year": 2001,
            "quarter": 4,
            "eps": null,
            "eps_growth_year": null,
            "eps_4q": null,
            "eps_4q_growth_year": null,
            "roe": null,
            "roe_4q": 0,
            "gross_profit": null,
            "gross_margin": null,
            "gross_margin_4q_avg": 0,
            "net_income": null,
            "net_income_4q": null,
            "revenue": null,
            "revenue_4q": null,
            "common_shares": null,
            "book_valuer_per_share": null,
            "book_valuer_per_share_4q_avg": 0,
            "equity": null,
            "current_ratio": null,
            "debt_ratio": null,
            "inventory_turnover_ratio": null,
            "account_receivable_turnover_ratio": null,
            "reinvestment_rate": null,
            "research_to_sale_ratio": null,
            "price_fair": 0,
            "eps_avg_yearly": 0,
            "eps_latest_yearly": 0,
            "eps_growth_yearly": 0
        },
        "20021": {
            "year_quarter": 20021,
            "year": 2002,
            "quarter": 1,
            "eps": null,
            "eps_growth_year": null,
            "eps_4q": null,
            "eps_4q_growth_year": null,
            "roe": null,
            "roe_4q": 0,
            "gross_profit": null,
            "gross_margin": null,
            "gross_margin_4q_avg": 0,
            "net_income": null,
            "net_income_4q": null,
            "revenue": null,
            "revenue_4q": null,
            "common_shares": null,
            "book_valuer_per_share": null,
            "book_valuer_per_share_4q_avg": 0,
            "equity": null,
            "current_ratio": null,
            "debt_ratio": null,
            "inventory_turnover_ratio": null,
            "account_receivable_turnover_ratio": null,
            "reinvestment_rate": null,
            "research_to_sale_ratio": null,
            "price_fair": 0,
            "eps_avg_yearly": 0,
            "eps_latest_yearly": 0,
            "eps_growth_yearly": 0
        },
        "20022": {
            "year_quarter": 20022,
            "year": 2002,
            "quarter": 2,
            "eps": null,
            "eps_growth_year": null,
            "eps_4q": null,
            "eps_4q_growth_year": null,
            "roe": null,
            "roe_4q": 0,
            "gross_profit": null,
            "gross_margin": null,
            "gross_margin_4q_avg": 0,
            "net_income": null,
            "net_income_4q": null,
            "revenue": null,
            "revenue_4q": null,
            "common_shares": null,
            "book_valuer_per_share": null,
            "book_valuer_per_share_4q_avg": 0,
            "equity": null,
            "current_ratio": null,
            "debt_ratio": null,
            "inventory_turnover_ratio": null,
            "account_receivable_turnover_ratio": null,
            "reinvestment_rate": null,
            "research_to_sale_ratio": null,
            "price_fair": 0,
            "eps_avg_yearly": 0,
            "eps_latest_yearly": 0,
            "eps_growth_yearly": 0
        },
        "20023": {
            "year_quarter": 20023,
            "year": 2002,
            "quarter": 3,
            "eps": null,
            "eps_growth_year": null,
            "eps_4q": null,
            "eps_4q_growth_year": null,
            "roe": null,
            "roe_4q": 0,
            "gross_profit": null,
            "gross_margin": null,
            "gross_margin_4q_avg": 0,
            "net_income": null,
            "net_income_4q": null,
            "revenue": null,
            "revenue_4q": null,
            "common_shares": null,
            "book_valuer_per_share": null,
            "book_valuer_per_share_4q_avg": 0,
            "equity": null,
            "current_ratio": null,
            "debt_ratio": null,
            "inventory_turnover_ratio": null,
            "account_receivable_turnover_ratio": null,
            "reinvestment_rate": null,
            "research_to_sale_ratio": null,
            "price_fair": 0,
            "eps_avg_yearly": 0,
            "eps_latest_yearly": 0,
            "eps_growth_yearly": 0
        },
        "20024": {
            "year_quarter": 20024,
            "year": 2002,
            "quarter": 4,
            "eps": null,
            "eps_growth_year": null,
            "eps_4q": null,
            "eps_4q_growth_year": null,
            "roe": null,
            "roe_4q": 0,
            "gross_profit": null,
            "gross_margin": null,
            "gross_margin_4q_avg": 0,
            "net_income": null,
            "net_income_4q": null,
            "revenue": null,
            "revenue_4q": null,
            "common_shares": null,
            "book_valuer_per_share": null,
            "book_valuer_per_share_4q_avg": 0,
            "equity": null,
            "current_ratio": null,
            "debt_ratio": null,
            "inventory_turnover_ratio": null,
            "account_receivable_turnover_ratio": null,
            "reinvestment_rate": null,
            "research_to_sale_ratio": null,
            "price_fair": 0,
            "eps_avg_yearly": 0,
            "eps_latest_yearly": 0,
            "eps_growth_yearly": 0
        },
        "20031": {
            "year_quarter": 20031,
            "year": 2003,
            "quarter": 1,
            "eps": null,
            "eps_growth_year": null,
            "eps_4q": null,
            "eps_4q_growth_year": null,
            "roe": null,
            "roe_4q": 0,
            "gross_profit": null,
            "gross_margin": null,
            "gross_margin_4q_avg": 0,
            "net_income": null,
            "net_income_4q": null,
            "revenue": null,
            "revenue_4q": null,
            "common_shares": null,
            "book_valuer_per_share": null,
            "book_valuer_per_share_4q_avg": 0,
            "equity": null,
            "current_ratio": null,
            "debt_ratio": null,
            "inventory_turnover_ratio": null,
            "account_receivable_turnover_ratio": null,
            "reinvestment_rate": null,
            "research_to_sale_ratio": null,
            "price_fair": 0,
            "eps_avg_yearly": 0,
            "eps_latest_yearly": 0,
            "eps_growth_yearly": 0
        },
        "20032": {
            "year_quarter": 20032,
            "year": 2003,
            "quarter": 2,
            "eps": null,
            "eps_growth_year": null,
            "eps_4q": null,
            "eps_4q_growth_year": null,
            "roe": null,
            "roe_4q": 0,
            "gross_profit": null,
            "gross_margin": null,
            "gross_margin_4q_avg": 0,
            "net_income": null,
            "net_income_4q": null,
            "revenue": null,
            "revenue_4q": null,
            "common_shares": null,
            "book_valuer_per_share": null,
            "book_valuer_per_share_4q_avg": 0,
            "equity": null,
            "current_ratio": null,
            "debt_ratio": null,
            "inventory_turnover_ratio": null,
            "account_receivable_turnover_ratio": null,
            "reinvestment_rate": null,
            "research_to_sale_ratio": null,
            "price_fair": 0,
            "eps_avg_yearly": 0,
            "eps_latest_yearly": 0,
            "eps_growth_yearly": 0
        },
        "20033": {
            "year_quarter": 20033,
            "year": 2003,
            "quarter": 3,
            "eps": null,
            "eps_growth_year": null,
            "eps_4q": null,
            "eps_4q_growth_year": null,
            "roe": null,
            "roe_4q": 0,
            "gross_profit": null,
            "gross_margin": null,
            "gross_margin_4q_avg": 0,
            "net_income": null,
            "net_income_4q": null,
            "revenue": null,
            "revenue_4q": null,
            "common_shares": null,
            "book_valuer_per_share": null,
            "book_valuer_per_share_4q_avg": 0,
            "equity": null,
            "current_ratio": null,
            "debt_ratio": null,
            "inventory_turnover_ratio": null,
            "account_receivable_turnover_ratio": null,
            "reinvestment_rate": null,
            "research_to_sale_ratio": null,
            "price_fair": 0,
            "eps_avg_yearly": 0,
            "eps_latest_yearly": 0,
            "eps_growth_yearly": 0
        },
        "20034": {
            "year_quarter": 20034,
            "year": 2003,
            "quarter": 4,
            "eps": null,
            "eps_growth_year": null,
            "eps_4q": null,
            "eps_4q_growth_year": null,
            "roe": null,
            "roe_4q": 0,
            "gross_profit": null,
            "gross_margin": null,
            "gross_margin_4q_avg": 0,
            "net_income": null,
            "net_income_4q": null,
            "revenue": null,
            "revenue_4q": null,
            "common_shares": null,
            "book_valuer_per_share": null,
            "book_valuer_per_share_4q_avg": 0,
            "equity": null,
            "current_ratio": null,
            "debt_ratio": null,
            "inventory_turnover_ratio": null,
            "account_receivable_turnover_ratio": null,
            "reinvestment_rate": null,
            "research_to_sale_ratio": null,
            "price_fair": 0,
            "eps_avg_yearly": 0,
            "eps_latest_yearly": 0,
            "eps_growth_yearly": 0
        },
        "20041": {
            "year_quarter": 20041,
            "year": 2004,
            "quarter": 1,
            "eps": null,
            "eps_growth_year": null,
            "eps_4q": null,
            "eps_4q_growth_year": null,
            "roe": null,
            "roe_4q": 0,
            "gross_profit": null,
            "gross_margin": null,
            "gross_margin_4q_avg": 0,
            "net_income": null,
            "net_income_4q": null,
            "revenue": null,
            "revenue_4q": null,
            "common_shares": null,
            "book_valuer_per_share": null,
            "book_valuer_per_share_4q_avg": 0,
            "equity": null,
            "current_ratio": null,
            "debt_ratio": null,
            "inventory_turnover_ratio": null,
            "account_receivable_turnover_ratio": null,
            "reinvestment_rate": null,
            "research_to_sale_ratio": null,
            "price_fair": 0,
            "eps_avg_yearly": 0,
            "eps_latest_yearly": 0,
            "eps_growth_yearly": 0
        },
        "20042": {
            "year_quarter": 20042,
            "year": 2004,
            "quarter": 2,
            "eps": null,
            "eps_growth_year": null,
            "eps_4q": null,
            "eps_4q_growth_year": null,
            "roe": null,
            "roe_4q": 0,
            "gross_profit": null,
            "gross_margin": null,
            "gross_margin_4q_avg": 0,
            "net_income": null,
            "net_income_4q": null,
            "revenue": null,
            "revenue_4q": null,
            "common_shares": null,
            "book_valuer_per_share": null,
            "book_valuer_per_share_4q_avg": 0,
            "equity": null,
            "current_ratio": null,
            "debt_ratio": null,
            "inventory_turnover_ratio": null,
            "account_receivable_turnover_ratio": null,
            "reinvestment_rate": null,
            "research_to_sale_ratio": null,
            "price_fair": 0,
            "eps_avg_yearly": 0,
            "eps_latest_yearly": 0,
            "eps_growth_yearly": 0
        },
        "20043": {
            "year_quarter": 20043,
            "year": 2004,
            "quarter": 3,
            "eps": null,
            "eps_growth_year": null,
            "eps_4q": null,
            "eps_4q_growth_year": null,
            "roe": null,
            "roe_4q": 0,
            "gross_profit": null,
            "gross_margin": null,
            "gross_margin_4q_avg": 0,
            "net_income": null,
            "net_income_4q": null,
            "revenue": null,
            "revenue_4q": null,
            "common_shares": null,
            "book_valuer_per_share": null,
            "book_valuer_per_share_4q_avg": 0,
            "equity": null,
            "current_ratio": null,
            "debt_ratio": null,
            "inventory_turnover_ratio": null,
            "account_receivable_turnover_ratio": null,
            "reinvestment_rate": null,
            "research_to_sale_ratio": null,
            "price_fair": 0,
            "eps_avg_yearly": 0,
            "eps_latest_yearly": 0,
            "eps_growth_yearly": 0
        },
        "20044": {
            "year_quarter": 20044,
            "year": 2004,
            "quarter": 4,
            "eps": null,
            "eps_growth_year": null,
            "eps_4q": null,
            "eps_4q_growth_year": null,
            "roe": null,
            "roe_4q": 0,
            "gross_profit": null,
            "gross_margin": null,
            "gross_margin_4q_avg": 0,
            "net_income": null,
            "net_income_4q": null,
            "revenue": null,
            "revenue_4q": null,
            "common_shares": null,
            "book_valuer_per_share": null,
            "book_valuer_per_share_4q_avg": 0,
            "equity": null,
            "current_ratio": null,
            "debt_ratio": null,
            "inventory_turnover_ratio": null,
            "account_receivable_turnover_ratio": null,
            "reinvestment_rate": null,
            "research_to_sale_ratio": null,
            "price_fair": 0,
            "eps_avg_yearly": 0,
            "eps_latest_yearly": 0,
            "eps_growth_yearly": 0
        },
        "20051": {
            "year_quarter": 20051,
            "year": 2005,
            "quarter": 1,
            "eps": null,
            "eps_growth_year": null,
            "eps_4q": null,
            "eps_4q_growth_year": null,
            "roe": null,
            "roe_4q": 0,
            "gross_profit": null,
            "gross_margin": null,
            "gross_margin_4q_avg": 0,
            "net_income": null,
            "net_income_4q": null,
            "revenue": null,
            "revenue_4q": null,
            "common_shares": null,
            "book_valuer_per_share": null,
            "book_valuer_per_share_4q_avg": 0,
            "equity": null,
            "current_ratio": null,
            "debt_ratio": null,
            "inventory_turnover_ratio": null,
            "account_receivable_turnover_ratio": null,
            "reinvestment_rate": null,
            "research_to_sale_ratio": null,
            "price_fair": 0,
            "eps_avg_yearly": 0,
            "eps_latest_yearly": 0,
            "eps_growth_yearly": 0
        },
        "20052": {
            "year_quarter": 20052,
            "year": 2005,
            "quarter": 2,
            "eps": null,
            "eps_growth_year": null,
            "eps_4q": null,
            "eps_4q_growth_year": null,
            "roe": null,
            "roe_4q": 0,
            "gross_profit": null,
            "gross_margin": null,
            "gross_margin_4q_avg": 0,
            "net_income": null,
            "net_income_4q": null,
            "revenue": null,
            "revenue_4q": null,
            "common_shares": null,
            "book_valuer_per_share": null,
            "book_valuer_per_share_4q_avg": 0,
            "equity": null,
            "current_ratio": null,
            "debt_ratio": null,
            "inventory_turnover_ratio": null,
            "account_receivable_turnover_ratio": null,
            "reinvestment_rate": null,
            "research_to_sale_ratio": null,
            "price_fair": 0,
            "eps_avg_yearly": 0,
            "eps_latest_yearly": 0,
            "eps_growth_yearly": 0
        },
        "20053": {
            "year_quarter": 20053,
            "year": 2005,
            "quarter": 3,
            "eps": null,
            "eps_growth_year": null,
            "eps_4q": null,
            "eps_4q_growth_year": null,
            "roe": null,
            "roe_4q": 0,
            "gross_profit": null,
            "gross_margin": null,
            "gross_margin_4q_avg": 0,
            "net_income": null,
            "net_income_4q": null,
            "revenue": null,
            "revenue_4q": null,
            "common_shares": null,
            "book_valuer_per_share": null,
            "book_valuer_per_share_4q_avg": 0,
            "equity": null,
            "current_ratio": null,
            "debt_ratio": null,
            "inventory_turnover_ratio": null,
            "account_receivable_turnover_ratio": null,
            "reinvestment_rate": null,
            "research_to_sale_ratio": null,
            "price_fair": 0,
            "eps_avg_yearly": 0,
            "eps_latest_yearly": 0,
            "eps_growth_yearly": 0
        },
        "20054": {
            "year_quarter": 20054,
            "year": 2005,
            "quarter": 4,
            "eps": null,
            "eps_growth_year": null,
            "eps_4q": null,
            "eps_4q_growth_year": null,
            "roe": null,
            "roe_4q": 0,
            "gross_profit": null,
            "gross_margin": null,
            "gross_margin_4q_avg": 0,
            "net_income": null,
            "net_income_4q": null,
            "revenue": null,
            "revenue_4q": null,
            "common_shares": null,
            "book_valuer_per_share": null,
            "book_valuer_per_share_4q_avg": 0,
            "equity": null,
            "current_ratio": null,
            "debt_ratio": null,
            "inventory_turnover_ratio": null,
            "account_receivable_turnover_ratio": null,
            "reinvestment_rate": null,
            "research_to_sale_ratio": null,
            "price_fair": 0,
            "eps_avg_yearly": 0,
            "eps_latest_yearly": 0,
            "eps_growth_yearly": 0
        },
        "20061": {
            "year_quarter": 20061,
            "year": 2006,
            "quarter": 1,
            "eps": null,
            "eps_growth_year": null,
            "eps_4q": null,
            "eps_4q_growth_year": null,
            "roe": null,
            "roe_4q": 0,
            "gross_profit": null,
            "gross_margin": null,
            "gross_margin_4q_avg": 0,
            "net_income": null,
            "net_income_4q": null,
            "revenue": null,
            "revenue_4q": null,
            "common_shares": null,
            "book_valuer_per_share": null,
            "book_valuer_per_share_4q_avg": 0,
            "equity": null,
            "current_ratio": null,
            "debt_ratio": null,
            "inventory_turnover_ratio": null,
            "account_receivable_turnover_ratio": null,
            "reinvestment_rate": null,
            "research_to_sale_ratio": null,
            "price_fair": 0,
            "eps_avg_yearly": 0,
            "eps_latest_yearly": 0,
            "eps_growth_yearly": 0
        },
        "20062": {
            "year_quarter": 20062,
            "year": 2006,
            "quarter": 2,
            "eps": null,
            "eps_growth_year": null,
            "eps_4q": null,
            "eps_4q_growth_year": null,
            "roe": null,
            "roe_4q": 0,
            "gross_profit": null,
            "gross_margin": null,
            "gross_margin_4q_avg": 0,
            "net_income": null,
            "net_income_4q": null,
            "revenue": null,
            "revenue_4q": null,
            "common_shares": null,
            "book_valuer_per_share": null,
            "book_valuer_per_share_4q_avg": 0,
            "equity": null,
            "current_ratio": null,
            "debt_ratio": null,
            "inventory_turnover_ratio": null,
            "account_receivable_turnover_ratio": null,
            "reinvestment_rate": null,
            "research_to_sale_ratio": null,
            "price_fair": 0,
            "eps_avg_yearly": 0,
            "eps_latest_yearly": 0,
            "eps_growth_yearly": 0
        },
        "20063": {
            "year_quarter": 20063,
            "year": 2006,
            "quarter": 3,
            "eps": null,
            "eps_growth_year": null,
            "eps_4q": null,
            "eps_4q_growth_year": null,
            "roe": null,
            "roe_4q": 0,
            "gross_profit": null,
            "gross_margin": null,
            "gross_margin_4q_avg": 0,
            "net_income": null,
            "net_income_4q": null,
            "revenue": null,
            "revenue_4q": null,
            "common_shares": null,
            "book_valuer_per_share": null,
            "book_valuer_per_share_4q_avg": 0,
            "equity": null,
            "current_ratio": null,
            "debt_ratio": null,
            "inventory_turnover_ratio": null,
            "account_receivable_turnover_ratio": null,
            "reinvestment_rate": null,
            "research_to_sale_ratio": null,
            "price_fair": 0,
            "eps_avg_yearly": 0,
            "eps_latest_yearly": 0,
            "eps_growth_yearly": 0
        },
        "20064": {
            "year_quarter": 20064,
            "year": 2006,
            "quarter": 4,
            "eps": null,
            "eps_growth_year": null,
            "eps_4q": null,
            "eps_4q_growth_year": null,
            "roe": null,
            "roe_4q": 0,
            "gross_profit": null,
            "gross_margin": null,
            "gross_margin_4q_avg": 0,
            "net_income": null,
            "net_income_4q": null,
            "revenue": null,
            "revenue_4q": null,
            "common_shares": null,
            "book_valuer_per_share": null,
            "book_valuer_per_share_4q_avg": 0,
            "equity": null,
            "current_ratio": null,
            "debt_ratio": null,
            "inventory_turnover_ratio": null,
            "account_receivable_turnover_ratio": null,
            "reinvestment_rate": null,
            "research_to_sale_ratio": null,
            "price_fair": 0,
            "eps_avg_yearly": 0,
            "eps_latest_yearly": 0,
            "eps_growth_yearly": 0
        },
        "20071": {
            "year_quarter": 20071,
            "year": 2007,
            "quarter": 1,
            "eps": null,
            "eps_growth_year": null,
            "eps_4q": null,
            "eps_4q_growth_year": null,
            "roe": null,
            "roe_4q": 0,
            "gross_profit": null,
            "gross_margin": null,
            "gross_margin_4q_avg": 0,
            "net_income": null,
            "net_income_4q": null,
            "revenue": null,
            "revenue_4q": null,
            "common_shares": null,
            "book_valuer_per_share": null,
            "book_valuer_per_share_4q_avg": 0,
            "equity": null,
            "current_ratio": null,
            "debt_ratio": null,
            "inventory_turnover_ratio": null,
            "account_receivable_turnover_ratio": null,
            "reinvestment_rate": null,
            "research_to_sale_ratio": null,
            "price_fair": 0,
            "eps_avg_yearly": 0,
            "eps_latest_yearly": 0,
            "eps_growth_yearly": 0
        },
        "20072": {
            "year_quarter": 20072,
            "year": 2007,
            "quarter": 2,
            "eps": null,
            "eps_growth_year": null,
            "eps_4q": null,
            "eps_4q_growth_year": null,
            "roe": null,
            "roe_4q": 0,
            "gross_profit": null,
            "gross_margin": null,
            "gross_margin_4q_avg": 0,
            "net_income": null,
            "net_income_4q": null,
            "revenue": null,
            "revenue_4q": null,
            "common_shares": null,
            "book_valuer_per_share": null,
            "book_valuer_per_share_4q_avg": 0,
            "equity": null,
            "current_ratio": null,
            "debt_ratio": null,
            "inventory_turnover_ratio": null,
            "account_receivable_turnover_ratio": null,
            "reinvestment_rate": null,
            "research_to_sale_ratio": null,
            "price_fair": 0,
            "eps_avg_yearly": 0,
            "eps_latest_yearly": 0,
            "eps_growth_yearly": 0
        },
        "20073": {
            "year_quarter": 20073,
            "year": 2007,
            "quarter": 3,
            "eps": null,
            "eps_growth_year": null,
            "eps_4q": null,
            "eps_4q_growth_year": null,
            "roe": null,
            "roe_4q": 0,
            "gross_profit": null,
            "gross_margin": null,
            "gross_margin_4q_avg": 0,
            "net_income": null,
            "net_income_4q": null,
            "revenue": null,
            "revenue_4q": null,
            "common_shares": null,
            "book_valuer_per_share": null,
            "book_valuer_per_share_4q_avg": 0,
            "equity": null,
            "current_ratio": null,
            "debt_ratio": null,
            "inventory_turnover_ratio": null,
            "account_receivable_turnover_ratio": null,
            "reinvestment_rate": null,
            "research_to_sale_ratio": null,
            "price_fair": 0,
            "eps_avg_yearly": 0,
            "eps_latest_yearly": 0,
            "eps_growth_yearly": 0
        },
        "20074": {
            "year_quarter": 20074,
            "year": 2007,
            "quarter": 4,
            "eps": null,
            "eps_growth_year": null,
            "eps_4q": null,
            "eps_4q_growth_year": null,
            "roe": null,
            "roe_4q": 0,
            "gross_profit": null,
            "gross_margin": null,
            "gross_margin_4q_avg": 0,
            "net_income": null,
            "net_income_4q": null,
            "revenue": null,
            "revenue_4q": null,
            "common_shares": null,
            "book_valuer_per_share": null,
            "book_valuer_per_share_4q_avg": 0,
            "equity": null,
            "current_ratio": null,
            "debt_ratio": null,
            "inventory_turnover_ratio": null,
            "account_receivable_turnover_ratio": null,
            "reinvestment_rate": null,
            "research_to_sale_ratio": null,
            "price_fair": 0,
            "eps_avg_yearly": 0,
            "eps_latest_yearly": 0,
            "eps_growth_yearly": 0
        },
        "20081": {
            "year_quarter": 20081,
            "year": 2008,
            "quarter": 1,
            "eps": null,
            "eps_growth_year": null,
            "eps_4q": null,
            "eps_4q_growth_year": null,
            "roe": null,
            "roe_4q": 0,
            "gross_profit": null,
            "gross_margin": null,
            "gross_margin_4q_avg": 0,
            "net_income": null,
            "net_income_4q": null,
            "revenue": null,
            "revenue_4q": null,
            "common_shares": null,
            "book_valuer_per_share": null,
            "book_valuer_per_share_4q_avg": 0,
            "equity": null,
            "current_ratio": null,
            "debt_ratio": null,
            "inventory_turnover_ratio": null,
            "account_receivable_turnover_ratio": null,
            "reinvestment_rate": null,
            "research_to_sale_ratio": null,
            "price_fair": 0,
            "eps_avg_yearly": 0,
            "eps_latest_yearly": 0,
            "eps_growth_yearly": 0
        },
        "20082": {
            "year_quarter": 20082,
            "year": 2008,
            "quarter": 2,
            "eps": null,
            "eps_growth_year": null,
            "eps_4q": null,
            "eps_4q_growth_year": null,
            "roe": null,
            "roe_4q": 0,
            "gross_profit": null,
            "gross_margin": null,
            "gross_margin_4q_avg": 0,
            "net_income": null,
            "net_income_4q": null,
            "revenue": null,
            "revenue_4q": null,
            "common_shares": null,
            "book_valuer_per_share": null,
            "book_valuer_per_share_4q_avg": 0,
            "equity": null,
            "current_ratio": null,
            "debt_ratio": null,
            "inventory_turnover_ratio": null,
            "account_receivable_turnover_ratio": null,
            "reinvestment_rate": null,
            "research_to_sale_ratio": null,
            "price_fair": 0,
            "eps_avg_yearly": 0,
            "eps_latest_yearly": 0,
            "eps_growth_yearly": 0
        },
        "20083": {
            "year_quarter": 20083,
            "year": 2008,
            "quarter": 3,
            "eps": null,
            "eps_growth_year": null,
            "eps_4q": null,
            "eps_4q_growth_year": null,
            "roe": null,
            "roe_4q": 0,
            "gross_profit": null,
            "gross_margin": null,
            "gross_margin_4q_avg": 0,
            "net_income": null,
            "net_income_4q": null,
            "revenue": null,
            "revenue_4q": null,
            "common_shares": null,
            "book_valuer_per_share": null,
            "book_valuer_per_share_4q_avg": 0,
            "equity": null,
            "current_ratio": null,
            "debt_ratio": null,
            "inventory_turnover_ratio": null,
            "account_receivable_turnover_ratio": null,
            "reinvestment_rate": null,
            "research_to_sale_ratio": null,
            "price_fair": 0,
            "eps_avg_yearly": 0,
            "eps_latest_yearly": 0,
            "eps_growth_yearly": 0
        },
        "20084": {
            "year_quarter": 20084,
            "year": 2008,
            "quarter": 4,
            "eps": null,
            "eps_growth_year": null,
            "eps_4q": null,
            "eps_4q_growth_year": null,
            "roe": null,
            "roe_4q": 0,
            "gross_profit": null,
            "gross_margin": null,
            "gross_margin_4q_avg": 0,
            "net_income": null,
            "net_income_4q": null,
            "revenue": null,
            "revenue_4q": null,
            "common_shares": null,
            "book_valuer_per_share": null,
            "book_valuer_per_share_4q_avg": 0,
            "equity": null,
            "current_ratio": null,
            "debt_ratio": null,
            "inventory_turnover_ratio": null,
            "account_receivable_turnover_ratio": null,
            "reinvestment_rate": null,
            "research_to_sale_ratio": null,
            "price_fair": 0,
            "eps_avg_yearly": 0,
            "eps_latest_yearly": 0,
            "eps_growth_yearly": 0
        },
        "20091": {
            "year_quarter": 20091,
            "year": 2009,
            "quarter": 1,
            "eps": null,
            "eps_growth_year": null,
            "eps_4q": null,
            "eps_4q_growth_year": null,
            "roe": null,
            "roe_4q": 0,
            "gross_profit": null,
            "gross_margin": null,
            "gross_margin_4q_avg": 0,
            "net_income": null,
            "net_income_4q": null,
            "revenue": null,
            "revenue_4q": null,
            "common_shares": null,
            "book_valuer_per_share": null,
            "book_valuer_per_share_4q_avg": 0,
            "equity": null,
            "current_ratio": null,
            "debt_ratio": null,
            "inventory_turnover_ratio": null,
            "account_receivable_turnover_ratio": null,
            "reinvestment_rate": null,
            "research_to_sale_ratio": null,
            "price_fair": 0,
            "eps_avg_yearly": 0,
            "eps_latest_yearly": 0,
            "eps_growth_yearly": 0
        },
        "20092": {
            "year_quarter": 20092,
            "year": 2009,
            "quarter": 2,
            "eps": null,
            "eps_growth_year": null,
            "eps_4q": null,
            "eps_4q_growth_year": null,
            "roe": null,
            "roe_4q": 0,
            "gross_profit": null,
            "gross_margin": null,
            "gross_margin_4q_avg": 0,
            "net_income": null,
            "net_income_4q": null,
            "revenue": null,
            "revenue_4q": null,
            "common_shares": null,
            "book_valuer_per_share": null,
            "book_valuer_per_share_4q_avg": 0,
            "equity": null,
            "current_ratio": null,
            "debt_ratio": null,
            "inventory_turnover_ratio": null,
            "account_receivable_turnover_ratio": null,
            "reinvestment_rate": null,
            "research_to_sale_ratio": null,
            "price_fair": 0,
            "eps_avg_yearly": 0,
            "eps_latest_yearly": 0,
            "eps_growth_yearly": 0
        },
        "20093": {
            "year_quarter": 20093,
            "year": 2009,
            "quarter": 3,
            "eps": null,
            "eps_growth_year": null,
            "eps_4q": null,
            "eps_4q_growth_year": null,
            "roe": null,
            "roe_4q": 0,
            "gross_profit": null,
            "gross_margin": null,
            "gross_margin_4q_avg": 0,
            "net_income": null,
            "net_income_4q": null,
            "revenue": null,
            "revenue_4q": null,
            "common_shares": null,
            "book_valuer_per_share": null,
            "book_valuer_per_share_4q_avg": 0,
            "equity": null,
            "current_ratio": null,
            "debt_ratio": null,
            "inventory_turnover_ratio": null,
            "account_receivable_turnover_ratio": null,
            "reinvestment_rate": null,
            "research_to_sale_ratio": null,
            "price_fair": 0,
            "eps_avg_yearly": 0,
            "eps_latest_yearly": 0,
            "eps_growth_yearly": 0
        },
        "20094": {
            "year_quarter": 20094,
            "year": 2009,
            "quarter": 4,
            "eps": null,
            "eps_growth_year": null,
            "eps_4q": null,
            "eps_4q_growth_year": null,
            "roe": null,
            "roe_4q": 0,
            "gross_profit": null,
            "gross_margin": null,
            "gross_margin_4q_avg": 0,
            "net_income": null,
            "net_income_4q": null,
            "revenue": null,
            "revenue_4q": null,
            "common_shares": null,
            "book_valuer_per_share": null,
            "book_valuer_per_share_4q_avg": 0,
            "equity": null,
            "current_ratio": null,
            "debt_ratio": null,
            "inventory_turnover_ratio": null,
            "account_receivable_turnover_ratio": null,
            "reinvestment_rate": null,
            "research_to_sale_ratio": null,
            "price_fair": 0,
            "eps_avg_yearly": 0,
            "eps_latest_yearly": 0,
            "eps_growth_yearly": 0
        },
        "20101": {
            "year_quarter": 20101,
            "year": 2010,
            "quarter": 1,
            "eps": null,
            "eps_growth_year": null,
            "eps_4q": null,
            "eps_4q_growth_year": null,
            "roe": null,
            "roe_4q": 0,
            "gross_profit": null,
            "gross_margin": null,
            "gross_margin_4q_avg": 0,
            "net_income": null,
            "net_income_4q": null,
            "revenue": null,
            "revenue_4q": null,
            "common_shares": null,
            "book_valuer_per_share": null,
            "book_valuer_per_share_4q_avg": 0,
            "equity": null,
            "current_ratio": null,
            "debt_ratio": null,
            "inventory_turnover_ratio": null,
            "account_receivable_turnover_ratio": null,
            "reinvestment_rate": null,
            "research_to_sale_ratio": null,
            "price_fair": 0,
            "eps_avg_yearly": 0,
            "eps_latest_yearly": 0,
            "eps_growth_yearly": 0
        },
        "20102": {
            "year_quarter": 20102,
            "year": 2010,
            "quarter": 2,
            "eps": null,
            "eps_growth_year": null,
            "eps_4q": null,
            "eps_4q_growth_year": null,
            "roe": null,
            "roe_4q": 0,
            "gross_profit": null,
            "gross_margin": null,
            "gross_margin_4q_avg": 0,
            "net_income": null,
            "net_income_4q": null,
            "revenue": null,
            "revenue_4q": null,
            "common_shares": null,
            "book_valuer_per_share": null,
            "book_valuer_per_share_4q_avg": 0,
            "equity": null,
            "current_ratio": null,
            "debt_ratio": null,
            "inventory_turnover_ratio": null,
            "account_receivable_turnover_ratio": null,
            "reinvestment_rate": null,
            "research_to_sale_ratio": null,
            "price_fair": 0,
            "eps_avg_yearly": 0,
            "eps_latest_yearly": 0,
            "eps_growth_yearly": 0
        },
        "20103": {
            "year_quarter": 20103,
            "year": 2010,
            "quarter": 3,
            "eps": null,
            "eps_growth_year": null,
            "eps_4q": null,
            "eps_4q_growth_year": null,
            "roe": null,
            "roe_4q": 0,
            "gross_profit": null,
            "gross_margin": null,
            "gross_margin_4q_avg": 0,
            "net_income": null,
            "net_income_4q": null,
            "revenue": null,
            "revenue_4q": null,
            "common_shares": null,
            "book_valuer_per_share": null,
            "book_valuer_per_share_4q_avg": 0,
            "equity": null,
            "current_ratio": null,
            "debt_ratio": null,
            "inventory_turnover_ratio": null,
            "account_receivable_turnover_ratio": null,
            "reinvestment_rate": null,
            "research_to_sale_ratio": null,
            "price_fair": 0,
            "eps_avg_yearly": 0,
            "eps_latest_yearly": 0,
            "eps_growth_yearly": 0
        },
        "20104": {
            "year_quarter": 20104,
            "year": 2010,
            "quarter": 4,
            "eps": null,
            "eps_growth_year": null,
            "eps_4q": null,
            "eps_4q_growth_year": null,
            "roe": null,
            "roe_4q": 0,
            "gross_profit": null,
            "gross_margin": null,
            "gross_margin_4q_avg": 0,
            "net_income": null,
            "net_income_4q": null,
            "revenue": null,
            "revenue_4q": null,
            "common_shares": null,
            "book_valuer_per_share": null,
            "book_valuer_per_share_4q_avg": 0,
            "equity": null,
            "current_ratio": null,
            "debt_ratio": null,
            "inventory_turnover_ratio": null,
            "account_receivable_turnover_ratio": null,
            "reinvestment_rate": null,
            "research_to_sale_ratio": null,
            "price_fair": 0,
            "eps_avg_yearly": 0,
            "eps_latest_yearly": 0,
            "eps_growth_yearly": 0
        },
        "20111": {
            "year_quarter": 20111,
            "year": 2011,
            "quarter": 1,
            "eps": null,
            "eps_growth_year": null,
            "eps_4q": null,
            "eps_4q_growth_year": null,
            "roe": null,
            "roe_4q": 0,
            "gross_profit": null,
            "gross_margin": null,
            "gross_margin_4q_avg": 0,
            "net_income": null,
            "net_income_4q": null,
            "revenue": null,
            "revenue_4q": null,
            "common_shares": null,
            "book_valuer_per_share": null,
            "book_valuer_per_share_4q_avg": 0,
            "equity": null,
            "current_ratio": null,
            "debt_ratio": null,
            "inventory_turnover_ratio": null,
            "account_receivable_turnover_ratio": null,
            "reinvestment_rate": null,
            "research_to_sale_ratio": null,
            "price_fair": 0,
            "eps_avg_yearly": 0,
            "eps_latest_yearly": 0,
            "eps_growth_yearly": 0
        },
        "20112": {
            "year_quarter": 20112,
            "year": 2011,
            "quarter": 2,
            "eps": null,
            "eps_growth_year": null,
            "eps_4q": null,
            "eps_4q_growth_year": null,
            "roe": null,
            "roe_4q": 0,
            "gross_profit": null,
            "gross_margin": null,
            "gross_margin_4q_avg": 0,
            "net_income": null,
            "net_income_4q": null,
            "revenue": null,
            "revenue_4q": null,
            "common_shares": null,
            "book_valuer_per_share": null,
            "book_valuer_per_share_4q_avg": 0,
            "equity": null,
            "current_ratio": null,
            "debt_ratio": null,
            "inventory_turnover_ratio": null,
            "account_receivable_turnover_ratio": null,
            "reinvestment_rate": null,
            "research_to_sale_ratio": null,
            "price_fair": 0,
            "eps_avg_yearly": 0,
            "eps_latest_yearly": 0,
            "eps_growth_yearly": 0
        },
        "20113": {
            "year_quarter": 20113,
            "year": 2011,
            "quarter": 3,
            "eps": null,
            "eps_growth_year": null,
            "eps_4q": null,
            "eps_4q_growth_year": null,
            "roe": null,
            "roe_4q": 0,
            "gross_profit": null,
            "gross_margin": null,
            "gross_margin_4q_avg": 0,
            "net_income": null,
            "net_income_4q": null,
            "revenue": null,
            "revenue_4q": null,
            "common_shares": null,
            "book_valuer_per_share": null,
            "book_valuer_per_share_4q_avg": 0,
            "equity": null,
            "current_ratio": null,
            "debt_ratio": null,
            "inventory_turnover_ratio": null,
            "account_receivable_turnover_ratio": null,
            "reinvestment_rate": null,
            "research_to_sale_ratio": null,
            "price_fair": 0,
            "eps_avg_yearly": 0,
            "eps_latest_yearly": 0,
            "eps_growth_yearly": 0
        },
        "20114": {
            "year_quarter": 20114,
            "year": 2011,
            "quarter": 4,
            "eps": null,
            "eps_growth_year": null,
            "eps_4q": null,
            "eps_4q_growth_year": null,
            "roe": null,
            "roe_4q": 0,
            "gross_profit": null,
            "gross_margin": null,
            "gross_margin_4q_avg": 0,
            "net_income": null,
            "net_income_4q": null,
            "revenue": null,
            "revenue_4q": null,
            "common_shares": 294102,
            "book_valuer_per_share": 13.21,
            "book_valuer_per_share_4q_avg": 3.3,
            "equity": 388449,
            "current_ratio": 83.9,
            "debt_ratio": 59.48,
            "inventory_turnover_ratio": null,
            "account_receivable_turnover_ratio": null,
            "reinvestment_rate": null,
            "research_to_sale_ratio": null,
            "price_fair": 0,
            "eps_avg_yearly": 0,
            "eps_latest_yearly": 0,
            "eps_growth_yearly": 0
        },
        "20121": {
            "year_quarter": 20121,
            "year": 2012,
            "quarter": 1,
            "eps": null,
            "eps_growth_year": null,
            "eps_4q": null,
            "eps_4q_growth_year": null,
            "roe": null,
            "roe_4q": 0,
            "gross_profit": null,
            "gross_margin": null,
            "gross_margin_4q_avg": 0,
            "net_income": null,
            "net_income_4q": null,
            "revenue": null,
            "revenue_4q": null,
            "common_shares": null,
            "book_valuer_per_share": null,
            "book_valuer_per_share_4q_avg": 3.3,
            "equity": null,
            "current_ratio": null,
            "debt_ratio": null,
            "inventory_turnover_ratio": null,
            "account_receivable_turnover_ratio": null,
            "reinvestment_rate": null,
            "research_to_sale_ratio": null,
            "price_fair": 0,
            "eps_avg_yearly": 0,
            "eps_latest_yearly": 0,
            "eps_growth_yearly": 0
        },
        "20122": {
            "year_quarter": 20122,
            "year": 2012,
            "quarter": 2,
            "eps": null,
            "eps_growth_year": null,
            "eps_4q": null,
            "eps_4q_growth_year": null,
            "roe": null,
            "roe_4q": 0,
            "gross_profit": null,
            "gross_margin": null,
            "gross_margin_4q_avg": 0,
            "net_income": null,
            "net_income_4q": null,
            "revenue": null,
            "revenue_4q": null,
            "common_shares": null,
            "book_valuer_per_share": null,
            "book_valuer_per_share_4q_avg": 3.3,
            "equity": null,
            "current_ratio": null,
            "debt_ratio": null,
            "inventory_turnover_ratio": null,
            "account_receivable_turnover_ratio": null,
            "reinvestment_rate": null,
            "research_to_sale_ratio": null,
            "price_fair": 0,
            "eps_avg_yearly": 0,
            "eps_latest_yearly": 0,
            "eps_growth_yearly": 0
        },
        "20123": {
            "year_quarter": 20123,
            "year": 2012,
            "quarter": 3,
            "eps": null,
            "eps_growth_year": null,
            "eps_4q": null,
            "eps_4q_growth_year": null,
            "roe": null,
            "roe_4q": 0,
            "gross_profit": null,
            "gross_margin": null,
            "gross_margin_4q_avg": 0,
            "net_income": null,
            "net_income_4q": null,
            "revenue": null,
            "revenue_4q": null,
            "common_shares": null,
            "book_valuer_per_share": null,
            "book_valuer_per_share_4q_avg": 3.3,
            "equity": null,
            "current_ratio": null,
            "debt_ratio": null,
            "inventory_turnover_ratio": null,
            "account_receivable_turnover_ratio": null,
            "reinvestment_rate": null,
            "research_to_sale_ratio": null,
            "price_fair": 0,
            "eps_avg_yearly": 0,
            "eps_latest_yearly": 0,
            "eps_growth_yearly": 0
        },
        "20124": {
            "year_quarter": 20124,
            "year": 2012,
            "quarter": 4,
            "eps": null,
            "eps_growth_year": null,
            "eps_4q": null,
            "eps_4q_growth_year": null,
            "roe": null,
            "roe_4q": 0,
            "gross_profit": null,
            "gross_margin": null,
            "gross_margin_4q_avg": 0,
            "net_income": null,
            "net_income_4q": null,
            "revenue": null,
            "revenue_4q": null,
            "common_shares": 341677,
            "book_valuer_per_share": 13.84,
            "book_valuer_per_share_4q_avg": 3.46,
            "equity": 473028,
            "current_ratio": 85.81,
            "debt_ratio": 62.94,
            "inventory_turnover_ratio": null,
            "account_receivable_turnover_ratio": null,
            "reinvestment_rate": null,
            "research_to_sale_ratio": null,
            "price_fair": 0,
            "eps_avg_yearly": 0,
            "eps_latest_yearly": 0,
            "eps_growth_yearly": 0
        },
        "20131": {
            "year_quarter": 20131,
            "year": 2013,
            "quarter": 1,
            "eps": null,
            "eps_growth_year": null,
            "eps_4q": null,
            "eps_4q_growth_year": null,
            "roe": null,
            "roe_4q": 0,
            "gross_profit": null,
            "gross_margin": null,
            "gross_margin_4q_avg": 0,
            "net_income": null,
            "net_income_4q": null,
            "revenue": null,
            "revenue_4q": null,
            "common_shares": null,
            "book_valuer_per_share": null,
            "book_valuer_per_share_4q_avg": 3.46,
            "equity": null,
            "current_ratio": null,
            "debt_ratio": null,
            "inventory_turnover_ratio": null,
            "account_receivable_turnover_ratio": null,
            "reinvestment_rate": null,
            "research_to_sale_ratio": null,
            "price_fair": 0,
            "eps_avg_yearly": 0,
            "eps_latest_yearly": 0,
            "eps_growth_yearly": 0
        },
        "20132": {
            "year_quarter": 20132,
            "year": 2013,
            "quarter": 2,
            "eps": null,
            "eps_growth_year": null,
            "eps_4q": null,
            "eps_4q_growth_year": null,
            "roe": null,
            "roe_4q": 0,
            "gross_profit": 80087,
            "gross_margin": null,
            "gross_margin_4q_avg": 0,
            "net_income": 31147,
            "net_income_4q": null,
            "revenue": 300936,
            "revenue_4q": null,
            "common_shares": 233333,
            "book_valuer_per_share": null,
            "book_valuer_per_share_4q_avg": 3.46,
            "equity": 446302,
            "current_ratio": null,
            "debt_ratio": null,
            "inventory_turnover_ratio": null,
            "account_receivable_turnover_ratio": null,
            "reinvestment_rate": null,
            "research_to_sale_ratio": null,
            "price_fair": 0,
            "eps_avg_yearly": 0,
            "eps_latest_yearly": 0,
            "eps_growth_yearly": 0
        },
        "20133": {
            "year_quarter": 20133,
            "year": 2013,
            "quarter": 3,
            "eps": null,
            "eps_growth_year": null,
            "eps_4q": null,
            "eps_4q_growth_year": null,
            "roe": null,
            "roe_4q": 0,
            "gross_profit": 90122,
            "gross_margin": null,
            "gross_margin_4q_avg": 0,
            "net_income": 39319,
            "net_income_4q": null,
            "revenue": 303661,
            "revenue_4q": null,
            "common_shares": 233333,
            "book_valuer_per_share": 20.27,
            "book_valuer_per_share_4q_avg": 8.53,
            "equity": 473003,
            "current_ratio": 98.9,
            "debt_ratio": 67.67,
            "inventory_turnover_ratio": null,
            "account_receivable_turnover_ratio": null,
            "reinvestment_rate": null,
            "research_to_sale_ratio": null,
            "price_fair": 0,
            "eps_avg_yearly": 0,
            "eps_latest_yearly": 0,
            "eps_growth_yearly": 0
        },
        "20134": {
            "year_quarter": 20134,
            "year": 2013,
            "quarter": 4,
            "eps": null,
            "eps_growth_year": null,
            "eps_4q": null,
            "eps_4q_growth_year": null,
            "roe": null,
            "roe_4q": 0,
            "gross_profit": 71427,
            "gross_margin": null,
            "gross_margin_4q_avg": 0,
            "net_income": 29329,
            "net_income_4q": null,
            "revenue": 213031,
            "revenue_4q": null,
            "common_shares": 300000,
            "book_valuer_per_share": 23.68,
            "book_valuer_per_share_4q_avg": 10.99,
            "equity": 710417,
            "current_ratio": 167.53,
            "debt_ratio": 44.11,
            "inventory_turnover_ratio": null,
            "account_receivable_turnover_ratio": null,
            "reinvestment_rate": null,
            "research_to_sale_ratio": null,
            "price_fair": 0,
            "eps_avg_yearly": 0,
            "eps_latest_yearly": 0,
            "eps_growth_yearly": 0
        },
        "20141": {
            "year_quarter": 20141,
            "year": 2014,
            "quarter": 1,
            "eps": null,
            "eps_growth_year": null,
            "eps_4q": null,
            "eps_4q_growth_year": null,
            "roe": null,
            "roe_4q": 0,
            "gross_profit": 76956,
            "gross_margin": null,
            "gross_margin_4q_avg": 0,
            "net_income": 29104,
            "net_income_4q": null,
            "revenue": 244771,
            "revenue_4q": null,
            "common_shares": 300000,
            "book_valuer_per_share": 25.46,
            "book_valuer_per_share_4q_avg": 17.35,
            "equity": 763759,
            "current_ratio": 152.05,
            "debt_ratio": 43.94,
            "inventory_turnover_ratio": null,
            "account_receivable_turnover_ratio": null,
            "reinvestment_rate": null,
            "research_to_sale_ratio": null,
            "price_fair": 0,
            "eps_avg_yearly": 0,
            "eps_latest_yearly": 0,
            "eps_growth_yearly": 0
        },
        "20142": {
            "year_quarter": 20142,
            "year": 2014,
            "quarter": 2,
            "eps": 1.18,
            "eps_growth_year": null,
            "eps_4q": 1.18,
            "eps_4q_growth_year": null,
            "roe": 4.75,
            "roe_4q": 4.75,
            "gross_profit": 94052,
            "gross_margin": 33.85,
            "gross_margin_4q_avg": 8.46,
            "net_income": 35409,
            "net_income_4q": null,
            "revenue": 277842,
            "revenue_4q": null,
            "common_shares": 300000,
            "book_valuer_per_share": 24.2,
            "book_valuer_per_share_4q_avg": 23.4,
            "equity": 726072,
            "current_ratio": 133.23,
            "debt_ratio": 46.33,
            "inventory_turnover_ratio": 1.11,
            "account_receivable_turnover_ratio": 2.21,
            "reinvestment_rate": null,
            "research_to_sale_ratio": 1.19,
            "price_fair": 0,
            "eps_avg_yearly": 0,
            "eps_latest_yearly": 0,
            "eps_growth_yearly": 0
        },
        "20143": {
            "year_quarter": 20143,
            "year": 2014,
            "quarter": 3,
            "eps": 1.21,
            "eps_growth_year": null,
            "eps_4q": 2.39,
            "eps_4q_growth_year": null,
            "roe": 4.81,
            "roe_4q": 9.559999999999999,
            "gross_profit": 92324,
            "gross_margin": 32.56,
            "gross_margin_4q_avg": 16.6,
            "net_income": 36189,
            "net_income_4q": null,
            "revenue": 283570,
            "revenue_4q": null,
            "common_shares": 300000,
            "book_valuer_per_share": 25.91,
            "book_valuer_per_share_4q_avg": 24.81,
            "equity": 777446,
            "current_ratio": 136.89,
            "debt_ratio": 44.16,
            "inventory_turnover_ratio": 1.14,
            "account_receivable_turnover_ratio": 1.11,
            "reinvestment_rate": null,
            "research_to_sale_ratio": 1.3,
            "price_fair": 97.62,
            "eps_avg_yearly": 4.84,
            "eps_latest_yearly": 4.84,
            "eps_growth_yearly": 10.17
        },
        "20144": {
            "year_quarter": 20144,
            "year": 2014,
            "quarter": 4,
            "eps": 1.07,
            "eps_growth_year": null,
            "eps_4q": 3.19,
            "eps_4q_growth_year": null,
            "roe": 4.04,
            "roe_4q": 13.6,
            "gross_profit": 80353,
            "gross_margin": 29.94,
            "gross_margin_4q_avg": 24.09,
            "net_income": 36166,
            "net_income_4q": null,
            "revenue": 268367,
            "revenue_4q": null,
            "common_shares": 337500,
            "book_valuer_per_share": 29.99,
            "book_valuer_per_share_4q_avg": 26.39,
            "equity": 1012275,
            "current_ratio": 206.52,
            "debt_ratio": 33.6,
            "inventory_turnover_ratio": 1.11,
            "account_receivable_turnover_ratio": 1.08,
            "reinvestment_rate": null,
            "research_to_sale_ratio": 0.66,
            "price_fair": 13.68,
            "eps_avg_yearly": 4.56,
            "eps_latest_yearly": 4.28,
            "eps_growth_yearly": -18.06
        },
        "20151": {
            "year_quarter": 20151,
            "year": 2015,
            "quarter": 1,
            "eps": 0.94,
            "eps_growth_year": null,
            "eps_4q": 4.13,
            "eps_4q_growth_year": null,
            "roe": 3.05,
            "roe_4q": 16.65,
            "gross_profit": 86956,
            "gross_margin": 30.16,
            "gross_margin_4q_avg": 31.63,
            "net_income": 31391,
            "net_income_4q": null,
            "revenue": 288327,
            "revenue_4q": null,
            "common_shares": 337500,
            "book_valuer_per_share": 30.9,
            "book_valuer_per_share_4q_avg": 27.75,
            "equity": 1044380,
            "current_ratio": 202.2,
            "debt_ratio": 33.53,
            "inventory_turnover_ratio": 1.16,
            "account_receivable_turnover_ratio": 1.14,
            "reinvestment_rate": null,
            "research_to_sale_ratio": 1.15,
            "price_fair": 12.88,
            "eps_avg_yearly": 4.29,
            "eps_latest_yearly": 3.76,
            "eps_growth_yearly": -28.24
        },
        "20152": {
            "year_quarter": 20152,
            "year": 2015,
            "quarter": 2,
            "eps": 1.41,
            "eps_growth_year": 19.49,
            "eps_4q": 4.49,
            "eps_4q_growth_year": 280.78,
            "roe": 4.74,
            "roe_4q": 16.64,
            "gross_profit": 99076,
            "gross_margin": 33.96,
            "gross_margin_4q_avg": 31.66,
            "net_income": 47471,
            "net_income_4q": null,
            "revenue": 291729,
            "revenue_4q": null,
            "common_shares": 337500,
            "book_valuer_per_share": 28.42,
            "book_valuer_per_share_4q_avg": 28.81,
            "equity": 960161,
            "current_ratio": 161.71,
            "debt_ratio": 37.77,
            "inventory_turnover_ratio": 1.08,
            "account_receivable_turnover_ratio": 1.1,
            "reinvestment_rate": null,
            "research_to_sale_ratio": 1.13,
            "price_fair": 162.05,
            "eps_avg_yearly": 4.63,
            "eps_latest_yearly": 5.64,
            "eps_growth_yearly": 28.82
        },
        "20153": {
            "year_quarter": 20153,
            "year": 2015,
            "quarter": 3,
            "eps": 1.89,
            "eps_growth_year": 56.2,
            "eps_4q": 5.31,
            "eps_4q_growth_year": 122.47,
            "roe": 6.43,
            "roe_4q": 18.259999999999998,
            "gross_profit": 107414,
            "gross_margin": 35.01,
            "gross_margin_4q_avg": 32.27,
            "net_income": 63484,
            "net_income_4q": null,
            "revenue": 306804,
            "revenue_4q": null,
            "common_shares": 337500,
            "book_valuer_per_share": 30.01,
            "book_valuer_per_share_4q_avg": 29.83,
            "equity": 1013790,
            "current_ratio": 194.61,
            "debt_ratio": 31.2,
            "inventory_turnover_ratio": 1.13,
            "account_receivable_turnover_ratio": 1.14,
            "reinvestment_rate": null,
            "research_to_sale_ratio": 1.49,
            "price_fair": 182.56,
            "eps_avg_yearly": 5.22,
            "eps_latest_yearly": 7.56,
            "eps_growth_yearly": 50.29
        },
        "20154": {
            "year_quarter": 20154,
            "year": 2015,
            "quarter": 4,
            "eps": 0.83,
            "eps_growth_year": -22.16,
            "eps_4q": 4.59,
            "eps_4q_growth_year": 43.76,
            "roe": 2.75,
            "roe_4q": 16.97,
            "gross_profit": 98668,
            "gross_margin": 31.09,
            "gross_margin_4q_avg": 32.56,
            "net_income": 31557,
            "net_income_4q": null,
            "revenue": 317364,
            "revenue_4q": null,
            "common_shares": 380771,
            "book_valuer_per_share": 33.68,
            "book_valuer_per_share_4q_avg": 30.75,
            "equity": 1283137,
            "current_ratio": 316.29,
            "debt_ratio": 22.28,
            "inventory_turnover_ratio": 1.25,
            "account_receivable_turnover_ratio": 1.11,
            "reinvestment_rate": null,
            "research_to_sale_ratio": 1.15,
            "price_fair": 71.15,
            "eps_avg_yearly": 4.9,
            "eps_latest_yearly": 3.32,
            "eps_growth_yearly": 4.52
        },
        "20161": {
            "year_quarter": 20161,
            "year": 2016,
            "quarter": 1,
            "eps": 1.02,
            "eps_growth_year": 8.51,
            "eps_4q": 4.75,
            "eps_4q_growth_year": 15.05,
            "roe": 2.94,
            "roe_4q": 16.86,
            "gross_profit": 88309,
            "gross_margin": 30.66,
            "gross_margin_4q_avg": 32.68,
            "net_income": 38568,
            "net_income_4q": null,
            "revenue": 288073,
            "revenue_4q": null,
            "common_shares": 382995,
            "book_valuer_per_share": 35,
            "book_valuer_per_share_4q_avg": 31.78,
            "equity": 1340973,
            "current_ratio": 361.88,
            "debt_ratio": 19.73,
            "inventory_turnover_ratio": 1.14,
            "account_receivable_turnover_ratio": 1.02,
            "reinvestment_rate": null,
            "research_to_sale_ratio": 1.23,
            "price_fair": 128.92,
            "eps_avg_yearly": 4.78,
            "eps_latest_yearly": 4.08,
            "eps_growth_yearly": 16.96
        },
        "20162": {
            "year_quarter": 20162,
            "year": 2016,
            "quarter": 2,
            "eps": 1.09,
            "eps_growth_year": -22.7,
            "eps_4q": 4.58,
            "eps_4q_growth_year": 2.02,
            "roe": 3.17,
            "roe_4q": 15.29,
            "gross_profit": 89936,
            "gross_margin": 30.93,
            "gross_margin_4q_avg": 31.92,
            "net_income": 41528,
            "net_income_4q": null,
            "revenue": 290773,
            "revenue_4q": null,
            "common_shares": 383929,
            "book_valuer_per_share": 33.24,
            "book_valuer_per_share_4q_avg": 32.98,
            "equity": 1276538,
            "current_ratio": 256.9,
            "debt_ratio": 24.97,
            "inventory_turnover_ratio": 1.21,
            "account_receivable_turnover_ratio": 1.09,
            "reinvestment_rate": null,
            "research_to_sale_ratio": 1.37,
            "price_fair": 133.7,
            "eps_avg_yearly": 4.73,
            "eps_latest_yearly": 4.36,
            "eps_growth_yearly": 18.27
        },
        "20163": {
            "year_quarter": 20163,
            "year": 2016,
            "quarter": 3,
            "eps": 0.91,
            "eps_growth_year": -51.85,
            "eps_4q": 3.82,
            "eps_4q_growth_year": -28.09,
            "roe": 2.69,
            "roe_4q": 11.549999999999999,
            "gross_profit": 103948,
            "gross_margin": 32.85,
            "gross_margin_4q_avg": 31.38,
            "net_income": 34611,
            "net_income_4q": null,
            "revenue": 316447,
            "revenue_4q": null,
            "common_shares": 385393,
            "book_valuer_per_share": 33.73,
            "book_valuer_per_share_4q_avg": 33.91,
            "equity": 1300106,
            "current_ratio": 268.45,
            "debt_ratio": 21.89,
            "inventory_turnover_ratio": 1.36,
            "account_receivable_turnover_ratio": 1.17,
            "reinvestment_rate": null,
            "research_to_sale_ratio": 1.2,
            "price_fair": 87.1,
            "eps_avg_yearly": 4.61,
            "eps_latest_yearly": 3.64,
            "eps_growth_yearly": 8.9
        },
        "20164": {
            "year_quarter": 20164,
            "year": 2016,
            "quarter": 4,
            "eps": 1.19,
            "eps_growth_year": 42.34,
            "eps_4q": 4.18,
            "eps_4q_growth_year": -8.92,
            "roe": 3.47,
            "roe_4q": 12.27,
            "gross_profit": 97566,
            "gross_margin": 33.92,
            "gross_margin_4q_avg": 32.09,
            "net_income": 45811,
            "net_income_4q": null,
            "revenue": 287639,
            "revenue_4q": null,
            "common_shares": 385393,
            "book_valuer_per_share": 34.74,
            "book_valuer_per_share_4q_avg": 34.18,
            "equity": 1338811,
            "current_ratio": 231.74,
            "debt_ratio": 30.56,
            "inventory_turnover_ratio": 1.25,
            "account_receivable_turnover_ratio": 1.06,
            "reinvestment_rate": null,
            "research_to_sale_ratio": 1.42,
            "price_fair": 140.18,
            "eps_avg_yearly": 4.62,
            "eps_latest_yearly": 4.76,
            "eps_growth_yearly": 20.32
        },
        "20171": {
            "year_quarter": 20171,
            "year": 2017,
            "quarter": 1,
            "eps": 1,
            "eps_growth_year": -1.96,
            "eps_4q": 4.17,
            "eps_4q_growth_year": -12.34,
            "roe": 2.85,
            "roe_4q": 12.18,
            "gross_profit": 104686,
            "gross_margin": 36.17,
            "gross_margin_4q_avg": 33.47,
            "net_income": 38403,
            "net_income_4q": null,
            "revenue": 289434,
            "revenue_4q": null,
            "common_shares": 386107,
            "book_valuer_per_share": 35.03,
            "book_valuer_per_share_4q_avg": 34.19,
            "equity": 1352688,
            "current_ratio": 226.8,
            "debt_ratio": 30.43,
            "inventory_turnover_ratio": 1.2,
            "account_receivable_turnover_ratio": 1.12,
            "reinvestment_rate": 177.44,
            "research_to_sale_ratio": 1.51,
            "price_fair": 103.51,
            "eps_avg_yearly": 4.57,
            "eps_latest_yearly": 4,
            "eps_growth_yearly": 12.66
        },
        "20172": {
            "year_quarter": 20172,
            "year": 2017,
            "quarter": 2,
            "eps": 1.84,
            "eps_growth_year": 68.81,
            "eps_4q": 4.92,
            "eps_4q_growth_year": 7.31,
            "roe": 5.25,
            "roe_4q": 14.26,
            "gross_profit": 106686,
            "gross_margin": 33.47,
            "gross_margin_4q_avg": 34.1,
            "net_income": 70905,
            "net_income_4q": null,
            "revenue": 318789,
            "revenue_4q": null,
            "common_shares": 386125,
            "book_valuer_per_share": 34.9,
            "book_valuer_per_share_4q_avg": 34.6,
            "equity": 1347562,
            "current_ratio": 196.21,
            "debt_ratio": 34.1,
            "inventory_turnover_ratio": 1.32,
            "account_receivable_turnover_ratio": 1.17,
            "reinvestment_rate": 54.66,
            "research_to_sale_ratio": 1.2,
            "price_fair": 168,
            "eps_avg_yearly": 4.8,
            "eps_latest_yearly": 7.36,
            "eps_growth_yearly": 39.61
        },
        "20173": {
            "year_quarter": 20173,
            "year": 2017,
            "quarter": 3,
            "eps": 1.43,
            "eps_growth_year": 57.14,
            "eps_4q": 5.42,
            "eps_4q_growth_year": 42.06,
            "roe": 3.99,
            "roe_4q": 15.56,
            "gross_profit": 127744,
            "gross_margin": 37.96,
            "gross_margin_4q_avg": 35.38,
            "net_income": 55464,
            "net_income_4q": null,
            "revenue": 336515,
            "revenue_4q": null,
            "common_shares": 388355,
            "book_valuer_per_share": 36.94,
            "book_valuer_per_share_4q_avg": 35.4,
            "equity": 1434626,
            "current_ratio": 234.29,
            "debt_ratio": 30.22,
            "inventory_turnover_ratio": 1.2,
            "account_receivable_turnover_ratio": 1.14,
            "reinvestment_rate": 61.01,
            "research_to_sale_ratio": 1.22,
            "price_fair": 170.48,
            "eps_avg_yearly": 4.87,
            "eps_latest_yearly": 5.72,
            "eps_growth_yearly": 29.71
        },
        "20174": {
            "year_quarter": 20174,
            "year": 2017,
            "quarter": 4,
            "eps": 1.02,
            "eps_growth_year": -14.06,
            "eps_4q": 5.26,
            "eps_4q_growth_year": 25.8,
            "roe": 2.72,
            "roe_4q": 14.81,
            "gross_profit": 114420,
            "gross_margin": 34.77,
            "gross_margin_4q_avg": 35.59,
            "net_income": 39675,
            "net_income_4q": null,
            "revenue": 329089,
            "revenue_4q": null,
            "common_shares": 388913,
            "book_valuer_per_share": 38.13,
            "book_valuer_per_share_4q_avg": 36.25,
            "equity": 1483019,
            "current_ratio": 230.78,
            "debt_ratio": 29.03,
            "inventory_turnover_ratio": 1.12,
            "account_receivable_turnover_ratio": 1.15,
            "reinvestment_rate": 65.62,
            "research_to_sale_ratio": 1.33,
            "price_fair": 141.5,
            "eps_avg_yearly": 4.81,
            "eps_latest_yearly": 4.08,
            "eps_growth_yearly": 19.39
        },
        "20181": {
            "year_quarter": 20181,
            "year": 2018,
            "quarter": 1,
            "eps": 0.93,
            "eps_growth_year": -7,
            "eps_4q": 5.15,
            "eps_4q_growth_year": 23.62,
            "roe": 2.36,
            "roe_4q": 14.32,
            "gross_profit": 105975,
            "gross_margin": 36.74,
            "gross_margin_4q_avg": 35.74,
            "net_income": 36023,
            "net_income_4q": null,
            "revenue": 288412,
            "revenue_4q": null,
            "common_shares": 392500,
            "book_valuer_per_share": 40.13,
            "book_valuer_per_share_4q_avg": 37.53,
            "equity": 1575041,
            "current_ratio": 265.79,
            "debt_ratio": 26.01,
            "inventory_turnover_ratio": 0.89,
            "account_receivable_turnover_ratio": 1.1,
            "reinvestment_rate": 58.86,
            "research_to_sale_ratio": 1.56,
            "price_fair": 122.07,
            "eps_avg_yearly": 4.74,
            "eps_latest_yearly": 3.72,
            "eps_growth_yearly": 15.75
        },
        "20182": {
            "year_quarter": 20182,
            "year": 2018,
            "quarter": 2,
            "eps": 1.28,
            "eps_growth_year": -30.43,
            "eps_4q": 4.62,
            "eps_4q_growth_year": -6.05,
            "roe": 3.3,
            "roe_4q": 12.370000000000001,
            "gross_profit": 97392,
            "gross_margin": 34.36,
            "gross_margin_4q_avg": 35.96,
            "net_income": 50304,
            "net_income_4q": null,
            "revenue": 283482,
            "revenue_4q": null,
            "common_shares": 392631,
            "book_valuer_per_share": 37.61,
            "book_valuer_per_share_4q_avg": 38.2,
            "equity": 1476718,
            "current_ratio": 142.06,
            "debt_ratio": 34.37,
            "inventory_turnover_ratio": 0.86,
            "account_receivable_turnover_ratio": 1.1,
            "reinvestment_rate": 83.94,
            "research_to_sale_ratio": 1.71,
            "price_fair": 162.82,
            "eps_avg_yearly": 4.77,
            "eps_latest_yearly": 5.12,
            "eps_growth_yearly": 24.17
        },
        "20183": {
            "year_quarter": 20183,
            "year": 2018,
            "quarter": 3,
            "eps": 1,
            "eps_growth_year": -30.07,
            "eps_4q": 4.2,
            "eps_4q_growth_year": -22.64,
            "roe": 2.59,
            "roe_4q": 10.97,
            "gross_profit": 107717,
            "gross_margin": 31.93,
            "gross_margin_4q_avg": 34.45,
            "net_income": 39445,
            "net_income_4q": null,
            "revenue": 337351,
            "revenue_4q": null,
            "common_shares": 394313,
            "book_valuer_per_share": 39.72,
            "book_valuer_per_share_4q_avg": 38.9,
            "equity": 1566106,
            "current_ratio": 155.47,
            "debt_ratio": 30.42,
            "inventory_turnover_ratio": 1.02,
            "account_receivable_turnover_ratio": 1.23,
            "reinvestment_rate": 83.14,
            "research_to_sale_ratio": 1.4,
            "price_fair": 132.26,
            "eps_avg_yearly": 4.71,
            "eps_latest_yearly": 4,
            "eps_growth_yearly": 18.07
        },
        "20184": {
            "year_quarter": 20184,
            "year": 2018,
            "quarter": 4,
            "eps": 0.53,
            "eps_growth_year": -48.46,
            "eps_4q": 3.71,
            "eps_4q_growth_year": -29.41,
            "roe": 1.3,
            "roe_4q": 9.549999999999999,
            "gross_profit": 101339,
            "gross_margin": 32.87,
            "gross_margin_4q_avg": 33.98,
            "net_income": 20697,
            "net_income_4q": null,
            "revenue": 308330,
            "revenue_4q": null,
            "common_shares": 394646,
            "book_valuer_per_share": 40.44,
            "book_valuer_per_share_4q_avg": 39.48,
            "equity": 1616791,
            "current_ratio": 135.92,
            "debt_ratio": 35.64,
            "inventory_turnover_ratio": 0.82,
            "account_receivable_turnover_ratio": 1.04,
            "reinvestment_rate": 87.4,
            "research_to_sale_ratio": 1.63,
            "price_fair": 87.93,
            "eps_avg_yearly": 4.58,
            "eps_latest_yearly": 2.12,
            "eps_growth_yearly": 9.21
        },
        "20191": {
            "year_quarter": 20191,
            "year": 2019,
            "quarter": 1,
            "eps": 0.93,
            "eps_growth_year": 0,
            "eps_4q": 3.73,
            "eps_4q_growth_year": -27.47,
            "roe": 2.27,
            "roe_4q": 9.46,
            "gross_profit": 124428,
            "gross_margin": 35.25,
            "gross_margin_4q_avg": 33.6,
            "net_income": 37607,
            "net_income_4q": null,
            "revenue": 352955,
            "revenue_4q": null,
            "common_shares": 394646,
            "book_valuer_per_share": 42.28,
            "book_valuer_per_share_4q_avg": 40.01,
            "equity": 1689786,
            "current_ratio": 139.01,
            "debt_ratio": 36.5,
            "inventory_turnover_ratio": 0.81,
            "account_receivable_turnover_ratio": 1.08,
            "reinvestment_rate": 95.19,
            "research_to_sale_ratio": 1.44,
            "price_fair": 160.13,
            "eps_avg_yearly": 4.58,
            "eps_latest_yearly": 3.72,
            "eps_growth_yearly": 31.11
        },
        "20192": {
            "year_quarter": 20192,
            "year": 2019,
            "quarter": 2,
            "eps": 0.7,
            "eps_growth_year": -45.31,
            "eps_4q": 3.15,
            "eps_4q_growth_year": -31.76,
            "roe": 1.56,
            "roe_4q": 7.72,
            "gross_profit": 106210,
            "gross_margin": 29.82,
            "gross_margin_4q_avg": 32.47,
            "net_income": 26337,
            "net_income_4q": null,
            "revenue": 356178,
            "revenue_4q": null,
            "common_shares": 394646,
            "book_valuer_per_share": 42.12,
            "book_valuer_per_share_4q_avg": 41.14,
            "equity": 1683077,
            "current_ratio": 114.8,
            "debt_ratio": 43.75,
            "inventory_turnover_ratio": 0.85,
            "account_receivable_turnover_ratio": 0.97,
            "reinvestment_rate": 108.81,
            "research_to_sale_ratio": 1.53,
            "price_fair": 98.64,
            "eps_avg_yearly": 4.4,
            "eps_latest_yearly": 2.8,
            "eps_growth_yearly": 12.43
        },
        "20193": {
            "year_quarter": 20193,
            "year": 2019,
            "quarter": 3,
            "eps": 0.65,
            "eps_growth_year": -35,
            "eps_4q": 2.81,
            "eps_4q_growth_year": -33.14,
            "roe": 1.46,
            "roe_4q": 6.59,
            "gross_profit": 105428,
            "gross_margin": 28.33,
            "gross_margin_4q_avg": 31.57,
            "net_income": 24859,
            "net_income_4q": null,
            "revenue": 372206,
            "revenue_4q": null,
            "common_shares": 394646,
            "book_valuer_per_share": 43,
            "book_valuer_per_share_4q_avg": 41.96,
            "equity": 1716263,
            "current_ratio": 115.47,
            "debt_ratio": 41.42,
            "inventory_turnover_ratio": 0.9,
            "account_receivable_turnover_ratio": 0.92,
            "reinvestment_rate": 117.3,
            "research_to_sale_ratio": 1.38,
            "price_fair": 49.6,
            "eps_avg_yearly": 4.09,
            "eps_latest_yearly": 2.6,
            "eps_growth_yearly": 2.13
        },
        "20194": {
            "year_quarter": 20194,
            "year": 2019,
            "quarter": 4,
            "eps": 0.03,
            "eps_growth_year": -93.73,
            "eps_4q": 2.09,
            "eps_4q_growth_year": -43.62,
            "roe": 0.1,
            "roe_4q": 5.390000000000001,
            "gross_profit": 110062,
            "gross_margin": 30.9,
            "gross_margin_4q_avg": 31.08,
            "net_income": 1875,
            "net_income_4q": null,
            "revenue": 356242,
            "revenue_4q": null,
            "common_shares": 436646,
            "book_valuer_per_share": 43.02,
            "book_valuer_per_share_4q_avg": 42.61,
            "equity": 1897913,
            "current_ratio": 144.98,
            "debt_ratio": 42.83,
            "inventory_turnover_ratio": 0.88,
            "account_receivable_turnover_ratio": 1,
            "reinvestment_rate": 120.72,
            "research_to_sale_ratio": 1.41,
            "price_fair": 11.66,
            "eps_avg_yearly": 3.89,
            "eps_latest_yearly": 0.12,
            "eps_growth_yearly": -7.69
        },
        "20201": {
            "year_quarter": 20201,
            "year": 2020,
            "quarter": 1,
            "eps": 1.29,
            "eps_growth_year": 38.71,
            "eps_4q": 2.54,
            "eps_4q_growth_year": -32.03,
            "roe": 3.17,
            "roe_4q": 6.290000000000001,
            "gross_profit": 106050,
            "gross_margin": 31.22,
            "gross_margin_4q_avg": 30.07,
            "net_income": 58747,
            "net_income_4q": null,
            "revenue": 339735,
            "revenue_4q": null,
            "common_shares": 436646,
            "book_valuer_per_share": 40.75,
            "book_valuer_per_share_4q_avg": 42.22,
            "equity": 1803879,
            "current_ratio": 140.58,
            "debt_ratio": 40.86,
            "inventory_turnover_ratio": 0.91,
            "account_receivable_turnover_ratio": 1.14,
            "reinvestment_rate": 108.87,
            "research_to_sale_ratio": 1.47,
            "price_fair": 138.43,
            "eps_avg_yearly": 3.96,
            "eps_latest_yearly": 5.16,
            "eps_growth_yearly": 1036.59
        },
        "20202": {
            "year_quarter": 20202,
            "year": 2020,
            "quarter": 2,
            "eps": 0.49,
            "eps_growth_year": -30,
            "eps_4q": 2.41,
            "eps_4q_growth_year": -23.75,
            "roe": 1.26,
            "roe_4q": 5.989999999999999,
            "gross_profit": 105975,
            "gross_margin": 32.88,
            "gross_margin_4q_avg": 30.83,
            "net_income": 22793,
            "net_income_4q": null,
            "revenue": 322312,
            "revenue_4q": null,
            "common_shares": 436646,
            "book_valuer_per_share": 41.12,
            "book_valuer_per_share_4q_avg": 41.97,
            "equity": 1819692,
            "current_ratio": 121.82,
            "debt_ratio": 40.6,
            "inventory_turnover_ratio": 0.84,
            "account_receivable_turnover_ratio": 0.97,
            "reinvestment_rate": 125.98,
            "research_to_sale_ratio": 1.57,
            "price_fair": 133.18,
            "eps_avg_yearly": 3.81,
            "eps_latest_yearly": 1.96,
            "eps_growth_yearly": 1019.37
        },
        "20203": {
            "year_quarter": 20203,
            "year": 2020,
            "quarter": 3,
            "eps": 0.32,
            "eps_growth_year": -50.77,
            "eps_4q": 2.14,
            "eps_4q_growth_year": -23.77,
            "roe": 0.65,
            "roe_4q": 5.18,
            "gross_profit": 74128,
            "gross_margin": 28.21,
            "gross_margin_4q_avg": 30.8,
            "net_income": 11721,
            "net_income_4q": null,
            "revenue": 262771,
            "revenue_4q": null,
            "common_shares": 436646,
            "book_valuer_per_share": 39.98,
            "book_valuer_per_share_4q_avg": 41.22,
            "equity": 1768333,
            "current_ratio": 143.96,
            "debt_ratio": 41.57,
            "inventory_turnover_ratio": 0.68,
            "account_receivable_turnover_ratio": 0.86,
            "reinvestment_rate": 117.48,
            "research_to_sale_ratio": 1.82,
            "price_fair": 128.01,
            "eps_avg_yearly": 3.66,
            "eps_latest_yearly": 1.28,
            "eps_growth_yearly": 1014.82
        },
        "20204": {
            "year_quarter": 20204,
            "year": 2020,
            "quarter": 4,
            "eps": 0.55,
            "eps_growth_year": 1562.6,
            "eps_4q": 2.65,
            "eps_4q_growth_year": 26.77,
            "roe": 1.33,
            "roe_4q": 6.41,
            "gross_profit": 111875,
            "gross_margin": 33.43,
            "gross_margin_4q_avg": 31.44,
            "net_income": 24023,
            "net_income_4q": null,
            "revenue": 334624,
            "revenue_4q": null,
            "common_shares": 436646,
            "book_valuer_per_share": 41.61,
            "book_valuer_per_share_4q_avg": 40.87,
            "equity": 1847615,
            "current_ratio": 143.49,
            "debt_ratio": 43.06,
            "inventory_turnover_ratio": 0.77,
            "account_receivable_turnover_ratio": 0.93,
            "reinvestment_rate": 93.77,
            "research_to_sale_ratio": 1.49,
            "price_fair": 122.41,
            "eps_avg_yearly": 3.5,
            "eps_latest_yearly": 2.2,
            "eps_growth_yearly": 1025.1
        },
        "20211": {
            "year_quarter": 20211,
            "year": 2021,
            "quarter": 1,
            "eps": 1.25,
            "eps_growth_year": -3.1,
            "eps_4q": 2.61,
            "eps_4q_growth_year": 2.94,
            "roe": 2.92,
            "roe_4q": 6.16,
            "gross_profit": 131320,
            "gross_margin": 36.17,
            "gross_margin_4q_avg": 32.67,
            "net_income": 53654,
            "net_income_4q": null,
            "revenue": 363087,
            "revenue_4q": null,
            "common_shares": 436646,
            "book_valuer_per_share": 41.15,
            "book_valuer_per_share_4q_avg": 40.97,
            "equity": 1824914,
            "current_ratio": 144.77,
            "debt_ratio": 42.72,
            "inventory_turnover_ratio": 0.81,
            "account_receivable_turnover_ratio": 0.73,
            "reinvestment_rate": 76.72,
            "research_to_sale_ratio": 1.41,
            "price_fair": 124.6,
            "eps_avg_yearly": 3.56,
            "eps_latest_yearly": 5,
            "eps_growth_yearly": 1060.91
        },
        "20212": {
            "year_quarter": 20212,
            "year": 2021,
            "quarter": 2,
            "eps": 0.79,
            "eps_growth_year": 61.22,
            "eps_4q": 2.9,
            "eps_4q_growth_year": 20.7,
            "roe": 1.89,
            "roe_4q": 6.79,
            "gross_profit": 104181,
            "gross_margin": 32.2,
            "gross_margin_4q_avg": 32.5,
            "net_income": 33197,
            "net_income_4q": null,
            "revenue": 323582,
            "revenue_4q": null,
            "common_shares": 436646,
            "book_valuer_per_share": 37.98,
            "book_valuer_per_share_4q_avg": 40.18,
            "equity": 1685408,
            "current_ratio": 133.42,
            "debt_ratio": 45.04,
            "inventory_turnover_ratio": 0.73,
            "account_receivable_turnover_ratio": 0.69,
            "reinvestment_rate": 66.88,
            "research_to_sale_ratio": 1.52,
            "price_fair": 115.41,
            "eps_avg_yearly": 3.3,
            "eps_latest_yearly": 3.16,
            "eps_growth_yearly": 1030.71
        },
        "20213": {
            "year_quarter": 20213,
            "year": 2021,
            "quarter": 3,
            "eps": 0.83,
            "eps_growth_year": 159.38,
            "eps_4q": 3.41,
            "eps_4q_growth_year": 59.36,
            "roe": 2.01,
            "roe_4q": 8.149999999999999,
            "gross_profit": 96483,
            "gross_margin": 30.08,
            "gross_margin_4q_avg": 32.97,
            "net_income": 33228,
            "net_income_4q": null,
            "revenue": 320796,
            "revenue_4q": null,
            "common_shares": 436646,
            "book_valuer_per_share": 36.64,
            "book_valuer_per_share_4q_avg": 39.35,
            "equity": 1623641,
            "current_ratio": 128.44,
            "debt_ratio": 45.1,
            "inventory_turnover_ratio": 0.72,
            "account_receivable_turnover_ratio": 0.76,
            "reinvestment_rate": 55.46,
            "research_to_sale_ratio": 1.54,
            "price_fair": 110.16,
            "eps_avg_yearly": 3.15,
            "eps_latest_yearly": 3.32,
            "eps_growth_yearly": 1037.54
        },
        "20214": {
            "year_quarter": 20214,
            "year": 2021,
            "quarter": 4,
            "eps": 0.14,
            "eps_growth_year": -74.75,
            "eps_4q": 3,
            "eps_4q_growth_year": 13,
            "roe": 0.28,
            "roe_4q": 7.1,
            "gross_profit": 115628,
            "gross_margin": 33.66,
            "gross_margin_4q_avg": 33.03,
            "net_income": 4657,
            "net_income_4q": null,
            "revenue": 343517,
            "revenue_4q": null,
            "common_shares": 436646,
            "book_valuer_per_share": 37.45,
            "book_valuer_per_share_4q_avg": 38.31,
            "equity": 1656722,
            "current_ratio": 106.42,
            "debt_ratio": 43.43,
            "inventory_turnover_ratio": 0.77,
            "account_receivable_turnover_ratio": 0.73,
            "reinvestment_rate": 60,
            "research_to_sale_ratio": 1.55,
            "price_fair": 102.46,
            "eps_avg_yearly": 2.93,
            "eps_latest_yearly": 0.56,
            "eps_growth_yearly": 1023.93
        },
        "20221": {
            "year_quarter": 20221,
            "year": 2022,
            "quarter": 1,
            "eps": 1.12,
            "eps_growth_year": -10.4,
            "eps_4q": 2.87,
            "eps_4q_growth_year": 9.92,
            "roe": 2.86,
            "roe_4q": 7.039999999999999,
            "gross_profit": 139901,
            "gross_margin": 35.75,
            "gross_margin_4q_avg": 32.92,
            "net_income": 48830,
            "net_income_4q": null,
            "revenue": 391375,
            "revenue_4q": null,
            "common_shares": 436646,
            "book_valuer_per_share": 39.72,
            "book_valuer_per_share_4q_avg": 37.95,
            "equity": 1756072,
            "current_ratio": 109.06,
            "debt_ratio": 43.42,
            "inventory_turnover_ratio": 0.81,
            "account_receivable_turnover_ratio": 0.71,
            "reinvestment_rate": 64.88,
            "research_to_sale_ratio": 1.42,
            "price_fair": 104.13,
            "eps_avg_yearly": 2.98,
            "eps_latest_yearly": 4.48,
            "eps_growth_yearly": 1201.14
        },
        "20222": {
            "year_quarter": 20222,
            "year": 2022,
            "quarter": 2,
            "eps": 1.21,
            "eps_growth_year": 53.16,
            "eps_4q": 3.29,
            "eps_4q_growth_year": 13.47,
            "roe": 3.13,
            "roe_4q": 8.280000000000001,
            "gross_profit": 129737,
            "gross_margin": 33.16,
            "gross_margin_4q_avg": 33.16,
            "net_income": 53574,
            "net_income_4q": null,
            "revenue": 391237,
            "revenue_4q": null,
            "common_shares": 436646,
            "book_valuer_per_share": 37.62,
            "book_valuer_per_share_4q_avg": 37.86,
            "equity": 1664582,
            "current_ratio": 100.28,
            "debt_ratio": 49.64,
            "inventory_turnover_ratio": 0.71,
            "account_receivable_turnover_ratio": 0.7,
            "reinvestment_rate": 20.51,
            "research_to_sale_ratio": 1.39,
            "price_fair": 103.51,
            "eps_avg_yearly": 2.96,
            "eps_latest_yearly": 4.84,
            "eps_growth_yearly": 1193.74
        },
        "20223": {
            "year_quarter": 20223,
            "year": 2022,
            "quarter": 3,
            "eps": 1.69,
            "eps_growth_year": 103.61,
            "eps_4q": 3.99,
            "eps_4q_growth_year": 17.03,
            "roe": 4.22,
            "roe_4q": 10.489999999999998,
            "gross_profit": 166619,
            "gross_margin": 34.17,
            "gross_margin_4q_avg": 34.19,
            "net_income": 73795,
            "net_income_4q": null,
            "revenue": 487632,
            "revenue_4q": null,
            "common_shares": 459204,
            "book_valuer_per_share": 39.44,
            "book_valuer_per_share_4q_avg": 38.56,
            "equity": 1831745,
            "current_ratio": 113.16,
            "debt_ratio": 47.41,
            "inventory_turnover_ratio": 0.78,
            "account_receivable_turnover_ratio": 0.81,
            "reinvestment_rate": 36.38,
            "research_to_sale_ratio": 1.03,
            "price_fair": 109.55,
            "eps_avg_yearly": 3.13,
            "eps_latest_yearly": 6.76,
            "eps_growth_yearly": 1209.12
        },
        "20224": {
            "year_quarter": 20224,
            "year": 2022,
            "quarter": 4,
            "eps": 1.39,
            "eps_growth_year": 903.19,
            "eps_4q": 5.08,
            "eps_4q_growth_year": 69.51,
            "roe": 3.42,
            "roe_4q": 13.629999999999999,
            "gross_profit": 211745,
            "gross_margin": 40.8,
            "gross_margin_4q_avg": 35.97,
            "net_income": 66981,
            "net_income_4q": null,
            "revenue": 518949,
            "revenue_4q": null,
            "common_shares": 479289,
            "book_valuer_per_share": 43.02,
            "book_valuer_per_share_4q_avg": 39.95,
            "equity": 2084069,
            "current_ratio": 122.59,
            "debt_ratio": 44.03,
            "inventory_turnover_ratio": 0.77,
            "account_receivable_turnover_ratio": 0.73,
            "reinvestment_rate": 44.12,
            "research_to_sale_ratio": 1.02,
            "price_fair": 117.08,
            "eps_avg_yearly": 3.35,
            "eps_latest_yearly": 5.56,
            "eps_growth_yearly": 1216.43
        },
        "20231": {
            "year_quarter": 20231,
            "year": 2023,
            "quarter": 1,
            "eps": 2.52,
            "eps_growth_year": 125,
            "eps_4q": 6.58,
            "eps_4q_growth_year": 129.1,
            "roe": 5.63,
            "roe_4q": 16.4,
            "gross_profit": 233583,
            "gross_margin": 41.78,
            "gross_margin_4q_avg": 37.48,
            "net_income": 120937,
            "net_income_4q": null,
            "revenue": 559071,
            "revenue_4q": null,
            "common_shares": 479289,
            "book_valuer_per_share": 45.82,
            "book_valuer_per_share_4q_avg": 41.48,
            "equity": 2213363,
            "current_ratio": 131.07,
            "debt_ratio": 39.81,
            "inventory_turnover_ratio": 0.79,
            "account_receivable_turnover_ratio": 0.71,
            "reinvestment_rate": 30.97,
            "research_to_sale_ratio": 1.05,
            "price_fair": 130.99,
            "eps_avg_yearly": 3.74,
            "eps_latest_yearly": 10.08,
            "eps_growth_yearly": 1217.89
        },
        "20232": {
            "year_quarter": 20232,
            "year": 2023,
            "quarter": 2,
            "eps": 2.76,
            "eps_growth_year": 128.1,
            "eps_4q": 8.24,
            "eps_4q_growth_year": 150.06,
            "roe": 6,
            "roe_4q": 19.27,
            "gross_profit": 228514,
            "gross_margin": 40.66,
            "gross_margin_4q_avg": 39.35,
            "net_income": 131645,
            "net_income_4q": null,
            "revenue": 562057,
            "revenue_4q": null,
            "common_shares": 479289,
            "book_valuer_per_share": 45,
            "book_valuer_per_share_4q_avg": 43.32,
            "equity": 2174115,
            "current_ratio": 115.52,
            "debt_ratio": 46.1,
            "inventory_turnover_ratio": 0.69,
            "account_receivable_turnover_ratio": 0.67,
            "reinvestment_rate": 28.29,
            "research_to_sale_ratio": 1.06,
            "price_fair": 149.01,
            "eps_avg_yearly": 4.26,
            "eps_latest_yearly": 11.04,
            "eps_growth_yearly": 1226.45
        },
        "20233": {
            "year_quarter": 20233,
            "year": 2023,
            "quarter": 3,
            "eps": 2.99,
            "eps_growth_year": 76.92,
            "eps_4q": 9.65,
            "eps_4q_growth_year": 142,
            "roe": 6.3,
            "roe_4q": 21.35,
            "gross_profit": 270441,
            "gross_margin": 41.95,
            "gross_margin_4q_avg": 41.3,
            "net_income": 141275,
            "net_income_4q": null,
            "revenue": 644619,
            "revenue_4q": null,
            "common_shares": 479289,
            "book_valuer_per_share": 47.85,
            "book_valuer_per_share_4q_avg": 45.42,
            "equity": 2308536,
            "current_ratio": 141.93,
            "debt_ratio": 44.92,
            "inventory_turnover_ratio": 0.78,
            "account_receivable_turnover_ratio": 0.63,
            "reinvestment_rate": 22.82,
            "research_to_sale_ratio": 0.98,
            "price_fair": 169.49,
            "eps_avg_yearly": 4.84,
            "eps_latest_yearly": 11.96,
            "eps_growth_yearly": 1230.32
        }
    },
    "months": {
        "2014-10": {
            "month": "2014-10",
            "price": "57.16",
            "revenue": 95244
        },
        "2014-11": {
            "month": "2014-11",
            "price": "55.06",
            "revenue": 92267
        },
        "2014-12": {
            "month": "2014-12",
            "price": "59.87",
            "revenue": 81261
        },
        "2015-01": {
            "month": "2015-01",
            "price": "57.82",
            "revenue": 94772
        },
        "2015-02": {
            "month": "2015-02",
            "price": "57.22",
            "revenue": 97269
        },
        "2015-03": {
            "month": "2015-03",
            "price": "58.42",
            "revenue": 97209
        },
        "2015-04": {
            "month": "2015-04",
            "price": "59.14",
            "revenue": 96619
        },
        "2015-05": {
            "month": "2015-05",
            "price": "57.01",
            "revenue": 95236
        },
        "2015-06": {
            "month": "2015-06",
            "price": "56.10",
            "revenue": 99906
        },
        "2015-07": {
            "month": "2015-07",
            "price": "55.44",
            "revenue": 104210
        },
        "2015-08": {
            "month": "2015-08",
            "price": "51.40",
            "revenue": 98861
        },
        "2015-09": {
            "month": "2015-09",
            "price": "51.57",
            "revenue": 103670
        },
        "2015-10": {
            "month": "2015-10",
            "price": "61.99",
            "revenue": 117017
        },
        "2015-11": {
            "month": "2015-11",
            "price": "75.86",
            "revenue": 111825
        },
        "2015-12": {
            "month": "2015-12",
            "price": "70.86",
            "revenue": 88700
        },
        "2016-01": {
            "month": "2016-01",
            "price": "70.38",
            "revenue": 90376
        },
        "2016-02": {
            "month": "2016-02",
            "price": "71.36",
            "revenue": 89046
        },
        "2016-03": {
            "month": "2016-03",
            "price": "68.70",
            "revenue": 109210
        },
        "2016-04": {
            "month": "2016-04",
            "price": "67.09",
            "revenue": 91793
        },
        "2016-05": {
            "month": "2016-05",
            "price": "63.31",
            "revenue": 94698
        },
        "2016-06": {
            "month": "2016-06",
            "price": "64.01",
            "revenue": 104811
        },
        "2016-07": {
            "month": "2016-07",
            "price": "63.90",
            "revenue": 97447
        },
        "2016-08": {
            "month": "2016-08",
            "price": "64.07",
            "revenue": 106390
        },
        "2016-09": {
            "month": "2016-09",
            "price": "65.28",
            "revenue": 112415
        },
        "2016-10": {
            "month": "2016-10",
            "price": "64.40",
            "revenue": 106223
        },
        "2016-11": {
            "month": "2016-11",
            "price": "59.88",
            "revenue": 94492
        },
        "2016-12": {
            "month": "2016-12",
            "price": "58.04",
            "revenue": 92355
        },
        "2017-01": {
            "month": "2017-01",
            "price": "56.81",
            "revenue": 98909
        },
        "2017-02": {
            "month": "2017-02",
            "price": "59.44",
            "revenue": 90358
        },
        "2017-03": {
            "month": "2017-03",
            "price": "62.83",
            "revenue": 103403
        },
        "2017-04": {
            "month": "2017-04",
            "price": "60.33",
            "revenue": 102805
        },
        "2017-05": {
            "month": "2017-05",
            "price": "62.04",
            "revenue": 112655
        },
        "2017-06": {
            "month": "2017-06",
            "price": "63.72",
            "revenue": 105620
        },
        "2017-07": {
            "month": "2017-07",
            "price": "62.91",
            "revenue": 109027
        },
        "2017-08": {
            "month": "2017-08",
            "price": "64.30",
            "revenue": 118493
        },
        "2017-09": {
            "month": "2017-09",
            "price": "65.02",
            "revenue": 113048
        },
        "2017-10": {
            "month": "2017-10",
            "price": "62.55",
            "revenue": 114520
        },
        "2017-11": {
            "month": "2017-11",
            "price": "64.42",
            "revenue": 110052
        },
        "2017-12": {
            "month": "2017-12",
            "price": "64.80",
            "revenue": 103057
        },
        "2018-01": {
            "month": "2018-01",
            "price": "64.81",
            "revenue": 97894
        },
        "2018-02": {
            "month": "2018-02",
            "price": "62.73",
            "revenue": 95157
        },
        "2018-03": {
            "month": "2018-03",
            "price": "63.65",
            "revenue": 95810
        },
        "2018-04": {
            "month": "2018-04",
            "price": "63.10",
            "revenue": 96383
        },
        "2018-05": {
            "month": "2018-05",
            "price": "62.86",
            "revenue": 95479
        },
        "2018-06": {
            "month": "2018-06",
            "price": "62.60",
            "revenue": 93209
        },
        "2018-07": {
            "month": "2018-07",
            "price": "60.63",
            "revenue": 102570
        },
        "2018-08": {
            "month": "2018-08",
            "price": "57.42",
            "revenue": 118278
        },
        "2018-09": {
            "month": "2018-09",
            "price": "55.91",
            "revenue": 118292
        },
        "2018-10": {
            "month": "2018-10",
            "price": "51.79",
            "revenue": 122727
        },
        "2018-11": {
            "month": "2018-11",
            "price": "52.74",
            "revenue": 96422
        },
        "2018-12": {
            "month": "2018-12",
            "price": "53.50",
            "revenue": 87456
        },
        "2019-01": {
            "month": "2019-01",
            "price": "53.39",
            "revenue": 121064
        },
        "2019-02": {
            "month": "2019-02",
            "price": "55.26",
            "revenue": 120521
        },
        "2019-03": {
            "month": "2019-03",
            "price": "56.50",
            "revenue": 112214
        },
        "2019-04": {
            "month": "2019-04",
            "price": "56.16",
            "revenue": 111995
        },
        "2019-05": {
            "month": "2019-05",
            "price": "55.10",
            "revenue": 113143
        },
        "2019-06": {
            "month": "2019-06",
            "price": "55.61",
            "revenue": 131899
        },
        "2019-07": {
            "month": "2019-07",
            "price": "58.60",
            "revenue": 133670
        },
        "2019-08": {
            "month": "2019-08",
            "price": "55.86",
            "revenue": 125028
        },
        "2019-09": {
            "month": "2019-09",
            "price": "53.77",
            "revenue": 124660
        },
        "2019-10": {
            "month": "2019-10",
            "price": "52.04",
            "revenue": 125023
        },
        "2019-11": {
            "month": "2019-11",
            "price": "52.15",
            "revenue": 123583
        },
        "2019-12": {
            "month": "2019-12",
            "price": "50.02",
            "revenue": 101132
        },
        "2020-01": {
            "month": "2020-01",
            "price": "48.98",
            "revenue": 113344
        },
        "2020-02": {
            "month": "2020-02",
            "price": "48.09",
            "revenue": 109449
        },
        "2020-03": {
            "month": "2020-03",
            "price": "38.24",
            "revenue": 113997
        },
        "2020-04": {
            "month": "2020-04",
            "price": "32.70",
            "revenue": 120320
        },
        "2020-05": {
            "month": "2020-05",
            "price": "39.38",
            "revenue": 106724
        },
        "2020-06": {
            "month": "2020-06",
            "price": "42.10",
            "revenue": 93119
        },
        "2020-07": {
            "month": "2020-07",
            "price": "40.35",
            "revenue": 90904
        },
        "2020-08": {
            "month": "2020-08",
            "price": "36.03",
            "revenue": 75153
        },
        "2020-09": {
            "month": "2020-09",
            "price": "34.43",
            "revenue": 94075
        },
        "2020-10": {
            "month": "2020-10",
            "price": "33.71",
            "revenue": 122419
        },
        "2020-11": {
            "month": "2020-11",
            "price": "34.64",
            "revenue": 114074
        },
        "2020-12": {
            "month": "2020-12",
            "price": "35.42",
            "revenue": 111296
        },
        "2021-01": {
            "month": "2021-01",
            "price": "35.01",
            "revenue": 120385
        },
        "2021-02": {
            "month": "2021-02",
            "price": "36.31",
            "revenue": 115577
        },
        "2021-03": {
            "month": "2021-03",
            "price": "40.84",
            "revenue": 126730
        },
        "2021-04": {
            "month": "2021-04",
            "price": "43.91",
            "revenue": 108501
        },
        "2021-05": {
            "month": "2021-05",
            "price": "42.80",
            "revenue": 106529
        },
        "2021-06": {
            "month": "2021-06",
            "price": "43.70",
            "revenue": 110090
        },
        "2021-07": {
            "month": "2021-07",
            "price": "44.57",
            "revenue": 115074
        },
        "2021-08": {
            "month": "2021-08",
            "price": "42.43",
            "revenue": 91231
        },
        "2021-09": {
            "month": "2021-09",
            "price": "42.06",
            "revenue": 114724
        },
        "2021-10": {
            "month": "2021-10",
            "price": "43.48",
            "revenue": 114004
        },
        "2021-11": {
            "month": "2021-11",
            "price": "44.44",
            "revenue": 116483
        },
        "2021-12": {
            "month": "2021-12",
            "price": "44.50",
            "revenue": 113597
        },
        "2022-01": {
            "month": "2022-01",
            "price": "43.64",
            "revenue": 122885
        },
        "2022-02": {
            "month": "2022-02",
            "price": "45.38",
            "revenue": 126727
        },
        "2022-03": {
            "month": "2022-03",
            "price": "45.41",
            "revenue": 136475
        },
        "2022-04": {
            "month": "2022-04",
            "price": "44.40",
            "revenue": 131090
        },
        "2022-05": {
            "month": "2022-05",
            "price": "43.58",
            "revenue": 120748
        },
        "2022-06": {
            "month": "2022-06",
            "price": "43.96",
            "revenue": 144544
        },
        "2022-07": {
            "month": "2022-07",
            "price": "45.06",
            "revenue": 157092
        },
        "2022-08": {
            "month": "2022-08",
            "price": "49.44",
            "revenue": 164356
        },
        "2022-09": {
            "month": "2022-09",
            "price": "52.23",
            "revenue": 163391
        },
        "2022-10": {
            "month": "2022-10",
            "price": "48.49",
            "revenue": 170583
        },
        "2022-11": {
            "month": "2022-11",
            "price": "55.17",
            "revenue": 185883
        },
        "2022-12": {
            "month": "2022-12",
            "price": "65.69",
            "revenue": 158534
        },
        "2023-01": {
            "month": "2023-01",
            "price": "72.85",
            "revenue": 182498
        },
        "2023-02": {
            "month": "2023-02",
            "price": "88.88",
            "revenue": 185104
        },
        "2023-03": {
            "month": "2023-03",
            "price": "100.20",
            "revenue": 195142
        },
        "2023-04": {
            "month": "2023-04",
            "price": "120.38",
            "revenue": 181437
        },
        "2023-05": {
            "month": "2023-05",
            "price": "146.89",
            "revenue": 188746
        },
        "2023-06": {
            "month": "2023-06",
            "price": "147.08",
            "revenue": 186134
        },
        "2023-07": {
            "month": "2023-07",
            "price": "130.50",
            "revenue": 215057
        },
        "2023-08": {
            "month": "2023-08",
            "price": "137.14",
            "revenue": 221383
        },
        "2023-09": {
            "month": "2023-09",
            "price": "136.88",
            "revenue": 206695
        },
        "2023-10": {
            "month": "2023-10",
            "price": "128.85",
            "revenue": 190732
        },
        "2023-11": {
            "month": "2023-11",
            "price": "128.32",
            "revenue": 166088
        },
        "2023-12": {
            "month": "2023-12",
            "price": "121.40",
            "revenue": 126727
        }
    }
}
