{
    "summary": {
        "stock_name": "界霖",
        "stock_id": "5285",
        "category": "半導體",
        "main_business": "導線架<br>模具及其它",
        "website_url": "http://www.jihlin.com.tw",
        "ceo": "蔡上民",
        "pe_ratio": 37,
        "report_year_from": 2011,
        "report_year_to": 2023,
        "age": 13,
        "eps_negative_percentage": 0,
        "eps_growth_avg": {
            "last_all": 10.16,
            "last_2y": 7.13,
            "last_4y": -13.77,
            "last_8y": 0.18,
            "last_12y": null,
            "last_16y": null,
            "last_20y": null,
            "at_2006_last_3y": null,
            "at_2007_last_3y": null,
            "at_2008_last_3y": null,
            "at_2009_last_3y": null,
            "at_2010_last_3y": null,
            "at_2011_last_3y": null,
            "at_2012_last_3y": null,
            "at_2013_last_3y": null,
            "at_2014_last_3y": null,
            "at_2015_last_3y": null,
            "at_2016_last_3y": null,
            "at_2017_last_3y": 40.21,
            "at_2018_last_3y": 17.62,
            "at_2019_last_3y": 12.64,
            "at_2020_last_3y": 4.85,
            "at_2021_last_3y": 4.85,
            "at_2022_last_3y": -1.57,
            "at_2023_last_3y": -6.06,
            "at_2024_last_3y": -6.06,
            "at_2006_last_all": null,
            "at_2007_last_all": null,
            "at_2008_last_all": null,
            "at_2009_last_all": null,
            "at_2010_last_all": null,
            "at_2011_last_all": null,
            "at_2012_last_all": null,
            "at_2013_last_all": null,
            "at_2014_last_all": null,
            "at_2015_last_all": 37.66,
            "at_2016_last_all": 20.28,
            "at_2017_last_all": 40.21,
            "at_2018_last_all": 34.1,
            "at_2019_last_all": 20.98,
            "at_2020_last_all": 11.46,
            "at_2021_last_all": 22.53,
            "at_2022_last_all": 18.25,
            "at_2023_last_all": 10.16,
            "at_2024_last_all": 10.16
        },
        "latest_eps": 1.79,
        "latest_price": 65.9,
        "latest_roe": 6.1,
        "latest_gross_margin": 14.63,
        "latest_equity": 2885845,
        "latest_revenue": 1325246,
        "latest_gross_profit": 193818,
        "latest_net_income": 46684,
        "latest_debt_ratio": 45.74,
        "latest_current_ratio": 341.73,
        "latest_account_receivable_turnover_ratio": 1.42,
        "latest_inventory_turnover_ratio": 0.82,
        "latest_reinvestment_rate": -9.32,
        "latest_research_to_sale_ratio": 2.3
    },
    "eps_dividends": {
        "2001": {
            "cash": 0,
            "stock": 0,
            "eps": 0
        },
        "2002": {
            "cash": 0,
            "stock": 0,
            "eps": 0
        },
        "2003": {
            "cash": 0,
            "stock": 0,
            "eps": 0
        },
        "2004": {
            "cash": 0,
            "stock": 0,
            "eps": 0
        },
        "2005": {
            "cash": 0,
            "stock": 0,
            "eps": 0
        },
        "2006": {
            "cash": 0,
            "stock": 0,
            "eps": 0
        },
        "2007": {
            "cash": 0,
            "stock": 0,
            "eps": 0
        },
        "2008": {
            "cash": 0,
            "stock": 0,
            "eps": 0
        },
        "2009": {
            "cash": 0,
            "stock": 0,
            "eps": 0
        },
        "2010": {
            "cash": 0,
            "stock": 0,
            "eps": 0
        },
        "2011": {
            "cash": 0,
            "stock": 0,
            "eps": 0
        },
        "2012": {
            "cash": 0,
            "stock": 0,
            "eps": 0
        },
        "2013": {
            "cash": 1,
            "stock": 0,
            "eps": 1.36
        },
        "2014": {
            "cash": 1.5,
            "stock": 0,
            "eps": 3.12
        },
        "2015": {
            "cash": 1.5,
            "stock": 1,
            "eps": 2.35
        },
        "2016": {
            "cash": 1.8,
            "stock": 0,
            "eps": 2.01
        },
        "2017": {
            "cash": 1.6,
            "stock": 0,
            "eps": 4.15
        },
        "2018": {
            "cash": 3.2,
            "stock": 0,
            "eps": 4.55
        },
        "2019": {
            "cash": 3.6,
            "stock": 0,
            "eps": 2.52
        },
        "2020": {
            "cash": 2.46,
            "stock": 0,
            "eps": 1.37
        },
        "2021": {
            "cash": 2.5,
            "stock": 0,
            "eps": 4.87
        },
        "2022": {
            "cash": 4,
            "stock": 0,
            "eps": 4.09
        },
        "2023": {
            "cash": 3.5,
            "stock": 0,
            "eps": 1.53
        }
    },
    "dividends": {
        "2013-03-26": {
            "cash": 1,
            "stock": 0
        },
        "2014-08-27": {
            "cash": 1.5,
            "stock": 0
        },
        "2015-09-15": {
            "cash": 1.5,
            "stock": 1
        },
        "2016-09-10": {
            "cash": 1.8,
            "stock": 0
        },
        "2017-08-17": {
            "cash": 1.6,
            "stock": 0
        },
        "2018-08-23": {
            "cash": 3.2,
            "stock": 0
        },
        "2019-09-02": {
            "cash": 3.6,
            "stock": 0
        },
        "2020-08-28": {
            "cash": 2.46,
            "stock": 0
        },
        "2021-08-27": {
            "cash": 2.5,
            "stock": 0
        },
        "2022-08-05": {
            "cash": 4,
            "stock": 0
        },
        "2023-07-28": {
            "cash": 3.5,
            "stock": 0
        }
    },
    "prices": {
        "200101": "無",
        "200102": "無",
        "200103": "無",
        "200104": "無",
        "200105": "無",
        "200106": "無",
        "200107": "無",
        "200108": "無",
        "200109": "無",
        "200110": "無",
        "200111": "無",
        "200112": "無",
        "200201": "無",
        "200202": "無",
        "200203": "無",
        "200204": "無",
        "200205": "無",
        "200206": "無",
        "200207": "無",
        "200208": "無",
        "200209": "無",
        "200210": "無",
        "200211": "無",
        "200212": "無",
        "200301": "無",
        "200302": "無",
        "200303": "無",
        "200304": "無",
        "200305": "無",
        "200306": "無",
        "200307": "無",
        "200308": "無",
        "200309": "無",
        "200310": "無",
        "200311": "無",
        "200312": "無",
        "200401": "無",
        "200402": "無",
        "200403": "無",
        "200404": "無",
        "200405": "無",
        "200406": "無",
        "200407": "無",
        "200408": "無",
        "200409": "無",
        "200410": "無",
        "200411": "無",
        "200412": "無",
        "200501": "無",
        "200502": "無",
        "200503": "無",
        "200504": "無",
        "200505": "無",
        "200506": "無",
        "200507": "無",
        "200508": "無",
        "200509": "無",
        "200510": "無",
        "200511": "無",
        "200512": "無",
        "200601": "無",
        "200602": "無",
        "200603": "無",
        "200604": "無",
        "200605": "無",
        "200606": "無",
        "200607": "無",
        "200608": "無",
        "200609": "無",
        "200610": "無",
        "200611": "無",
        "200612": "無",
        "200701": "無",
        "200702": "無",
        "200703": "無",
        "200704": "無",
        "200705": "無",
        "200706": "無",
        "200707": "無",
        "200708": "無",
        "200709": "無",
        "200710": "無",
        "200711": "無",
        "200712": "無",
        "200801": "無",
        "200802": "無",
        "200803": "無",
        "200804": "無",
        "200805": "無",
        "200806": "無",
        "200807": "無",
        "200808": "無",
        "200809": "無",
        "200810": "無",
        "200811": "無",
        "200812": "無",
        "200901": "無",
        "200902": "無",
        "200903": "無",
        "200904": "無",
        "200905": "無",
        "200906": "無",
        "200907": "無",
        "200908": "無",
        "200909": "無",
        "200910": "無",
        "200911": "無",
        "200912": "無",
        "201001": "無",
        "201002": "無",
        "201003": "無",
        "201004": "無",
        "201005": "無",
        "201006": "無",
        "201007": "無",
        "201008": "無",
        "201009": "無",
        "201010": "無",
        "201011": "無",
        "201012": "無",
        "201101": "無",
        "201102": "無",
        "201103": "無",
        "201104": "無",
        "201105": "無",
        "201106": "無",
        "201107": "無",
        "201108": "無",
        "201109": "無",
        "201110": "無",
        "201111": "無",
        "201112": "無",
        "201201": "無",
        "201202": "無",
        "201203": "無",
        "201204": "無",
        "201205": "無",
        "201206": "無",
        "201207": "無",
        "201208": "無",
        "201209": "26.41",
        "201210": "25.07",
        "201211": "24.91",
        "201212": "24.98",
        "201301": "24.95",
        "201302": "26.07",
        "201303": "30.38",
        "201304": "30.39",
        "201305": "30.49",
        "201306": "32.07",
        "201307": "32.15",
        "201308": "34.07",
        "201309": "35.16",
        "201310": "34.80",
        "201311": "36.37",
        "201312": "37.67",
        "201401": "40.54",
        "201402": "38.68",
        "201403": "39.58",
        "201404": "41.45",
        "201405": "45.38",
        "201406": "46.96",
        "201407": "46.30",
        "201408": "46.76",
        "201409": "46.28",
        "201410": "44.76",
        "201411": "46.13",
        "201412": "45.86",
        "201501": "44.87",
        "201502": "44.69",
        "201503": "44.61",
        "201504": "44.96",
        "201505": "44.84",
        "201506": "42.79",
        "201507": "39.73",
        "201508": "33.26",
        "201509": "31.98",
        "201510": "31.52",
        "201511": "31.11",
        "201512": "29.84",
        "201601": "29.03",
        "201602": "28.19",
        "201603": "31.82",
        "201604": "33.06",
        "201605": "30.73",
        "201606": "29.71",
        "201607": "29.31",
        "201608": "28.45",
        "201609": "28.08",
        "201610": "31.90",
        "201611": "35.84",
        "201612": "34.64",
        "201701": "35.52",
        "201702": "37.26",
        "201703": "36.88",
        "201704": "37.04",
        "201705": "41.17",
        "201706": "45.17",
        "201707": "46.35",
        "201708": "46.98",
        "201709": "64.73",
        "201710": "80.97",
        "201711": "81.50",
        "201712": "80.59",
        "201801": "91.40",
        "201802": "88.08",
        "201803": "91.58",
        "201804": "89.57",
        "201805": "83.41",
        "201806": "85.07",
        "201807": "80.20",
        "201808": "80.00",
        "201809": "76.82",
        "201810": "70.99",
        "201811": "69.51",
        "201812": "68.94",
        "201901": "67.48",
        "201902": "70.45",
        "201903": "69.15",
        "201904": "68.20",
        "201905": "64.30",
        "201906": "62.69",
        "201907": "64.88",
        "201908": "61.08",
        "201909": "57.54",
        "201910": "53.07",
        "201911": "62.13",
        "201912": "62.86",
        "202001": "70.36",
        "202002": "58.99",
        "202003": "43.90",
        "202004": "42.06",
        "202005": "42.94",
        "202006": "45.41",
        "202007": "46.36",
        "202008": "42.19",
        "202009": "44.31",
        "202010": "45.57",
        "202011": "50.13",
        "202012": "65.13",
        "202101": "70.83",
        "202102": "69.18",
        "202103": "73.94",
        "202104": "80.00",
        "202105": "68.42",
        "202106": "83.42",
        "202107": "116.81",
        "202108": "115.57",
        "202109": "100.64",
        "202110": "109.28",
        "202111": "113.48",
        "202112": "104.84",
        "202201": "96.69",
        "202202": "97.93",
        "202203": "96.36",
        "202204": "93.17",
        "202205": "83.57",
        "202206": "90.64",
        "202207": "80.39",
        "202208": "83.96",
        "202209": "76.60",
        "202210": "63.22",
        "202211": "64.16",
        "202212": "63.44",
        "202301": "62.68",
        "202302": "77.18",
        "202303": "85.34",
        "202304": "82.92",
        "202305": "74.19",
        "202306": "74.10",
        "202307": "78.60",
        "202308": "79.92",
        "202309": "82.10",
        "202310": "75.88",
        "202311": "73.05",
        "202312": "72.32"
    },
    "quarters": {
        "20011": {
            "year_quarter": 20011,
            "year": 2001,
            "quarter": 1,
            "eps": null,
            "eps_growth_year": null,
            "eps_4q": null,
            "eps_4q_growth_year": null,
            "roe": null,
            "roe_4q": 0,
            "gross_profit": null,
            "gross_margin": null,
            "gross_margin_4q_avg": 0,
            "net_income": null,
            "net_income_4q": null,
            "revenue": null,
            "revenue_4q": null,
            "common_shares": null,
            "book_valuer_per_share": null,
            "book_valuer_per_share_4q_avg": 0,
            "equity": null,
            "current_ratio": null,
            "debt_ratio": null,
            "inventory_turnover_ratio": null,
            "account_receivable_turnover_ratio": null,
            "reinvestment_rate": null,
            "research_to_sale_ratio": null,
            "price_fair": 0,
            "eps_avg_yearly": 0,
            "eps_latest_yearly": 0,
            "eps_growth_yearly": 0
        },
        "20012": {
            "year_quarter": 20012,
            "year": 2001,
            "quarter": 2,
            "eps": null,
            "eps_growth_year": null,
            "eps_4q": null,
            "eps_4q_growth_year": null,
            "roe": null,
            "roe_4q": 0,
            "gross_profit": null,
            "gross_margin": null,
            "gross_margin_4q_avg": 0,
            "net_income": null,
            "net_income_4q": null,
            "revenue": null,
            "revenue_4q": null,
            "common_shares": null,
            "book_valuer_per_share": null,
            "book_valuer_per_share_4q_avg": 0,
            "equity": null,
            "current_ratio": null,
            "debt_ratio": null,
            "inventory_turnover_ratio": null,
            "account_receivable_turnover_ratio": null,
            "reinvestment_rate": null,
            "research_to_sale_ratio": null,
            "price_fair": 0,
            "eps_avg_yearly": 0,
            "eps_latest_yearly": 0,
            "eps_growth_yearly": 0
        },
        "20013": {
            "year_quarter": 20013,
            "year": 2001,
            "quarter": 3,
            "eps": null,
            "eps_growth_year": null,
            "eps_4q": null,
            "eps_4q_growth_year": null,
            "roe": null,
            "roe_4q": 0,
            "gross_profit": null,
            "gross_margin": null,
            "gross_margin_4q_avg": 0,
            "net_income": null,
            "net_income_4q": null,
            "revenue": null,
            "revenue_4q": null,
            "common_shares": null,
            "book_valuer_per_share": null,
            "book_valuer_per_share_4q_avg": 0,
            "equity": null,
            "current_ratio": null,
            "debt_ratio": null,
            "inventory_turnover_ratio": null,
            "account_receivable_turnover_ratio": null,
            "reinvestment_rate": null,
            "research_to_sale_ratio": null,
            "price_fair": 0,
            "eps_avg_yearly": 0,
            "eps_latest_yearly": 0,
            "eps_growth_yearly": 0
        },
        "20014": {
            "year_quarter": 20014,
            "year": 2001,
            "quarter": 4,
            "eps": null,
            "eps_growth_year": null,
            "eps_4q": null,
            "eps_4q_growth_year": null,
            "roe": null,
            "roe_4q": 0,
            "gross_profit": null,
            "gross_margin": null,
            "gross_margin_4q_avg": 0,
            "net_income": null,
            "net_income_4q": null,
            "revenue": null,
            "revenue_4q": null,
            "common_shares": null,
            "book_valuer_per_share": null,
            "book_valuer_per_share_4q_avg": 0,
            "equity": null,
            "current_ratio": null,
            "debt_ratio": null,
            "inventory_turnover_ratio": null,
            "account_receivable_turnover_ratio": null,
            "reinvestment_rate": null,
            "research_to_sale_ratio": null,
            "price_fair": 0,
            "eps_avg_yearly": 0,
            "eps_latest_yearly": 0,
            "eps_growth_yearly": 0
        },
        "20021": {
            "year_quarter": 20021,
            "year": 2002,
            "quarter": 1,
            "eps": null,
            "eps_growth_year": null,
            "eps_4q": null,
            "eps_4q_growth_year": null,
            "roe": null,
            "roe_4q": 0,
            "gross_profit": null,
            "gross_margin": null,
            "gross_margin_4q_avg": 0,
            "net_income": null,
            "net_income_4q": null,
            "revenue": null,
            "revenue_4q": null,
            "common_shares": null,
            "book_valuer_per_share": null,
            "book_valuer_per_share_4q_avg": 0,
            "equity": null,
            "current_ratio": null,
            "debt_ratio": null,
            "inventory_turnover_ratio": null,
            "account_receivable_turnover_ratio": null,
            "reinvestment_rate": null,
            "research_to_sale_ratio": null,
            "price_fair": 0,
            "eps_avg_yearly": 0,
            "eps_latest_yearly": 0,
            "eps_growth_yearly": 0
        },
        "20022": {
            "year_quarter": 20022,
            "year": 2002,
            "quarter": 2,
            "eps": null,
            "eps_growth_year": null,
            "eps_4q": null,
            "eps_4q_growth_year": null,
            "roe": null,
            "roe_4q": 0,
            "gross_profit": null,
            "gross_margin": null,
            "gross_margin_4q_avg": 0,
            "net_income": null,
            "net_income_4q": null,
            "revenue": null,
            "revenue_4q": null,
            "common_shares": null,
            "book_valuer_per_share": null,
            "book_valuer_per_share_4q_avg": 0,
            "equity": null,
            "current_ratio": null,
            "debt_ratio": null,
            "inventory_turnover_ratio": null,
            "account_receivable_turnover_ratio": null,
            "reinvestment_rate": null,
            "research_to_sale_ratio": null,
            "price_fair": 0,
            "eps_avg_yearly": 0,
            "eps_latest_yearly": 0,
            "eps_growth_yearly": 0
        },
        "20023": {
            "year_quarter": 20023,
            "year": 2002,
            "quarter": 3,
            "eps": null,
            "eps_growth_year": null,
            "eps_4q": null,
            "eps_4q_growth_year": null,
            "roe": null,
            "roe_4q": 0,
            "gross_profit": null,
            "gross_margin": null,
            "gross_margin_4q_avg": 0,
            "net_income": null,
            "net_income_4q": null,
            "revenue": null,
            "revenue_4q": null,
            "common_shares": null,
            "book_valuer_per_share": null,
            "book_valuer_per_share_4q_avg": 0,
            "equity": null,
            "current_ratio": null,
            "debt_ratio": null,
            "inventory_turnover_ratio": null,
            "account_receivable_turnover_ratio": null,
            "reinvestment_rate": null,
            "research_to_sale_ratio": null,
            "price_fair": 0,
            "eps_avg_yearly": 0,
            "eps_latest_yearly": 0,
            "eps_growth_yearly": 0
        },
        "20024": {
            "year_quarter": 20024,
            "year": 2002,
            "quarter": 4,
            "eps": null,
            "eps_growth_year": null,
            "eps_4q": null,
            "eps_4q_growth_year": null,
            "roe": null,
            "roe_4q": 0,
            "gross_profit": null,
            "gross_margin": null,
            "gross_margin_4q_avg": 0,
            "net_income": null,
            "net_income_4q": null,
            "revenue": null,
            "revenue_4q": null,
            "common_shares": null,
            "book_valuer_per_share": null,
            "book_valuer_per_share_4q_avg": 0,
            "equity": null,
            "current_ratio": null,
            "debt_ratio": null,
            "inventory_turnover_ratio": null,
            "account_receivable_turnover_ratio": null,
            "reinvestment_rate": null,
            "research_to_sale_ratio": null,
            "price_fair": 0,
            "eps_avg_yearly": 0,
            "eps_latest_yearly": 0,
            "eps_growth_yearly": 0
        },
        "20031": {
            "year_quarter": 20031,
            "year": 2003,
            "quarter": 1,
            "eps": null,
            "eps_growth_year": null,
            "eps_4q": null,
            "eps_4q_growth_year": null,
            "roe": null,
            "roe_4q": 0,
            "gross_profit": null,
            "gross_margin": null,
            "gross_margin_4q_avg": 0,
            "net_income": null,
            "net_income_4q": null,
            "revenue": null,
            "revenue_4q": null,
            "common_shares": null,
            "book_valuer_per_share": null,
            "book_valuer_per_share_4q_avg": 0,
            "equity": null,
            "current_ratio": null,
            "debt_ratio": null,
            "inventory_turnover_ratio": null,
            "account_receivable_turnover_ratio": null,
            "reinvestment_rate": null,
            "research_to_sale_ratio": null,
            "price_fair": 0,
            "eps_avg_yearly": 0,
            "eps_latest_yearly": 0,
            "eps_growth_yearly": 0
        },
        "20032": {
            "year_quarter": 20032,
            "year": 2003,
            "quarter": 2,
            "eps": null,
            "eps_growth_year": null,
            "eps_4q": null,
            "eps_4q_growth_year": null,
            "roe": null,
            "roe_4q": 0,
            "gross_profit": null,
            "gross_margin": null,
            "gross_margin_4q_avg": 0,
            "net_income": null,
            "net_income_4q": null,
            "revenue": null,
            "revenue_4q": null,
            "common_shares": null,
            "book_valuer_per_share": null,
            "book_valuer_per_share_4q_avg": 0,
            "equity": null,
            "current_ratio": null,
            "debt_ratio": null,
            "inventory_turnover_ratio": null,
            "account_receivable_turnover_ratio": null,
            "reinvestment_rate": null,
            "research_to_sale_ratio": null,
            "price_fair": 0,
            "eps_avg_yearly": 0,
            "eps_latest_yearly": 0,
            "eps_growth_yearly": 0
        },
        "20033": {
            "year_quarter": 20033,
            "year": 2003,
            "quarter": 3,
            "eps": null,
            "eps_growth_year": null,
            "eps_4q": null,
            "eps_4q_growth_year": null,
            "roe": null,
            "roe_4q": 0,
            "gross_profit": null,
            "gross_margin": null,
            "gross_margin_4q_avg": 0,
            "net_income": null,
            "net_income_4q": null,
            "revenue": null,
            "revenue_4q": null,
            "common_shares": null,
            "book_valuer_per_share": null,
            "book_valuer_per_share_4q_avg": 0,
            "equity": null,
            "current_ratio": null,
            "debt_ratio": null,
            "inventory_turnover_ratio": null,
            "account_receivable_turnover_ratio": null,
            "reinvestment_rate": null,
            "research_to_sale_ratio": null,
            "price_fair": 0,
            "eps_avg_yearly": 0,
            "eps_latest_yearly": 0,
            "eps_growth_yearly": 0
        },
        "20034": {
            "year_quarter": 20034,
            "year": 2003,
            "quarter": 4,
            "eps": null,
            "eps_growth_year": null,
            "eps_4q": null,
            "eps_4q_growth_year": null,
            "roe": null,
            "roe_4q": 0,
            "gross_profit": null,
            "gross_margin": null,
            "gross_margin_4q_avg": 0,
            "net_income": null,
            "net_income_4q": null,
            "revenue": null,
            "revenue_4q": null,
            "common_shares": null,
            "book_valuer_per_share": null,
            "book_valuer_per_share_4q_avg": 0,
            "equity": null,
            "current_ratio": null,
            "debt_ratio": null,
            "inventory_turnover_ratio": null,
            "account_receivable_turnover_ratio": null,
            "reinvestment_rate": null,
            "research_to_sale_ratio": null,
            "price_fair": 0,
            "eps_avg_yearly": 0,
            "eps_latest_yearly": 0,
            "eps_growth_yearly": 0
        },
        "20041": {
            "year_quarter": 20041,
            "year": 2004,
            "quarter": 1,
            "eps": null,
            "eps_growth_year": null,
            "eps_4q": null,
            "eps_4q_growth_year": null,
            "roe": null,
            "roe_4q": 0,
            "gross_profit": null,
            "gross_margin": null,
            "gross_margin_4q_avg": 0,
            "net_income": null,
            "net_income_4q": null,
            "revenue": null,
            "revenue_4q": null,
            "common_shares": null,
            "book_valuer_per_share": null,
            "book_valuer_per_share_4q_avg": 0,
            "equity": null,
            "current_ratio": null,
            "debt_ratio": null,
            "inventory_turnover_ratio": null,
            "account_receivable_turnover_ratio": null,
            "reinvestment_rate": null,
            "research_to_sale_ratio": null,
            "price_fair": 0,
            "eps_avg_yearly": 0,
            "eps_latest_yearly": 0,
            "eps_growth_yearly": 0
        },
        "20042": {
            "year_quarter": 20042,
            "year": 2004,
            "quarter": 2,
            "eps": null,
            "eps_growth_year": null,
            "eps_4q": null,
            "eps_4q_growth_year": null,
            "roe": null,
            "roe_4q": 0,
            "gross_profit": null,
            "gross_margin": null,
            "gross_margin_4q_avg": 0,
            "net_income": null,
            "net_income_4q": null,
            "revenue": null,
            "revenue_4q": null,
            "common_shares": null,
            "book_valuer_per_share": null,
            "book_valuer_per_share_4q_avg": 0,
            "equity": null,
            "current_ratio": null,
            "debt_ratio": null,
            "inventory_turnover_ratio": null,
            "account_receivable_turnover_ratio": null,
            "reinvestment_rate": null,
            "research_to_sale_ratio": null,
            "price_fair": 0,
            "eps_avg_yearly": 0,
            "eps_latest_yearly": 0,
            "eps_growth_yearly": 0
        },
        "20043": {
            "year_quarter": 20043,
            "year": 2004,
            "quarter": 3,
            "eps": null,
            "eps_growth_year": null,
            "eps_4q": null,
            "eps_4q_growth_year": null,
            "roe": null,
            "roe_4q": 0,
            "gross_profit": null,
            "gross_margin": null,
            "gross_margin_4q_avg": 0,
            "net_income": null,
            "net_income_4q": null,
            "revenue": null,
            "revenue_4q": null,
            "common_shares": null,
            "book_valuer_per_share": null,
            "book_valuer_per_share_4q_avg": 0,
            "equity": null,
            "current_ratio": null,
            "debt_ratio": null,
            "inventory_turnover_ratio": null,
            "account_receivable_turnover_ratio": null,
            "reinvestment_rate": null,
            "research_to_sale_ratio": null,
            "price_fair": 0,
            "eps_avg_yearly": 0,
            "eps_latest_yearly": 0,
            "eps_growth_yearly": 0
        },
        "20044": {
            "year_quarter": 20044,
            "year": 2004,
            "quarter": 4,
            "eps": null,
            "eps_growth_year": null,
            "eps_4q": null,
            "eps_4q_growth_year": null,
            "roe": null,
            "roe_4q": 0,
            "gross_profit": null,
            "gross_margin": null,
            "gross_margin_4q_avg": 0,
            "net_income": null,
            "net_income_4q": null,
            "revenue": null,
            "revenue_4q": null,
            "common_shares": null,
            "book_valuer_per_share": null,
            "book_valuer_per_share_4q_avg": 0,
            "equity": null,
            "current_ratio": null,
            "debt_ratio": null,
            "inventory_turnover_ratio": null,
            "account_receivable_turnover_ratio": null,
            "reinvestment_rate": null,
            "research_to_sale_ratio": null,
            "price_fair": 0,
            "eps_avg_yearly": 0,
            "eps_latest_yearly": 0,
            "eps_growth_yearly": 0
        },
        "20051": {
            "year_quarter": 20051,
            "year": 2005,
            "quarter": 1,
            "eps": null,
            "eps_growth_year": null,
            "eps_4q": null,
            "eps_4q_growth_year": null,
            "roe": null,
            "roe_4q": 0,
            "gross_profit": null,
            "gross_margin": null,
            "gross_margin_4q_avg": 0,
            "net_income": null,
            "net_income_4q": null,
            "revenue": null,
            "revenue_4q": null,
            "common_shares": null,
            "book_valuer_per_share": null,
            "book_valuer_per_share_4q_avg": 0,
            "equity": null,
            "current_ratio": null,
            "debt_ratio": null,
            "inventory_turnover_ratio": null,
            "account_receivable_turnover_ratio": null,
            "reinvestment_rate": null,
            "research_to_sale_ratio": null,
            "price_fair": 0,
            "eps_avg_yearly": 0,
            "eps_latest_yearly": 0,
            "eps_growth_yearly": 0
        },
        "20052": {
            "year_quarter": 20052,
            "year": 2005,
            "quarter": 2,
            "eps": null,
            "eps_growth_year": null,
            "eps_4q": null,
            "eps_4q_growth_year": null,
            "roe": null,
            "roe_4q": 0,
            "gross_profit": null,
            "gross_margin": null,
            "gross_margin_4q_avg": 0,
            "net_income": null,
            "net_income_4q": null,
            "revenue": null,
            "revenue_4q": null,
            "common_shares": null,
            "book_valuer_per_share": null,
            "book_valuer_per_share_4q_avg": 0,
            "equity": null,
            "current_ratio": null,
            "debt_ratio": null,
            "inventory_turnover_ratio": null,
            "account_receivable_turnover_ratio": null,
            "reinvestment_rate": null,
            "research_to_sale_ratio": null,
            "price_fair": 0,
            "eps_avg_yearly": 0,
            "eps_latest_yearly": 0,
            "eps_growth_yearly": 0
        },
        "20053": {
            "year_quarter": 20053,
            "year": 2005,
            "quarter": 3,
            "eps": null,
            "eps_growth_year": null,
            "eps_4q": null,
            "eps_4q_growth_year": null,
            "roe": null,
            "roe_4q": 0,
            "gross_profit": null,
            "gross_margin": null,
            "gross_margin_4q_avg": 0,
            "net_income": null,
            "net_income_4q": null,
            "revenue": null,
            "revenue_4q": null,
            "common_shares": null,
            "book_valuer_per_share": null,
            "book_valuer_per_share_4q_avg": 0,
            "equity": null,
            "current_ratio": null,
            "debt_ratio": null,
            "inventory_turnover_ratio": null,
            "account_receivable_turnover_ratio": null,
            "reinvestment_rate": null,
            "research_to_sale_ratio": null,
            "price_fair": 0,
            "eps_avg_yearly": 0,
            "eps_latest_yearly": 0,
            "eps_growth_yearly": 0
        },
        "20054": {
            "year_quarter": 20054,
            "year": 2005,
            "quarter": 4,
            "eps": null,
            "eps_growth_year": null,
            "eps_4q": null,
            "eps_4q_growth_year": null,
            "roe": null,
            "roe_4q": 0,
            "gross_profit": null,
            "gross_margin": null,
            "gross_margin_4q_avg": 0,
            "net_income": null,
            "net_income_4q": null,
            "revenue": null,
            "revenue_4q": null,
            "common_shares": null,
            "book_valuer_per_share": null,
            "book_valuer_per_share_4q_avg": 0,
            "equity": null,
            "current_ratio": null,
            "debt_ratio": null,
            "inventory_turnover_ratio": null,
            "account_receivable_turnover_ratio": null,
            "reinvestment_rate": null,
            "research_to_sale_ratio": null,
            "price_fair": 0,
            "eps_avg_yearly": 0,
            "eps_latest_yearly": 0,
            "eps_growth_yearly": 0
        },
        "20061": {
            "year_quarter": 20061,
            "year": 2006,
            "quarter": 1,
            "eps": null,
            "eps_growth_year": null,
            "eps_4q": null,
            "eps_4q_growth_year": null,
            "roe": null,
            "roe_4q": 0,
            "gross_profit": null,
            "gross_margin": null,
            "gross_margin_4q_avg": 0,
            "net_income": null,
            "net_income_4q": null,
            "revenue": null,
            "revenue_4q": null,
            "common_shares": null,
            "book_valuer_per_share": null,
            "book_valuer_per_share_4q_avg": 0,
            "equity": null,
            "current_ratio": null,
            "debt_ratio": null,
            "inventory_turnover_ratio": null,
            "account_receivable_turnover_ratio": null,
            "reinvestment_rate": null,
            "research_to_sale_ratio": null,
            "price_fair": 0,
            "eps_avg_yearly": 0,
            "eps_latest_yearly": 0,
            "eps_growth_yearly": 0
        },
        "20062": {
            "year_quarter": 20062,
            "year": 2006,
            "quarter": 2,
            "eps": null,
            "eps_growth_year": null,
            "eps_4q": null,
            "eps_4q_growth_year": null,
            "roe": null,
            "roe_4q": 0,
            "gross_profit": null,
            "gross_margin": null,
            "gross_margin_4q_avg": 0,
            "net_income": null,
            "net_income_4q": null,
            "revenue": null,
            "revenue_4q": null,
            "common_shares": null,
            "book_valuer_per_share": null,
            "book_valuer_per_share_4q_avg": 0,
            "equity": null,
            "current_ratio": null,
            "debt_ratio": null,
            "inventory_turnover_ratio": null,
            "account_receivable_turnover_ratio": null,
            "reinvestment_rate": null,
            "research_to_sale_ratio": null,
            "price_fair": 0,
            "eps_avg_yearly": 0,
            "eps_latest_yearly": 0,
            "eps_growth_yearly": 0
        },
        "20063": {
            "year_quarter": 20063,
            "year": 2006,
            "quarter": 3,
            "eps": null,
            "eps_growth_year": null,
            "eps_4q": null,
            "eps_4q_growth_year": null,
            "roe": null,
            "roe_4q": 0,
            "gross_profit": null,
            "gross_margin": null,
            "gross_margin_4q_avg": 0,
            "net_income": null,
            "net_income_4q": null,
            "revenue": null,
            "revenue_4q": null,
            "common_shares": null,
            "book_valuer_per_share": null,
            "book_valuer_per_share_4q_avg": 0,
            "equity": null,
            "current_ratio": null,
            "debt_ratio": null,
            "inventory_turnover_ratio": null,
            "account_receivable_turnover_ratio": null,
            "reinvestment_rate": null,
            "research_to_sale_ratio": null,
            "price_fair": 0,
            "eps_avg_yearly": 0,
            "eps_latest_yearly": 0,
            "eps_growth_yearly": 0
        },
        "20064": {
            "year_quarter": 20064,
            "year": 2006,
            "quarter": 4,
            "eps": null,
            "eps_growth_year": null,
            "eps_4q": null,
            "eps_4q_growth_year": null,
            "roe": null,
            "roe_4q": 0,
            "gross_profit": null,
            "gross_margin": null,
            "gross_margin_4q_avg": 0,
            "net_income": null,
            "net_income_4q": null,
            "revenue": null,
            "revenue_4q": null,
            "common_shares": null,
            "book_valuer_per_share": null,
            "book_valuer_per_share_4q_avg": 0,
            "equity": null,
            "current_ratio": null,
            "debt_ratio": null,
            "inventory_turnover_ratio": null,
            "account_receivable_turnover_ratio": null,
            "reinvestment_rate": null,
            "research_to_sale_ratio": null,
            "price_fair": 0,
            "eps_avg_yearly": 0,
            "eps_latest_yearly": 0,
            "eps_growth_yearly": 0
        },
        "20071": {
            "year_quarter": 20071,
            "year": 2007,
            "quarter": 1,
            "eps": null,
            "eps_growth_year": null,
            "eps_4q": null,
            "eps_4q_growth_year": null,
            "roe": null,
            "roe_4q": 0,
            "gross_profit": null,
            "gross_margin": null,
            "gross_margin_4q_avg": 0,
            "net_income": null,
            "net_income_4q": null,
            "revenue": null,
            "revenue_4q": null,
            "common_shares": null,
            "book_valuer_per_share": null,
            "book_valuer_per_share_4q_avg": 0,
            "equity": null,
            "current_ratio": null,
            "debt_ratio": null,
            "inventory_turnover_ratio": null,
            "account_receivable_turnover_ratio": null,
            "reinvestment_rate": null,
            "research_to_sale_ratio": null,
            "price_fair": 0,
            "eps_avg_yearly": 0,
            "eps_latest_yearly": 0,
            "eps_growth_yearly": 0
        },
        "20072": {
            "year_quarter": 20072,
            "year": 2007,
            "quarter": 2,
            "eps": null,
            "eps_growth_year": null,
            "eps_4q": null,
            "eps_4q_growth_year": null,
            "roe": null,
            "roe_4q": 0,
            "gross_profit": null,
            "gross_margin": null,
            "gross_margin_4q_avg": 0,
            "net_income": null,
            "net_income_4q": null,
            "revenue": null,
            "revenue_4q": null,
            "common_shares": null,
            "book_valuer_per_share": null,
            "book_valuer_per_share_4q_avg": 0,
            "equity": null,
            "current_ratio": null,
            "debt_ratio": null,
            "inventory_turnover_ratio": null,
            "account_receivable_turnover_ratio": null,
            "reinvestment_rate": null,
            "research_to_sale_ratio": null,
            "price_fair": 0,
            "eps_avg_yearly": 0,
            "eps_latest_yearly": 0,
            "eps_growth_yearly": 0
        },
        "20073": {
            "year_quarter": 20073,
            "year": 2007,
            "quarter": 3,
            "eps": null,
            "eps_growth_year": null,
            "eps_4q": null,
            "eps_4q_growth_year": null,
            "roe": null,
            "roe_4q": 0,
            "gross_profit": null,
            "gross_margin": null,
            "gross_margin_4q_avg": 0,
            "net_income": null,
            "net_income_4q": null,
            "revenue": null,
            "revenue_4q": null,
            "common_shares": null,
            "book_valuer_per_share": null,
            "book_valuer_per_share_4q_avg": 0,
            "equity": null,
            "current_ratio": null,
            "debt_ratio": null,
            "inventory_turnover_ratio": null,
            "account_receivable_turnover_ratio": null,
            "reinvestment_rate": null,
            "research_to_sale_ratio": null,
            "price_fair": 0,
            "eps_avg_yearly": 0,
            "eps_latest_yearly": 0,
            "eps_growth_yearly": 0
        },
        "20074": {
            "year_quarter": 20074,
            "year": 2007,
            "quarter": 4,
            "eps": null,
            "eps_growth_year": null,
            "eps_4q": null,
            "eps_4q_growth_year": null,
            "roe": null,
            "roe_4q": 0,
            "gross_profit": null,
            "gross_margin": null,
            "gross_margin_4q_avg": 0,
            "net_income": null,
            "net_income_4q": null,
            "revenue": null,
            "revenue_4q": null,
            "common_shares": null,
            "book_valuer_per_share": null,
            "book_valuer_per_share_4q_avg": 0,
            "equity": null,
            "current_ratio": null,
            "debt_ratio": null,
            "inventory_turnover_ratio": null,
            "account_receivable_turnover_ratio": null,
            "reinvestment_rate": null,
            "research_to_sale_ratio": null,
            "price_fair": 0,
            "eps_avg_yearly": 0,
            "eps_latest_yearly": 0,
            "eps_growth_yearly": 0
        },
        "20081": {
            "year_quarter": 20081,
            "year": 2008,
            "quarter": 1,
            "eps": null,
            "eps_growth_year": null,
            "eps_4q": null,
            "eps_4q_growth_year": null,
            "roe": null,
            "roe_4q": 0,
            "gross_profit": null,
            "gross_margin": null,
            "gross_margin_4q_avg": 0,
            "net_income": null,
            "net_income_4q": null,
            "revenue": null,
            "revenue_4q": null,
            "common_shares": null,
            "book_valuer_per_share": null,
            "book_valuer_per_share_4q_avg": 0,
            "equity": null,
            "current_ratio": null,
            "debt_ratio": null,
            "inventory_turnover_ratio": null,
            "account_receivable_turnover_ratio": null,
            "reinvestment_rate": null,
            "research_to_sale_ratio": null,
            "price_fair": 0,
            "eps_avg_yearly": 0,
            "eps_latest_yearly": 0,
            "eps_growth_yearly": 0
        },
        "20082": {
            "year_quarter": 20082,
            "year": 2008,
            "quarter": 2,
            "eps": null,
            "eps_growth_year": null,
            "eps_4q": null,
            "eps_4q_growth_year": null,
            "roe": null,
            "roe_4q": 0,
            "gross_profit": null,
            "gross_margin": null,
            "gross_margin_4q_avg": 0,
            "net_income": null,
            "net_income_4q": null,
            "revenue": null,
            "revenue_4q": null,
            "common_shares": null,
            "book_valuer_per_share": null,
            "book_valuer_per_share_4q_avg": 0,
            "equity": null,
            "current_ratio": null,
            "debt_ratio": null,
            "inventory_turnover_ratio": null,
            "account_receivable_turnover_ratio": null,
            "reinvestment_rate": null,
            "research_to_sale_ratio": null,
            "price_fair": 0,
            "eps_avg_yearly": 0,
            "eps_latest_yearly": 0,
            "eps_growth_yearly": 0
        },
        "20083": {
            "year_quarter": 20083,
            "year": 2008,
            "quarter": 3,
            "eps": null,
            "eps_growth_year": null,
            "eps_4q": null,
            "eps_4q_growth_year": null,
            "roe": null,
            "roe_4q": 0,
            "gross_profit": null,
            "gross_margin": null,
            "gross_margin_4q_avg": 0,
            "net_income": null,
            "net_income_4q": null,
            "revenue": null,
            "revenue_4q": null,
            "common_shares": null,
            "book_valuer_per_share": null,
            "book_valuer_per_share_4q_avg": 0,
            "equity": null,
            "current_ratio": null,
            "debt_ratio": null,
            "inventory_turnover_ratio": null,
            "account_receivable_turnover_ratio": null,
            "reinvestment_rate": null,
            "research_to_sale_ratio": null,
            "price_fair": 0,
            "eps_avg_yearly": 0,
            "eps_latest_yearly": 0,
            "eps_growth_yearly": 0
        },
        "20084": {
            "year_quarter": 20084,
            "year": 2008,
            "quarter": 4,
            "eps": null,
            "eps_growth_year": null,
            "eps_4q": null,
            "eps_4q_growth_year": null,
            "roe": null,
            "roe_4q": 0,
            "gross_profit": null,
            "gross_margin": null,
            "gross_margin_4q_avg": 0,
            "net_income": null,
            "net_income_4q": null,
            "revenue": null,
            "revenue_4q": null,
            "common_shares": null,
            "book_valuer_per_share": null,
            "book_valuer_per_share_4q_avg": 0,
            "equity": null,
            "current_ratio": null,
            "debt_ratio": null,
            "inventory_turnover_ratio": null,
            "account_receivable_turnover_ratio": null,
            "reinvestment_rate": null,
            "research_to_sale_ratio": null,
            "price_fair": 0,
            "eps_avg_yearly": 0,
            "eps_latest_yearly": 0,
            "eps_growth_yearly": 0
        },
        "20091": {
            "year_quarter": 20091,
            "year": 2009,
            "quarter": 1,
            "eps": null,
            "eps_growth_year": null,
            "eps_4q": null,
            "eps_4q_growth_year": null,
            "roe": null,
            "roe_4q": 0,
            "gross_profit": null,
            "gross_margin": null,
            "gross_margin_4q_avg": 0,
            "net_income": null,
            "net_income_4q": null,
            "revenue": null,
            "revenue_4q": null,
            "common_shares": null,
            "book_valuer_per_share": null,
            "book_valuer_per_share_4q_avg": 0,
            "equity": null,
            "current_ratio": null,
            "debt_ratio": null,
            "inventory_turnover_ratio": null,
            "account_receivable_turnover_ratio": null,
            "reinvestment_rate": null,
            "research_to_sale_ratio": null,
            "price_fair": 0,
            "eps_avg_yearly": 0,
            "eps_latest_yearly": 0,
            "eps_growth_yearly": 0
        },
        "20092": {
            "year_quarter": 20092,
            "year": 2009,
            "quarter": 2,
            "eps": null,
            "eps_growth_year": null,
            "eps_4q": null,
            "eps_4q_growth_year": null,
            "roe": null,
            "roe_4q": 0,
            "gross_profit": null,
            "gross_margin": null,
            "gross_margin_4q_avg": 0,
            "net_income": null,
            "net_income_4q": null,
            "revenue": null,
            "revenue_4q": null,
            "common_shares": null,
            "book_valuer_per_share": null,
            "book_valuer_per_share_4q_avg": 0,
            "equity": null,
            "current_ratio": null,
            "debt_ratio": null,
            "inventory_turnover_ratio": null,
            "account_receivable_turnover_ratio": null,
            "reinvestment_rate": null,
            "research_to_sale_ratio": null,
            "price_fair": 0,
            "eps_avg_yearly": 0,
            "eps_latest_yearly": 0,
            "eps_growth_yearly": 0
        },
        "20093": {
            "year_quarter": 20093,
            "year": 2009,
            "quarter": 3,
            "eps": null,
            "eps_growth_year": null,
            "eps_4q": null,
            "eps_4q_growth_year": null,
            "roe": null,
            "roe_4q": 0,
            "gross_profit": null,
            "gross_margin": null,
            "gross_margin_4q_avg": 0,
            "net_income": null,
            "net_income_4q": null,
            "revenue": null,
            "revenue_4q": null,
            "common_shares": null,
            "book_valuer_per_share": null,
            "book_valuer_per_share_4q_avg": 0,
            "equity": null,
            "current_ratio": null,
            "debt_ratio": null,
            "inventory_turnover_ratio": null,
            "account_receivable_turnover_ratio": null,
            "reinvestment_rate": null,
            "research_to_sale_ratio": null,
            "price_fair": 0,
            "eps_avg_yearly": 0,
            "eps_latest_yearly": 0,
            "eps_growth_yearly": 0
        },
        "20094": {
            "year_quarter": 20094,
            "year": 2009,
            "quarter": 4,
            "eps": null,
            "eps_growth_year": null,
            "eps_4q": null,
            "eps_4q_growth_year": null,
            "roe": null,
            "roe_4q": 0,
            "gross_profit": null,
            "gross_margin": null,
            "gross_margin_4q_avg": 0,
            "net_income": null,
            "net_income_4q": null,
            "revenue": null,
            "revenue_4q": null,
            "common_shares": 466000,
            "book_valuer_per_share": 11.88,
            "book_valuer_per_share_4q_avg": 2.97,
            "equity": 553707,
            "current_ratio": 142.63,
            "debt_ratio": 47.62,
            "inventory_turnover_ratio": null,
            "account_receivable_turnover_ratio": null,
            "reinvestment_rate": null,
            "research_to_sale_ratio": null,
            "price_fair": 0,
            "eps_avg_yearly": 0,
            "eps_latest_yearly": 0,
            "eps_growth_yearly": 0
        },
        "20101": {
            "year_quarter": 20101,
            "year": 2010,
            "quarter": 1,
            "eps": null,
            "eps_growth_year": null,
            "eps_4q": null,
            "eps_4q_growth_year": null,
            "roe": null,
            "roe_4q": 0,
            "gross_profit": null,
            "gross_margin": null,
            "gross_margin_4q_avg": 0,
            "net_income": null,
            "net_income_4q": null,
            "revenue": null,
            "revenue_4q": null,
            "common_shares": null,
            "book_valuer_per_share": null,
            "book_valuer_per_share_4q_avg": 2.97,
            "equity": null,
            "current_ratio": null,
            "debt_ratio": null,
            "inventory_turnover_ratio": null,
            "account_receivable_turnover_ratio": null,
            "reinvestment_rate": null,
            "research_to_sale_ratio": null,
            "price_fair": 0,
            "eps_avg_yearly": 0,
            "eps_latest_yearly": 0,
            "eps_growth_yearly": 0
        },
        "20102": {
            "year_quarter": 20102,
            "year": 2010,
            "quarter": 2,
            "eps": null,
            "eps_growth_year": null,
            "eps_4q": null,
            "eps_4q_growth_year": null,
            "roe": null,
            "roe_4q": 0,
            "gross_profit": null,
            "gross_margin": null,
            "gross_margin_4q_avg": 0,
            "net_income": null,
            "net_income_4q": null,
            "revenue": null,
            "revenue_4q": null,
            "common_shares": null,
            "book_valuer_per_share": null,
            "book_valuer_per_share_4q_avg": 2.97,
            "equity": null,
            "current_ratio": null,
            "debt_ratio": null,
            "inventory_turnover_ratio": null,
            "account_receivable_turnover_ratio": null,
            "reinvestment_rate": null,
            "research_to_sale_ratio": null,
            "price_fair": 0,
            "eps_avg_yearly": 0,
            "eps_latest_yearly": 0,
            "eps_growth_yearly": 0
        },
        "20103": {
            "year_quarter": 20103,
            "year": 2010,
            "quarter": 3,
            "eps": null,
            "eps_growth_year": null,
            "eps_4q": null,
            "eps_4q_growth_year": null,
            "roe": null,
            "roe_4q": 0,
            "gross_profit": null,
            "gross_margin": null,
            "gross_margin_4q_avg": 0,
            "net_income": null,
            "net_income_4q": null,
            "revenue": null,
            "revenue_4q": null,
            "common_shares": null,
            "book_valuer_per_share": null,
            "book_valuer_per_share_4q_avg": 2.97,
            "equity": null,
            "current_ratio": null,
            "debt_ratio": null,
            "inventory_turnover_ratio": null,
            "account_receivable_turnover_ratio": null,
            "reinvestment_rate": null,
            "research_to_sale_ratio": null,
            "price_fair": 0,
            "eps_avg_yearly": 0,
            "eps_latest_yearly": 0,
            "eps_growth_yearly": 0
        },
        "20104": {
            "year_quarter": 20104,
            "year": 2010,
            "quarter": 4,
            "eps": null,
            "eps_growth_year": null,
            "eps_4q": null,
            "eps_4q_growth_year": null,
            "roe": null,
            "roe_4q": 0,
            "gross_profit": null,
            "gross_margin": null,
            "gross_margin_4q_avg": 0,
            "net_income": null,
            "net_income_4q": null,
            "revenue": null,
            "revenue_4q": null,
            "common_shares": 520000,
            "book_valuer_per_share": 14.26,
            "book_valuer_per_share_4q_avg": 3.57,
            "equity": 1337189,
            "current_ratio": 229.01,
            "debt_ratio": 27.58,
            "inventory_turnover_ratio": null,
            "account_receivable_turnover_ratio": null,
            "reinvestment_rate": null,
            "research_to_sale_ratio": null,
            "price_fair": 0,
            "eps_avg_yearly": 0,
            "eps_latest_yearly": 0,
            "eps_growth_yearly": 0
        },
        "20111": {
            "year_quarter": 20111,
            "year": 2011,
            "quarter": 1,
            "eps": null,
            "eps_growth_year": null,
            "eps_4q": null,
            "eps_4q_growth_year": null,
            "roe": null,
            "roe_4q": 0,
            "gross_profit": null,
            "gross_margin": null,
            "gross_margin_4q_avg": 0,
            "net_income": null,
            "net_income_4q": null,
            "revenue": null,
            "revenue_4q": null,
            "common_shares": null,
            "book_valuer_per_share": null,
            "book_valuer_per_share_4q_avg": 3.57,
            "equity": null,
            "current_ratio": null,
            "debt_ratio": null,
            "inventory_turnover_ratio": null,
            "account_receivable_turnover_ratio": null,
            "reinvestment_rate": null,
            "research_to_sale_ratio": null,
            "price_fair": 0,
            "eps_avg_yearly": 0,
            "eps_latest_yearly": 0,
            "eps_growth_yearly": 0
        },
        "20112": {
            "year_quarter": 20112,
            "year": 2011,
            "quarter": 2,
            "eps": null,
            "eps_growth_year": null,
            "eps_4q": null,
            "eps_4q_growth_year": null,
            "roe": null,
            "roe_4q": 0,
            "gross_profit": null,
            "gross_margin": null,
            "gross_margin_4q_avg": 0,
            "net_income": null,
            "net_income_4q": null,
            "revenue": null,
            "revenue_4q": null,
            "common_shares": 580000,
            "book_valuer_per_share": null,
            "book_valuer_per_share_4q_avg": 3.57,
            "equity": 1369867,
            "current_ratio": null,
            "debt_ratio": null,
            "inventory_turnover_ratio": null,
            "account_receivable_turnover_ratio": null,
            "reinvestment_rate": null,
            "research_to_sale_ratio": null,
            "price_fair": 0,
            "eps_avg_yearly": 0,
            "eps_latest_yearly": 0,
            "eps_growth_yearly": 0
        },
        "20113": {
            "year_quarter": 20113,
            "year": 2011,
            "quarter": 3,
            "eps": null,
            "eps_growth_year": null,
            "eps_4q": null,
            "eps_4q_growth_year": null,
            "roe": null,
            "roe_4q": 0,
            "gross_profit": null,
            "gross_margin": null,
            "gross_margin_4q_avg": 0,
            "net_income": null,
            "net_income_4q": null,
            "revenue": null,
            "revenue_4q": null,
            "common_shares": null,
            "book_valuer_per_share": null,
            "book_valuer_per_share_4q_avg": 3.57,
            "equity": null,
            "current_ratio": null,
            "debt_ratio": null,
            "inventory_turnover_ratio": null,
            "account_receivable_turnover_ratio": null,
            "reinvestment_rate": null,
            "research_to_sale_ratio": null,
            "price_fair": 0,
            "eps_avg_yearly": 0,
            "eps_latest_yearly": 0,
            "eps_growth_yearly": 0
        },
        "20114": {
            "year_quarter": 20114,
            "year": 2011,
            "quarter": 4,
            "eps": null,
            "eps_growth_year": null,
            "eps_4q": null,
            "eps_4q_growth_year": null,
            "roe": null,
            "roe_4q": 0,
            "gross_profit": null,
            "gross_margin": null,
            "gross_margin_4q_avg": 0,
            "net_income": null,
            "net_income_4q": null,
            "revenue": null,
            "revenue_4q": null,
            "common_shares": 609000,
            "book_valuer_per_share": 15.89,
            "book_valuer_per_share_4q_avg": 3.97,
            "equity": 1378028,
            "current_ratio": 211.84,
            "debt_ratio": 32.09,
            "inventory_turnover_ratio": null,
            "account_receivable_turnover_ratio": null,
            "reinvestment_rate": null,
            "research_to_sale_ratio": null,
            "price_fair": 0,
            "eps_avg_yearly": 0,
            "eps_latest_yearly": 0,
            "eps_growth_yearly": 0
        },
        "20121": {
            "year_quarter": 20121,
            "year": 2012,
            "quarter": 1,
            "eps": null,
            "eps_growth_year": null,
            "eps_4q": null,
            "eps_4q_growth_year": null,
            "roe": null,
            "roe_4q": 0,
            "gross_profit": null,
            "gross_margin": null,
            "gross_margin_4q_avg": 0,
            "net_income": null,
            "net_income_4q": null,
            "revenue": null,
            "revenue_4q": null,
            "common_shares": null,
            "book_valuer_per_share": null,
            "book_valuer_per_share_4q_avg": 3.97,
            "equity": null,
            "current_ratio": null,
            "debt_ratio": null,
            "inventory_turnover_ratio": null,
            "account_receivable_turnover_ratio": null,
            "reinvestment_rate": null,
            "research_to_sale_ratio": null,
            "price_fair": 0,
            "eps_avg_yearly": 0,
            "eps_latest_yearly": 0,
            "eps_growth_yearly": 0
        },
        "20122": {
            "year_quarter": 20122,
            "year": 2012,
            "quarter": 2,
            "eps": null,
            "eps_growth_year": null,
            "eps_4q": null,
            "eps_4q_growth_year": null,
            "roe": null,
            "roe_4q": 0,
            "gross_profit": null,
            "gross_margin": null,
            "gross_margin_4q_avg": 0,
            "net_income": null,
            "net_income_4q": null,
            "revenue": null,
            "revenue_4q": null,
            "common_shares": 609000,
            "book_valuer_per_share": 15.47,
            "book_valuer_per_share_4q_avg": 7.84,
            "equity": 1142733,
            "current_ratio": 159.4,
            "debt_ratio": 44.32,
            "inventory_turnover_ratio": null,
            "account_receivable_turnover_ratio": null,
            "reinvestment_rate": null,
            "research_to_sale_ratio": null,
            "price_fair": 0,
            "eps_avg_yearly": 0,
            "eps_latest_yearly": 0,
            "eps_growth_yearly": 0
        },
        "20123": {
            "year_quarter": 20123,
            "year": 2012,
            "quarter": 3,
            "eps": null,
            "eps_growth_year": null,
            "eps_4q": null,
            "eps_4q_growth_year": null,
            "roe": null,
            "roe_4q": 0,
            "gross_profit": 71170,
            "gross_margin": null,
            "gross_margin_4q_avg": 0,
            "net_income": 26002,
            "net_income_4q": null,
            "revenue": 549653,
            "revenue_4q": null,
            "common_shares": 609000,
            "book_valuer_per_share": null,
            "book_valuer_per_share_4q_avg": 7.84,
            "equity": 1031504,
            "current_ratio": null,
            "debt_ratio": null,
            "inventory_turnover_ratio": null,
            "account_receivable_turnover_ratio": null,
            "reinvestment_rate": null,
            "research_to_sale_ratio": null,
            "price_fair": 0,
            "eps_avg_yearly": 0,
            "eps_latest_yearly": 0,
            "eps_growth_yearly": 0
        },
        "20124": {
            "year_quarter": 20124,
            "year": 2012,
            "quarter": 4,
            "eps": null,
            "eps_growth_year": null,
            "eps_4q": null,
            "eps_4q_growth_year": null,
            "roe": null,
            "roe_4q": 0,
            "gross_profit": 64145,
            "gross_margin": null,
            "gross_margin_4q_avg": 0,
            "net_income": 26547,
            "net_income_4q": null,
            "revenue": 512152,
            "revenue_4q": null,
            "common_shares": 609000,
            "book_valuer_per_share": 16.34,
            "book_valuer_per_share_4q_avg": 7.95,
            "equity": 994951,
            "current_ratio": 236.37,
            "debt_ratio": 47.02,
            "inventory_turnover_ratio": null,
            "account_receivable_turnover_ratio": null,
            "reinvestment_rate": null,
            "research_to_sale_ratio": null,
            "price_fair": 0,
            "eps_avg_yearly": 0,
            "eps_latest_yearly": 0,
            "eps_growth_yearly": 0
        },
        "20131": {
            "year_quarter": 20131,
            "year": 2013,
            "quarter": 1,
            "eps": null,
            "eps_growth_year": null,
            "eps_4q": null,
            "eps_4q_growth_year": null,
            "roe": null,
            "roe_4q": 0,
            "gross_profit": 66893,
            "gross_margin": null,
            "gross_margin_4q_avg": 0,
            "net_income": 28734,
            "net_income_4q": null,
            "revenue": 595373,
            "revenue_4q": null,
            "common_shares": 609000,
            "book_valuer_per_share": 18.11,
            "book_valuer_per_share_4q_avg": 12.48,
            "equity": 1102987,
            "current_ratio": 218.27,
            "debt_ratio": 47.57,
            "inventory_turnover_ratio": null,
            "account_receivable_turnover_ratio": null,
            "reinvestment_rate": null,
            "research_to_sale_ratio": null,
            "price_fair": 0,
            "eps_avg_yearly": 0,
            "eps_latest_yearly": 0,
            "eps_growth_yearly": 0
        },
        "20132": {
            "year_quarter": 20132,
            "year": 2013,
            "quarter": 2,
            "eps": 0.39,
            "eps_growth_year": null,
            "eps_4q": 0.39,
            "eps_4q_growth_year": null,
            "roe": 2.16,
            "roe_4q": 2.16,
            "gross_profit": 71174,
            "gross_margin": 10.48,
            "gross_margin_4q_avg": 2.62,
            "net_income": 23548,
            "net_income_4q": null,
            "revenue": 678931,
            "revenue_4q": null,
            "common_shares": 609000,
            "book_valuer_per_share": 17.71,
            "book_valuer_per_share_4q_avg": 13.04,
            "equity": 1078683,
            "current_ratio": 197.53,
            "debt_ratio": 50.63,
            "inventory_turnover_ratio": 1.03,
            "account_receivable_turnover_ratio": 2.36,
            "reinvestment_rate": null,
            "research_to_sale_ratio": null,
            "price_fair": 0,
            "eps_avg_yearly": 0,
            "eps_latest_yearly": 0,
            "eps_growth_yearly": 0
        },
        "20133": {
            "year_quarter": 20133,
            "year": 2013,
            "quarter": 3,
            "eps": 0.42,
            "eps_growth_year": null,
            "eps_4q": 0.81,
            "eps_4q_growth_year": null,
            "roe": 2.37,
            "roe_4q": 4.53,
            "gross_profit": 79265,
            "gross_margin": 12.58,
            "gross_margin_4q_avg": 5.77,
            "net_income": 25716,
            "net_income_4q": null,
            "revenue": 629989,
            "revenue_4q": null,
            "common_shares": 609000,
            "book_valuer_per_share": 17.99,
            "book_valuer_per_share_4q_avg": 17.54,
            "equity": 1095621,
            "current_ratio": 213.38,
            "debt_ratio": 46.37,
            "inventory_turnover_ratio": 0.96,
            "account_receivable_turnover_ratio": 1.17,
            "reinvestment_rate": null,
            "research_to_sale_ratio": 0.67,
            "price_fair": 58.8,
            "eps_avg_yearly": 1.68,
            "eps_latest_yearly": 1.68,
            "eps_growth_yearly": 30.77
        },
        "20134": {
            "year_quarter": 20134,
            "year": 2013,
            "quarter": 4,
            "eps": 0.55,
            "eps_growth_year": null,
            "eps_4q": 1.36,
            "eps_4q_growth_year": null,
            "roe": 2.97,
            "roe_4q": 7.5,
            "gross_profit": 88689,
            "gross_margin": 14.72,
            "gross_margin_4q_avg": 9.45,
            "net_income": 33283,
            "net_income_4q": null,
            "revenue": 602307,
            "revenue_4q": null,
            "common_shares": 609000,
            "book_valuer_per_share": 18.8,
            "book_valuer_per_share_4q_avg": 18.15,
            "equity": 1144738,
            "current_ratio": 221.93,
            "debt_ratio": 45.11,
            "inventory_turnover_ratio": 0.89,
            "account_receivable_turnover_ratio": 1.23,
            "reinvestment_rate": null,
            "research_to_sale_ratio": 0.72,
            "price_fair": 67.9,
            "eps_avg_yearly": 1.94,
            "eps_latest_yearly": 2.2,
            "eps_growth_yearly": 77.29
        },
        "20141": {
            "year_quarter": 20141,
            "year": 2014,
            "quarter": 1,
            "eps": 0.66,
            "eps_growth_year": null,
            "eps_4q": 1.84,
            "eps_4q_growth_year": null,
            "roe": 3.34,
            "roe_4q": 10.84,
            "gross_profit": 109703,
            "gross_margin": 17.85,
            "gross_margin_4q_avg": 13.91,
            "net_income": 42398,
            "net_income_4q": null,
            "revenue": 614731,
            "revenue_4q": null,
            "common_shares": 680000,
            "book_valuer_per_share": 20.5,
            "book_valuer_per_share_4q_avg": 18.75,
            "equity": 1393821,
            "current_ratio": 268.48,
            "debt_ratio": 37.93,
            "inventory_turnover_ratio": 0.82,
            "account_receivable_turnover_ratio": 1.2,
            "reinvestment_rate": null,
            "research_to_sale_ratio": 0.87,
            "price_fair": 76.07,
            "eps_avg_yearly": 2.17,
            "eps_latest_yearly": 2.64,
            "eps_growth_yearly": 78.19
        },
        "20142": {
            "year_quarter": 20142,
            "year": 2014,
            "quarter": 2,
            "eps": 0.85,
            "eps_growth_year": 119.83,
            "eps_4q": 2.33,
            "eps_4q_growth_year": 503.1,
            "roe": 4.19,
            "roe_4q": 12.870000000000001,
            "gross_profit": 126646,
            "gross_margin": 18.26,
            "gross_margin_4q_avg": 15.85,
            "net_income": 57177,
            "net_income_4q": null,
            "revenue": 693481,
            "revenue_4q": null,
            "common_shares": 680000,
            "book_valuer_per_share": 19.61,
            "book_valuer_per_share_4q_avg": 19.23,
            "equity": 1333621,
            "current_ratio": 246.83,
            "debt_ratio": 39.78,
            "inventory_turnover_ratio": 0.93,
            "account_receivable_turnover_ratio": 1.21,
            "reinvestment_rate": null,
            "research_to_sale_ratio": 0.74,
            "price_fair": 86.8,
            "eps_avg_yearly": 2.48,
            "eps_latest_yearly": 3.4,
            "eps_growth_yearly": 87.43
        },
        "20143": {
            "year_quarter": 20143,
            "year": 2014,
            "quarter": 3,
            "eps": 0.77,
            "eps_growth_year": 83.33,
            "eps_4q": 2.72,
            "eps_4q_growth_year": 236.6,
            "roe": 3.72,
            "roe_4q": 14.22,
            "gross_profit": 115552,
            "gross_margin": 19.15,
            "gross_margin_4q_avg": 17.5,
            "net_income": 52297,
            "net_income_4q": null,
            "revenue": 603550,
            "revenue_4q": null,
            "common_shares": 680000,
            "book_valuer_per_share": 21.69,
            "book_valuer_per_share_4q_avg": 20.15,
            "equity": 1474756,
            "current_ratio": 382.61,
            "debt_ratio": 47.28,
            "inventory_turnover_ratio": 0.79,
            "account_receivable_turnover_ratio": 0.99,
            "reinvestment_rate": null,
            "research_to_sale_ratio": 0.86,
            "price_fair": 91,
            "eps_avg_yearly": 2.6,
            "eps_latest_yearly": 3.08,
            "eps_growth_yearly": 62.42
        },
        "20144": {
            "year_quarter": 20144,
            "year": 2014,
            "quarter": 4,
            "eps": 0.84,
            "eps_growth_year": 53.82,
            "eps_4q": 3.07,
            "eps_4q_growth_year": 126.79,
            "roe": 3.77,
            "roe_4q": 15.02,
            "gross_profit": 110782,
            "gross_margin": 17.59,
            "gross_margin_4q_avg": 18.21,
            "net_income": 57163,
            "net_income_4q": null,
            "revenue": 629745,
            "revenue_4q": null,
            "common_shares": 680000,
            "book_valuer_per_share": 22.95,
            "book_valuer_per_share_4q_avg": 21.19,
            "equity": 1560436,
            "current_ratio": 485.02,
            "debt_ratio": 43.75,
            "inventory_turnover_ratio": 0.81,
            "account_receivable_turnover_ratio": 0.97,
            "reinvestment_rate": null,
            "research_to_sale_ratio": 0.74,
            "price_fair": 95.43,
            "eps_avg_yearly": 2.73,
            "eps_latest_yearly": 3.36,
            "eps_growth_yearly": 58.07
        },
        "20151": {
            "year_quarter": 20151,
            "year": 2015,
            "quarter": 1,
            "eps": 0.58,
            "eps_growth_year": -12.12,
            "eps_4q": 3.03,
            "eps_4q_growth_year": 64.72,
            "roe": 2.49,
            "roe_4q": 14.170000000000002,
            "gross_profit": 100953,
            "gross_margin": 18.05,
            "gross_margin_4q_avg": 18.26,
            "net_income": 39177,
            "net_income_4q": null,
            "revenue": 559259,
            "revenue_4q": null,
            "common_shares": 680000,
            "book_valuer_per_share": 23.39,
            "book_valuer_per_share_4q_avg": 21.91,
            "equity": 1590856,
            "current_ratio": 457.61,
            "debt_ratio": 42.78,
            "inventory_turnover_ratio": 0.72,
            "account_receivable_turnover_ratio": 0.84,
            "reinvestment_rate": null,
            "research_to_sale_ratio": 0.81,
            "price_fair": 93.4,
            "eps_avg_yearly": 2.67,
            "eps_latest_yearly": 2.32,
            "eps_growth_yearly": 32.09
        },
        "20152": {
            "year_quarter": 20152,
            "year": 2015,
            "quarter": 2,
            "eps": 0.5,
            "eps_growth_year": -41.18,
            "eps_4q": 2.44,
            "eps_4q_growth_year": 4.81,
            "roe": 2.21,
            "roe_4q": 12.190000000000001,
            "gross_profit": 105869,
            "gross_margin": 18.01,
            "gross_margin_4q_avg": 18.2,
            "net_income": 34185,
            "net_income_4q": null,
            "revenue": 587976,
            "revenue_4q": null,
            "common_shares": 680000,
            "book_valuer_per_share": 22.2,
            "book_valuer_per_share_4q_avg": 22.56,
            "equity": 1509539,
            "current_ratio": 375.43,
            "debt_ratio": 45.76,
            "inventory_turnover_ratio": 0.76,
            "account_receivable_turnover_ratio": 0.91,
            "reinvestment_rate": null,
            "research_to_sale_ratio": 1.09,
            "price_fair": 80.61,
            "eps_avg_yearly": 2.59,
            "eps_latest_yearly": 2,
            "eps_growth_yearly": 21.18
        },
        "20153": {
            "year_quarter": 20153,
            "year": 2015,
            "quarter": 3,
            "eps": 0.94,
            "eps_growth_year": 22.08,
            "eps_4q": 2.68,
            "eps_4q_growth_year": -1.45,
            "roe": 4.49,
            "roe_4q": 12.96,
            "gross_profit": 110863,
            "gross_margin": 18.03,
            "gross_margin_4q_avg": 17.92,
            "net_income": 70202,
            "net_income_4q": null,
            "revenue": 614883,
            "revenue_4q": null,
            "common_shares": 748000,
            "book_valuer_per_share": 21.59,
            "book_valuer_per_share_4q_avg": 22.53,
            "equity": 1614988,
            "current_ratio": 473.37,
            "debt_ratio": 40.56,
            "inventory_turnover_ratio": 0.81,
            "account_receivable_turnover_ratio": 0.95,
            "reinvestment_rate": null,
            "research_to_sale_ratio": 0.8,
            "price_fair": 95.04,
            "eps_avg_yearly": 2.72,
            "eps_latest_yearly": 3.76,
            "eps_growth_yearly": 57.94
        },
        "20154": {
            "year_quarter": 20154,
            "year": 2015,
            "quarter": 4,
            "eps": 0.33,
            "eps_growth_year": -60.29,
            "eps_4q": 2.25,
            "eps_4q_growth_year": -26.7,
            "roe": 1.55,
            "roe_4q": 10.74,
            "gross_profit": 77369,
            "gross_margin": 15.45,
            "gross_margin_4q_avg": 17.39,
            "net_income": 24970,
            "net_income_4q": null,
            "revenue": 500801,
            "revenue_4q": null,
            "common_shares": 748000,
            "book_valuer_per_share": 21.5,
            "book_valuer_per_share_4q_avg": 22.17,
            "equity": 1608127,
            "current_ratio": 419.29,
            "debt_ratio": 41.52,
            "inventory_turnover_ratio": 0.72,
            "account_receivable_turnover_ratio": 0.82,
            "reinvestment_rate": null,
            "research_to_sale_ratio": 1.01,
            "price_fair": 90.16,
            "eps_avg_yearly": 2.58,
            "eps_latest_yearly": 1.32,
            "eps_growth_yearly": 26.19
        },
        "20161": {
            "year_quarter": 20161,
            "year": 2016,
            "quarter": 1,
            "eps": 0.39,
            "eps_growth_year": -32.76,
            "eps_4q": 2.12,
            "eps_4q_growth_year": -29.84,
            "roe": 1.82,
            "roe_4q": 10.07,
            "gross_profit": 89953,
            "gross_margin": 16.58,
            "gross_margin_4q_avg": 17.02,
            "net_income": 29488,
            "net_income_4q": null,
            "revenue": 542523,
            "revenue_4q": null,
            "common_shares": 748000,
            "book_valuer_per_share": 21.83,
            "book_valuer_per_share_4q_avg": 21.78,
            "equity": 1633153,
            "current_ratio": 453.12,
            "debt_ratio": 39.71,
            "inventory_turnover_ratio": 0.87,
            "account_receivable_turnover_ratio": 0.96,
            "reinvestment_rate": null,
            "research_to_sale_ratio": 2.74,
            "price_fair": 86.93,
            "eps_avg_yearly": 2.48,
            "eps_latest_yearly": 1.56,
            "eps_growth_yearly": 30.42
        },
        "20162": {
            "year_quarter": 20162,
            "year": 2016,
            "quarter": 2,
            "eps": 0.33,
            "eps_growth_year": -34,
            "eps_4q": 1.99,
            "eps_4q_growth_year": -18.42,
            "roe": 1.56,
            "roe_4q": 9.42,
            "gross_profit": 100892,
            "gross_margin": 18.74,
            "gross_margin_4q_avg": 17.2,
            "net_income": 24478,
            "net_income_4q": null,
            "revenue": 538492,
            "revenue_4q": null,
            "common_shares": 748000,
            "book_valuer_per_share": 20.05,
            "book_valuer_per_share_4q_avg": 21.24,
            "equity": 1499546,
            "current_ratio": 368.47,
            "debt_ratio": 43.27,
            "inventory_turnover_ratio": 0.86,
            "account_receivable_turnover_ratio": 0.92,
            "reinvestment_rate": -44.09,
            "research_to_sale_ratio": 3.55,
            "price_fair": 78.18,
            "eps_avg_yearly": 2.39,
            "eps_latest_yearly": 1.32,
            "eps_growth_yearly": 22.76
        },
        "20163": {
            "year_quarter": 20163,
            "year": 2016,
            "quarter": 3,
            "eps": 0.53,
            "eps_growth_year": -43.62,
            "eps_4q": 1.58,
            "eps_4q_growth_year": -40.99,
            "roe": 2.63,
            "roe_4q": 7.56,
            "gross_profit": 109972,
            "gross_margin": 19.57,
            "gross_margin_4q_avg": 17.59,
            "net_income": 39514,
            "net_income_4q": null,
            "revenue": 561815,
            "revenue_4q": null,
            "common_shares": 748000,
            "book_valuer_per_share": 20.19,
            "book_valuer_per_share_4q_avg": 20.89,
            "equity": 1510313,
            "current_ratio": 144.77,
            "debt_ratio": 44.5,
            "inventory_turnover_ratio": 0.89,
            "account_receivable_turnover_ratio": 0.89,
            "reinvestment_rate": 49.25,
            "research_to_sale_ratio": 2.14,
            "price_fair": 82.82,
            "eps_avg_yearly": 2.37,
            "eps_latest_yearly": 2.12,
            "eps_growth_yearly": 39.65
        },
        "20164": {
            "year_quarter": 20164,
            "year": 2016,
            "quarter": 4,
            "eps": 0.76,
            "eps_growth_year": 127.9,
            "eps_4q": 2.01,
            "eps_4q_growth_year": -10.77,
            "roe": 3.72,
            "roe_4q": 9.73,
            "gross_profit": 104476,
            "gross_margin": 19.26,
            "gross_margin_4q_avg": 18.54,
            "net_income": 56907,
            "net_income_4q": null,
            "revenue": 542554,
            "revenue_4q": null,
            "common_shares": 748000,
            "book_valuer_per_share": 20.76,
            "book_valuer_per_share_4q_avg": 20.71,
            "equity": 1552812,
            "current_ratio": 161.07,
            "debt_ratio": 38.8,
            "inventory_turnover_ratio": 0.92,
            "account_receivable_turnover_ratio": 0.84,
            "reinvestment_rate": -77.98,
            "research_to_sale_ratio": 2.41,
            "price_fair": 84.5,
            "eps_avg_yearly": 2.41,
            "eps_latest_yearly": 3.04,
            "eps_growth_yearly": 49.22
        },
        "20171": {
            "year_quarter": 20171,
            "year": 2017,
            "quarter": 1,
            "eps": 0.26,
            "eps_growth_year": -33.33,
            "eps_4q": 1.88,
            "eps_4q_growth_year": -11.55,
            "roe": 1.27,
            "roe_4q": 9.18,
            "gross_profit": 103340,
            "gross_margin": 19.69,
            "gross_margin_4q_avg": 19.32,
            "net_income": 19595,
            "net_income_4q": null,
            "revenue": 524861,
            "revenue_4q": null,
            "common_shares": 748000,
            "book_valuer_per_share": 20.48,
            "book_valuer_per_share_4q_avg": 20.37,
            "equity": 1531885,
            "current_ratio": 157.69,
            "debt_ratio": 39.78,
            "inventory_turnover_ratio": 0.81,
            "account_receivable_turnover_ratio": 0.88,
            "reinvestment_rate": 40.95,
            "research_to_sale_ratio": 2.5,
            "price_fair": 81.29,
            "eps_avg_yearly": 2.32,
            "eps_latest_yearly": 1.04,
            "eps_growth_yearly": 28.4
        },
        "20172": {
            "year_quarter": 20172,
            "year": 2017,
            "quarter": 2,
            "eps": 0.88,
            "eps_growth_year": 166.67,
            "eps_4q": 2.38,
            "eps_4q_growth_year": 19.3,
            "roe": 4.26,
            "roe_4q": 11.879999999999999,
            "gross_profit": 153041,
            "gross_margin": 20.07,
            "gross_margin_4q_avg": 19.65,
            "net_income": 65541,
            "net_income_4q": null,
            "revenue": 762412,
            "revenue_4q": null,
            "common_shares": 748000,
            "book_valuer_per_share": 20.7,
            "book_valuer_per_share_4q_avg": 20.53,
            "equity": 1548024,
            "current_ratio": 114.17,
            "debt_ratio": 57.35,
            "inventory_turnover_ratio": 0.94,
            "account_receivable_turnover_ratio": 1.03,
            "reinvestment_rate": 74.76,
            "research_to_sale_ratio": 2,
            "price_fair": 83.91,
            "eps_avg_yearly": 2.4,
            "eps_latest_yearly": 3.52,
            "eps_growth_yearly": 86.24
        },
        "20173": {
            "year_quarter": 20173,
            "year": 2017,
            "quarter": 3,
            "eps": 1.53,
            "eps_growth_year": 188.68,
            "eps_4q": 3.16,
            "eps_4q_growth_year": 99.33,
            "roe": 6.79,
            "roe_4q": 16.04,
            "gross_profit": 239055,
            "gross_margin": 20.58,
            "gross_margin_4q_avg": 19.9,
            "net_income": 116748,
            "net_income_4q": null,
            "revenue": 1161724,
            "revenue_4q": null,
            "common_shares": 763262,
            "book_valuer_per_share": 24.74,
            "book_valuer_per_share_4q_avg": 21.67,
            "equity": 1888370,
            "current_ratio": 182.9,
            "debt_ratio": 50.67,
            "inventory_turnover_ratio": 1.14,
            "account_receivable_turnover_ratio": 1.2,
            "reinvestment_rate": 65.31,
            "research_to_sale_ratio": 1.12,
            "price_fair": 93.63,
            "eps_avg_yearly": 2.68,
            "eps_latest_yearly": 6.12,
            "eps_growth_yearly": 102.78
        },
        "20174": {
            "year_quarter": 20174,
            "year": 2017,
            "quarter": 4,
            "eps": 1.48,
            "eps_growth_year": 94.4,
            "eps_4q": 3.92,
            "eps_4q_growth_year": 94.78,
            "roe": 6.23,
            "roe_4q": 18.55,
            "gross_profit": 254358,
            "gross_margin": 20.16,
            "gross_margin_4q_avg": 20.13,
            "net_income": 122512,
            "net_income_4q": null,
            "revenue": 1261412,
            "revenue_4q": null,
            "common_shares": 819867,
            "book_valuer_per_share": 24.95,
            "book_valuer_per_share_4q_avg": 22.72,
            "equity": 2045951,
            "current_ratio": 181.72,
            "debt_ratio": 50.11,
            "inventory_turnover_ratio": 1.06,
            "account_receivable_turnover_ratio": 1.18,
            "reinvestment_rate": 62.4,
            "research_to_sale_ratio": 1.28,
            "price_fair": 101.76,
            "eps_avg_yearly": 2.91,
            "eps_latest_yearly": 5.92,
            "eps_growth_yearly": 94.22
        },
        "20181": {
            "year_quarter": 20181,
            "year": 2018,
            "quarter": 1,
            "eps": 1.17,
            "eps_growth_year": 350,
            "eps_4q": 4.8,
            "eps_4q_growth_year": 155.74,
            "roe": 4.59,
            "roe_4q": 21.869999999999997,
            "gross_profit": 237249,
            "gross_margin": 19.14,
            "gross_margin_4q_avg": 19.99,
            "net_income": 97568,
            "net_income_4q": null,
            "revenue": 1239412,
            "revenue_4q": null,
            "common_shares": 828372,
            "book_valuer_per_share": 26.57,
            "book_valuer_per_share_4q_avg": 24.24,
            "equity": 2200986,
            "current_ratio": 182.09,
            "debt_ratio": 48.25,
            "inventory_turnover_ratio": 0.95,
            "account_receivable_turnover_ratio": 1.11,
            "reinvestment_rate": 71.17,
            "research_to_sale_ratio": 1.37,
            "price_fair": 106.23,
            "eps_avg_yearly": 3.04,
            "eps_latest_yearly": 4.68,
            "eps_growth_yearly": 83.99
        },
        "20182": {
            "year_quarter": 20182,
            "year": 2018,
            "quarter": 2,
            "eps": 1.25,
            "eps_growth_year": 42.05,
            "eps_4q": 5.26,
            "eps_4q_growth_year": 121.22,
            "roe": 4.93,
            "roe_4q": 22.54,
            "gross_profit": 239559,
            "gross_margin": 18.66,
            "gross_margin_4q_avg": 19.64,
            "net_income": 104197,
            "net_income_4q": null,
            "revenue": 1284062,
            "revenue_4q": null,
            "common_shares": 837676,
            "book_valuer_per_share": 24.22,
            "book_valuer_per_share_4q_avg": 25.12,
            "equity": 2028868,
            "current_ratio": 175.83,
            "debt_ratio": 53.35,
            "inventory_turnover_ratio": 0.93,
            "account_receivable_turnover_ratio": 1.12,
            "reinvestment_rate": 66.2,
            "research_to_sale_ratio": 1.27,
            "price_fair": 109.73,
            "eps_avg_yearly": 3.14,
            "eps_latest_yearly": 5,
            "eps_growth_yearly": 78.5
        },
        "20183": {
            "year_quarter": 20183,
            "year": 2018,
            "quarter": 3,
            "eps": 1.34,
            "eps_growth_year": -12.42,
            "eps_4q": 5.18,
            "eps_4q_growth_year": 64.11,
            "roe": 5.42,
            "roe_4q": 21.17,
            "gross_profit": 241652,
            "gross_margin": 18.02,
            "gross_margin_4q_avg": 19,
            "net_income": 112241,
            "net_income_4q": null,
            "revenue": 1340845,
            "revenue_4q": null,
            "common_shares": 838114,
            "book_valuer_per_share": 25.22,
            "book_valuer_per_share_4q_avg": 25.24,
            "equity": 2113778,
            "current_ratio": 158.27,
            "debt_ratio": 51.84,
            "inventory_turnover_ratio": 1.01,
            "account_receivable_turnover_ratio": 1.17,
            "reinvestment_rate": 72.81,
            "research_to_sale_ratio": 1.17,
            "price_fair": 114.71,
            "eps_avg_yearly": 3.28,
            "eps_latest_yearly": 5.36,
            "eps_growth_yearly": 82.65
        },
        "20184": {
            "year_quarter": 20184,
            "year": 2018,
            "quarter": 4,
            "eps": 0.79,
            "eps_growth_year": -46.61,
            "eps_4q": 4.5,
            "eps_4q_growth_year": 14.93,
            "roe": 3.07,
            "roe_4q": 18.009999999999998,
            "gross_profit": 184643,
            "gross_margin": 16.13,
            "gross_margin_4q_avg": 17.99,
            "net_income": 66812,
            "net_income_4q": null,
            "revenue": 1144910,
            "revenue_4q": null,
            "common_shares": 842700,
            "book_valuer_per_share": 26.58,
            "book_valuer_per_share_4q_avg": 25.65,
            "equity": 2240127,
            "current_ratio": 201.47,
            "debt_ratio": 54.04,
            "inventory_turnover_ratio": 0.9,
            "account_receivable_turnover_ratio": 1.07,
            "reinvestment_rate": 93.75,
            "research_to_sale_ratio": 1.4,
            "price_fair": 114.28,
            "eps_avg_yearly": 3.27,
            "eps_latest_yearly": 3.16,
            "eps_growth_yearly": 70.12
        },
        "20191": {
            "year_quarter": 20191,
            "year": 2019,
            "quarter": 1,
            "eps": 0.7,
            "eps_growth_year": -40.17,
            "eps_4q": 3.99,
            "eps_4q_growth_year": -16.89,
            "roe": 2.59,
            "roe_4q": 16.009999999999998,
            "gross_profit": 173693,
            "gross_margin": 15.78,
            "gross_margin_4q_avg": 17.15,
            "net_income": 59917,
            "net_income_4q": null,
            "revenue": 1101062,
            "revenue_4q": null,
            "common_shares": 846134,
            "book_valuer_per_share": 28.13,
            "book_valuer_per_share_4q_avg": 26.04,
            "equity": 2379795,
            "current_ratio": 209.6,
            "debt_ratio": 52.58,
            "inventory_turnover_ratio": 0.82,
            "account_receivable_turnover_ratio": 1.12,
            "reinvestment_rate": 72.78,
            "research_to_sale_ratio": 1.51,
            "price_fair": 115.33,
            "eps_avg_yearly": 3.3,
            "eps_latest_yearly": 2.8,
            "eps_growth_yearly": 75.01
        },
        "20192": {
            "year_quarter": 20192,
            "year": 2019,
            "quarter": 2,
            "eps": 1,
            "eps_growth_year": -20,
            "eps_4q": 3.77,
            "eps_4q_growth_year": -28.32,
            "roe": 3.79,
            "roe_4q": 14.87,
            "gross_profit": 199580,
            "gross_margin": 17.8,
            "gross_margin_4q_avg": 16.93,
            "net_income": 85804,
            "net_income_4q": null,
            "revenue": 1121204,
            "revenue_4q": null,
            "common_shares": 859653,
            "book_valuer_per_share": 25.04,
            "book_valuer_per_share_4q_avg": 26.24,
            "equity": 2152410,
            "current_ratio": 174.96,
            "debt_ratio": 57.28,
            "inventory_turnover_ratio": 0.79,
            "account_receivable_turnover_ratio": 1.15,
            "reinvestment_rate": 71.66,
            "research_to_sale_ratio": 1.53,
            "price_fair": 119.7,
            "eps_avg_yearly": 3.42,
            "eps_latest_yearly": 4,
            "eps_growth_yearly": 89.17
        },
        "20193": {
            "year_quarter": 20193,
            "year": 2019,
            "quarter": 3,
            "eps": 0.62,
            "eps_growth_year": -53.73,
            "eps_4q": 2.83,
            "eps_4q_growth_year": -45.35,
            "roe": 2.34,
            "roe_4q": 11.79,
            "gross_profit": 161986,
            "gross_margin": 14.44,
            "gross_margin_4q_avg": 16.04,
            "net_income": 53798,
            "net_income_4q": null,
            "revenue": 1121408,
            "revenue_4q": null,
            "common_shares": 860995,
            "book_valuer_per_share": 28.32,
            "book_valuer_per_share_4q_avg": 27.02,
            "equity": 2438217,
            "current_ratio": 265.16,
            "debt_ratio": 50.73,
            "inventory_turnover_ratio": 0.81,
            "account_receivable_turnover_ratio": 1.11,
            "reinvestment_rate": 66.39,
            "research_to_sale_ratio": 1.35,
            "price_fair": 116.9,
            "eps_avg_yearly": 3.34,
            "eps_latest_yearly": 2.48,
            "eps_growth_yearly": 57.67
        },
        "20194": {
            "year_quarter": 20194,
            "year": 2019,
            "quarter": 4,
            "eps": 0.2,
            "eps_growth_year": -74.84,
            "eps_4q": 2.32,
            "eps_4q_growth_year": -48.47,
            "roe": 0.77,
            "roe_4q": 9.49,
            "gross_profit": 173388,
            "gross_margin": 15.56,
            "gross_margin_4q_avg": 15.9,
            "net_income": 18696,
            "net_income_4q": null,
            "revenue": 1114472,
            "revenue_4q": null,
            "common_shares": 940893,
            "book_valuer_per_share": 25.94,
            "book_valuer_per_share_4q_avg": 26.86,
            "equity": 2440300,
            "current_ratio": 263.94,
            "debt_ratio": 51.73,
            "inventory_turnover_ratio": 0.82,
            "account_receivable_turnover_ratio": 1.09,
            "reinvestment_rate": 61.89,
            "research_to_sale_ratio": 1.36,
            "price_fair": 115.76,
            "eps_avg_yearly": 3.31,
            "eps_latest_yearly": 0.8,
            "eps_growth_yearly": 56.96
        },
        "20201": {
            "year_quarter": 20201,
            "year": 2020,
            "quarter": 1,
            "eps": 0.15,
            "eps_growth_year": -78.57,
            "eps_4q": 1.83,
            "eps_4q_growth_year": -54.19,
            "roe": 0.59,
            "roe_4q": 7.49,
            "gross_profit": 107032,
            "gross_margin": 11.04,
            "gross_margin_4q_avg": 14.71,
            "net_income": 13754,
            "net_income_4q": null,
            "revenue": 969577,
            "revenue_4q": null,
            "common_shares": 940893,
            "book_valuer_per_share": 23.4,
            "book_valuer_per_share_4q_avg": 25.68,
            "equity": 2201562,
            "current_ratio": 219.23,
            "debt_ratio": 57.76,
            "inventory_turnover_ratio": 0.74,
            "account_receivable_turnover_ratio": 1.01,
            "reinvestment_rate": 50.28,
            "research_to_sale_ratio": 1.17,
            "price_fair": 113.66,
            "eps_avg_yearly": 3.25,
            "eps_latest_yearly": 0.6,
            "eps_growth_yearly": 46.16
        },
        "20202": {
            "year_quarter": 20202,
            "year": 2020,
            "quarter": 2,
            "eps": 0.31,
            "eps_growth_year": -69,
            "eps_4q": 1.23,
            "eps_4q_growth_year": -67.51,
            "roe": 1.32,
            "roe_4q": 5.02,
            "gross_profit": 145326,
            "gross_margin": 13.15,
            "gross_margin_4q_avg": 13.55,
            "net_income": 29079,
            "net_income_4q": null,
            "revenue": 1105151,
            "revenue_4q": null,
            "common_shares": 940893,
            "book_valuer_per_share": 23.47,
            "book_valuer_per_share_4q_avg": 25.28,
            "equity": 2208388,
            "current_ratio": 213.15,
            "debt_ratio": 56.4,
            "inventory_turnover_ratio": 0.83,
            "account_receivable_turnover_ratio": 1.2,
            "reinvestment_rate": 45.76,
            "research_to_sale_ratio": 1.15,
            "price_fair": 113.49,
            "eps_avg_yearly": 3.24,
            "eps_latest_yearly": 1.24,
            "eps_growth_yearly": 76.68
        },
        "20203": {
            "year_quarter": 20203,
            "year": 2020,
            "quarter": 3,
            "eps": 0.21,
            "eps_growth_year": -66.13,
            "eps_4q": 0.87,
            "eps_4q_growth_year": -69.36,
            "roe": 0.9,
            "roe_4q": 3.58,
            "gross_profit": 151678,
            "gross_margin": 15.23,
            "gross_margin_4q_avg": 13.75,
            "net_income": 20088,
            "net_income_4q": null,
            "revenue": 996180,
            "revenue_4q": null,
            "common_shares": 940893,
            "book_valuer_per_share": 23.94,
            "book_valuer_per_share_4q_avg": 24.19,
            "equity": 2252206,
            "current_ratio": 309.87,
            "debt_ratio": 56.61,
            "inventory_turnover_ratio": 0.76,
            "account_receivable_turnover_ratio": 1.09,
            "reinvestment_rate": 47.21,
            "research_to_sale_ratio": 1.22,
            "price_fair": 110.69,
            "eps_avg_yearly": 3.16,
            "eps_latest_yearly": 0.84,
            "eps_growth_yearly": 53.46
        },
        "20204": {
            "year_quarter": 20204,
            "year": 2020,
            "quarter": 4,
            "eps": 0.7,
            "eps_growth_year": 253.64,
            "eps_4q": 1.37,
            "eps_4q_growth_year": -40.87,
            "roe": 2.87,
            "roe_4q": 5.68,
            "gross_profit": 221984,
            "gross_margin": 17.39,
            "gross_margin_4q_avg": 14.2,
            "net_income": 66117,
            "net_income_4q": null,
            "revenue": 1276284,
            "revenue_4q": null,
            "common_shares": 940893,
            "book_valuer_per_share": 24.99,
            "book_valuer_per_share_4q_avg": 23.95,
            "equity": 2351290,
            "current_ratio": 241.12,
            "debt_ratio": 56.34,
            "inventory_turnover_ratio": 0.92,
            "account_receivable_turnover_ratio": 1.36,
            "reinvestment_rate": 52.14,
            "research_to_sale_ratio": 1.09,
            "price_fair": 110.16,
            "eps_avg_yearly": 3.15,
            "eps_latest_yearly": 2.8,
            "eps_growth_yearly": 100.94
        },
        "20211": {
            "year_quarter": 20211,
            "year": 2021,
            "quarter": 1,
            "eps": 1.2,
            "eps_growth_year": 700,
            "eps_4q": 2.42,
            "eps_4q_growth_year": 32.41,
            "roe": 4.95,
            "roe_4q": 10.040000000000001,
            "gross_profit": 253289,
            "gross_margin": 17.44,
            "gross_margin_4q_avg": 15.8,
            "net_income": 112529,
            "net_income_4q": null,
            "revenue": 1452312,
            "revenue_4q": null,
            "common_shares": 940893,
            "book_valuer_per_share": 23.38,
            "book_valuer_per_share_4q_avg": 23.95,
            "equity": 2199519,
            "current_ratio": 209.2,
            "debt_ratio": 60.21,
            "inventory_turnover_ratio": 0.98,
            "account_receivable_turnover_ratio": 1.34,
            "reinvestment_rate": 49,
            "research_to_sale_ratio": 1.3,
            "price_fair": 118.39,
            "eps_avg_yearly": 3.38,
            "eps_latest_yearly": 4.8,
            "eps_growth_yearly": 135.25
        },
        "20212": {
            "year_quarter": 20212,
            "year": 2021,
            "quarter": 2,
            "eps": 1.54,
            "eps_growth_year": 396.77,
            "eps_4q": 3.66,
            "eps_4q_growth_year": 198.62,
            "roe": 6.44,
            "roe_4q": 15.160000000000002,
            "gross_profit": 321571,
            "gross_margin": 19.62,
            "gross_margin_4q_avg": 17.42,
            "net_income": 145655,
            "net_income_4q": null,
            "revenue": 1638952,
            "revenue_4q": null,
            "common_shares": 940893,
            "book_valuer_per_share": 24.71,
            "book_valuer_per_share_4q_avg": 24.26,
            "equity": 2324877,
            "current_ratio": 228.22,
            "debt_ratio": 58.24,
            "inventory_turnover_ratio": 1.03,
            "account_receivable_turnover_ratio": 1.32,
            "reinvestment_rate": 26.42,
            "research_to_sale_ratio": 1.21,
            "price_fair": 124.16,
            "eps_avg_yearly": 3.55,
            "eps_latest_yearly": 6.16,
            "eps_growth_yearly": 82.72
        },
        "20213": {
            "year_quarter": 20213,
            "year": 2021,
            "quarter": 3,
            "eps": 1.15,
            "eps_growth_year": 447.62,
            "eps_4q": 4.28,
            "eps_4q_growth_year": 393.22,
            "roe": 4.16,
            "roe_4q": 18.42,
            "gross_profit": 253316,
            "gross_margin": 15.68,
            "gross_margin_4q_avg": 17.53,
            "net_income": 110168,
            "net_income_4q": null,
            "revenue": 1615495,
            "revenue_4q": null,
            "common_shares": 940893,
            "book_valuer_per_share": 31.55,
            "book_valuer_per_share_4q_avg": 26.16,
            "equity": 2968437,
            "current_ratio": 401.79,
            "debt_ratio": 45.96,
            "inventory_turnover_ratio": 1.04,
            "account_receivable_turnover_ratio": 1.25,
            "reinvestment_rate": 26.14,
            "research_to_sale_ratio": 1.2,
            "price_fair": 120.84,
            "eps_avg_yearly": 3.45,
            "eps_latest_yearly": 4.6,
            "eps_growth_yearly": 57.92
        },
        "20214": {
            "year_quarter": 20214,
            "year": 2021,
            "quarter": 4,
            "eps": 0.98,
            "eps_growth_year": 39.88,
            "eps_4q": 4.59,
            "eps_4q_growth_year": 234.89,
            "roe": 3.32,
            "roe_4q": 18.87,
            "gross_profit": 291515,
            "gross_margin": 17.94,
            "gross_margin_4q_avg": 17.67,
            "net_income": 100303,
            "net_income_4q": null,
            "revenue": 1625134,
            "revenue_4q": null,
            "common_shares": 1020409,
            "book_valuer_per_share": 30.15,
            "book_valuer_per_share_4q_avg": 27.45,
            "equity": 3076938,
            "current_ratio": 395.94,
            "debt_ratio": 45.11,
            "inventory_turnover_ratio": 0.96,
            "account_receivable_turnover_ratio": 1.26,
            "reinvestment_rate": 21.72,
            "research_to_sale_ratio": 3.66,
            "price_fair": 116.46,
            "eps_avg_yearly": 3.33,
            "eps_latest_yearly": 3.92,
            "eps_growth_yearly": 55.04
        },
        "20221": {
            "year_quarter": 20221,
            "year": 2022,
            "quarter": 1,
            "eps": 1.12,
            "eps_growth_year": -6.67,
            "eps_4q": 4.61,
            "eps_4q_growth_year": 90.47,
            "roe": 3.87,
            "roe_4q": 17.79,
            "gross_profit": 244424,
            "gross_margin": 15.26,
            "gross_margin_4q_avg": 17.13,
            "net_income": 114464,
            "net_income_4q": null,
            "revenue": 1602118,
            "revenue_4q": null,
            "common_shares": 1020409,
            "book_valuer_per_share": 27.81,
            "book_valuer_per_share_4q_avg": 28.56,
            "equity": 2838261,
            "current_ratio": 282.9,
            "debt_ratio": 50.05,
            "inventory_turnover_ratio": 0.89,
            "account_receivable_turnover_ratio": 1.23,
            "reinvestment_rate": 14.79,
            "research_to_sale_ratio": 1.66,
            "price_fair": 116.03,
            "eps_avg_yearly": 3.32,
            "eps_latest_yearly": 4.48,
            "eps_growth_yearly": 63.85
        },
        "20222": {
            "year_quarter": 20222,
            "year": 2022,
            "quarter": 2,
            "eps": 1.69,
            "eps_growth_year": 9.74,
            "eps_4q": 4.87,
            "eps_4q_growth_year": 33.11,
            "roe": 5.93,
            "roe_4q": 17.28,
            "gross_profit": 305863,
            "gross_margin": 18.18,
            "gross_margin_4q_avg": 16.77,
            "net_income": 172223,
            "net_income_4q": null,
            "revenue": 1682483,
            "revenue_4q": null,
            "common_shares": 1020409,
            "book_valuer_per_share": 29.1,
            "book_valuer_per_share_4q_avg": 29.65,
            "equity": 2969350,
            "current_ratio": 254,
            "debt_ratio": 51.85,
            "inventory_turnover_ratio": 0.83,
            "account_receivable_turnover_ratio": 1.31,
            "reinvestment_rate": 11.72,
            "research_to_sale_ratio": 1.55,
            "price_fair": 119.88,
            "eps_avg_yearly": 3.43,
            "eps_latest_yearly": 6.76,
            "eps_growth_yearly": 74.86
        },
        "20223": {
            "year_quarter": 20223,
            "year": 2022,
            "quarter": 3,
            "eps": 1.02,
            "eps_growth_year": -11.3,
            "eps_4q": 4.81,
            "eps_4q_growth_year": 12.44,
            "roe": 3.43,
            "roe_4q": 16.55,
            "gross_profit": 221858,
            "gross_margin": 13.82,
            "gross_margin_4q_avg": 16.3,
            "net_income": 103877,
            "net_income_4q": null,
            "revenue": 1605320,
            "revenue_4q": null,
            "common_shares": 1020409,
            "book_valuer_per_share": 30.3,
            "book_valuer_per_share_4q_avg": 29.34,
            "equity": 3091854,
            "current_ratio": 319.21,
            "debt_ratio": 46.52,
            "inventory_turnover_ratio": 0.79,
            "account_receivable_turnover_ratio": 1.29,
            "reinvestment_rate": 3.1,
            "research_to_sale_ratio": 1.78,
            "price_fair": 117.08,
            "eps_avg_yearly": 3.35,
            "eps_latest_yearly": 4.08,
            "eps_growth_yearly": 63.15
        },
        "20224": {
            "year_quarter": 20224,
            "year": 2022,
            "quarter": 4,
            "eps": 0.26,
            "eps_growth_year": -73.92,
            "eps_4q": 4.08,
            "eps_4q_growth_year": -11.08,
            "roe": 0.84,
            "roe_4q": 14.07,
            "gross_profit": 178989,
            "gross_margin": 12.93,
            "gross_margin_4q_avg": 15.05,
            "net_income": 26162,
            "net_income_4q": null,
            "revenue": 1384479,
            "revenue_4q": null,
            "common_shares": 1020409,
            "book_valuer_per_share": 30.54,
            "book_valuer_per_share_4q_avg": 29.44,
            "equity": 3115898,
            "current_ratio": 367.15,
            "debt_ratio": 43.67,
            "inventory_turnover_ratio": 0.7,
            "account_receivable_turnover_ratio": 1.26,
            "reinvestment_rate": -14.65,
            "research_to_sale_ratio": 1.96,
            "price_fair": 112.44,
            "eps_avg_yearly": 3.21,
            "eps_latest_yearly": 1.04,
            "eps_growth_yearly": 54.79
        },
        "20231": {
            "year_quarter": 20231,
            "year": 2023,
            "quarter": 1,
            "eps": 0.14,
            "eps_growth_year": -87.5,
            "eps_4q": 3.1,
            "eps_4q_growth_year": -32.67,
            "roe": 0.5,
            "roe_4q": 10.7,
            "gross_profit": 156482,
            "gross_margin": 12.19,
            "gross_margin_4q_avg": 14.28,
            "net_income": 14571,
            "net_income_4q": null,
            "revenue": 1283250,
            "revenue_4q": null,
            "common_shares": 1020409,
            "book_valuer_per_share": 27.15,
            "book_valuer_per_share_4q_avg": 29.27,
            "equity": 2770209,
            "current_ratio": 294.73,
            "debt_ratio": 48.15,
            "inventory_turnover_ratio": 0.69,
            "account_receivable_turnover_ratio": 1.34,
            "reinvestment_rate": -1.45,
            "research_to_sale_ratio": 1.95,
            "price_fair": 107.54,
            "eps_avg_yearly": 3.07,
            "eps_latest_yearly": 0.56,
            "eps_growth_yearly": 46.1
        },
        "20232": {
            "year_quarter": 20232,
            "year": 2023,
            "quarter": 2,
            "eps": 0.93,
            "eps_growth_year": -44.97,
            "eps_4q": 2.35,
            "eps_4q_growth_year": -51.85,
            "roe": 3.41,
            "roe_4q": 8.18,
            "gross_profit": 177717,
            "gross_margin": 14.14,
            "gross_margin_4q_avg": 13.27,
            "net_income": 94765,
            "net_income_4q": null,
            "revenue": 1257068,
            "revenue_4q": null,
            "common_shares": 1020409,
            "book_valuer_per_share": 27.28,
            "book_valuer_per_share_4q_avg": 28.82,
            "equity": 2784046,
            "current_ratio": 306.7,
            "debt_ratio": 46.38,
            "inventory_turnover_ratio": 0.73,
            "account_receivable_turnover_ratio": 1.4,
            "reinvestment_rate": -10.16,
            "research_to_sale_ratio": 1.95,
            "price_fair": 106.93,
            "eps_avg_yearly": 3.06,
            "eps_latest_yearly": 3.72,
            "eps_growth_yearly": 176.45
        },
        "20233": {
            "year_quarter": 20233,
            "year": 2023,
            "quarter": 3,
            "eps": 0.46,
            "eps_growth_year": -54.9,
            "eps_4q": 1.79,
            "eps_4q_growth_year": -62.89,
            "roe": 1.65,
            "roe_4q": 6.4,
            "gross_profit": 193818,
            "gross_margin": 14.63,
            "gross_margin_4q_avg": 13.47,
            "net_income": 46684,
            "net_income_4q": null,
            "revenue": 1325246,
            "revenue_4q": null,
            "common_shares": 1020409,
            "book_valuer_per_share": 28.28,
            "book_valuer_per_share_4q_avg": 28.31,
            "equity": 2885845,
            "current_ratio": 341.73,
            "debt_ratio": 45.74,
            "inventory_turnover_ratio": 0.82,
            "account_receivable_turnover_ratio": 1.42,
            "reinvestment_rate": -9.32,
            "research_to_sale_ratio": 2.3,
            "price_fair": 105.53,
            "eps_avg_yearly": 3.02,
            "eps_latest_yearly": 1.84,
            "eps_growth_yearly": 173.32
        }
    },
    "months": {
        "2012-09": {
            "month": "2012-09",
            "price": "26.41",
            "revenue": 130714
        },
        "2012-10": {
            "month": "2012-10",
            "price": "25.07",
            "revenue": 127876
        },
        "2012-11": {
            "month": "2012-11",
            "price": "24.91",
            "revenue": 151049
        },
        "2012-12": {
            "month": "2012-12",
            "price": "24.98",
            "revenue": 155407
        },
        "2013-01": {
            "month": "2013-01",
            "price": "24.95",
            "revenue": 206279
        },
        "2013-02": {
            "month": "2013-02",
            "price": "26.07",
            "revenue": 172350
        },
        "2013-03": {
            "month": "2013-03",
            "price": "30.38",
            "revenue": 216744
        },
        "2013-04": {
            "month": "2013-04",
            "price": "30.39",
            "revenue": 227635
        },
        "2013-05": {
            "month": "2013-05",
            "price": "30.49",
            "revenue": 231242
        },
        "2013-06": {
            "month": "2013-06",
            "price": "32.07",
            "revenue": 220054
        },
        "2013-07": {
            "month": "2013-07",
            "price": "32.15",
            "revenue": 207909
        },
        "2013-08": {
            "month": "2013-08",
            "price": "34.07",
            "revenue": 234801
        },
        "2013-09": {
            "month": "2013-09",
            "price": "35.16",
            "revenue": 187279
        },
        "2013-10": {
            "month": "2013-10",
            "price": "34.80",
            "revenue": 185306
        },
        "2013-11": {
            "month": "2013-11",
            "price": "36.37",
            "revenue": 205914
        },
        "2013-12": {
            "month": "2013-12",
            "price": "37.67",
            "revenue": 211087
        },
        "2014-01": {
            "month": "2014-01",
            "price": "40.54",
            "revenue": 216744
        },
        "2014-02": {
            "month": "2014-02",
            "price": "38.68",
            "revenue": 174234
        },
        "2014-03": {
            "month": "2014-03",
            "price": "39.58",
            "revenue": 223753
        },
        "2014-04": {
            "month": "2014-04",
            "price": "41.45",
            "revenue": 227793
        },
        "2014-05": {
            "month": "2014-05",
            "price": "45.38",
            "revenue": 228741
        },
        "2014-06": {
            "month": "2014-06",
            "price": "46.96",
            "revenue": 236947
        },
        "2014-07": {
            "month": "2014-07",
            "price": "46.30",
            "revenue": 197868
        },
        "2014-08": {
            "month": "2014-08",
            "price": "46.76",
            "revenue": 212949
        },
        "2014-09": {
            "month": "2014-09",
            "price": "46.28",
            "revenue": 192733
        },
        "2014-10": {
            "month": "2014-10",
            "price": "44.76",
            "revenue": 194983
        },
        "2014-11": {
            "month": "2014-11",
            "price": "46.13",
            "revenue": 194642
        },
        "2014-12": {
            "month": "2014-12",
            "price": "45.86",
            "revenue": 240120
        },
        "2015-01": {
            "month": "2015-01",
            "price": "44.87",
            "revenue": 201246
        },
        "2015-02": {
            "month": "2015-02",
            "price": "44.69",
            "revenue": 144037
        },
        "2015-03": {
            "month": "2015-03",
            "price": "44.61",
            "revenue": 213976
        },
        "2015-04": {
            "month": "2015-04",
            "price": "44.96",
            "revenue": 204774
        },
        "2015-05": {
            "month": "2015-05",
            "price": "44.84",
            "revenue": 178104
        },
        "2015-06": {
            "month": "2015-06",
            "price": "42.79",
            "revenue": 205098
        },
        "2015-07": {
            "month": "2015-07",
            "price": "39.73",
            "revenue": 210393
        },
        "2015-08": {
            "month": "2015-08",
            "price": "33.26",
            "revenue": 195396
        },
        "2015-09": {
            "month": "2015-09",
            "price": "31.98",
            "revenue": 209094
        },
        "2015-10": {
            "month": "2015-10",
            "price": "31.52",
            "revenue": 167931
        },
        "2015-11": {
            "month": "2015-11",
            "price": "31.11",
            "revenue": 143734
        },
        "2015-12": {
            "month": "2015-12",
            "price": "29.84",
            "revenue": 189136
        },
        "2016-01": {
            "month": "2016-01",
            "price": "29.03",
            "revenue": 181559
        },
        "2016-02": {
            "month": "2016-02",
            "price": "28.19",
            "revenue": 155827
        },
        "2016-03": {
            "month": "2016-03",
            "price": "31.82",
            "revenue": 205137
        },
        "2016-04": {
            "month": "2016-04",
            "price": "33.06",
            "revenue": 173626
        },
        "2016-05": {
            "month": "2016-05",
            "price": "30.73",
            "revenue": 180380
        },
        "2016-06": {
            "month": "2016-06",
            "price": "29.71",
            "revenue": 184486
        },
        "2016-07": {
            "month": "2016-07",
            "price": "29.31",
            "revenue": 179635
        },
        "2016-08": {
            "month": "2016-08",
            "price": "28.45",
            "revenue": 194215
        },
        "2016-09": {
            "month": "2016-09",
            "price": "28.08",
            "revenue": 187965
        },
        "2016-10": {
            "month": "2016-10",
            "price": "31.90",
            "revenue": 174437
        },
        "2016-11": {
            "month": "2016-11",
            "price": "35.84",
            "revenue": 172521
        },
        "2016-12": {
            "month": "2016-12",
            "price": "34.64",
            "revenue": 195596
        },
        "2017-01": {
            "month": "2017-01",
            "price": "35.52",
            "revenue": 164344
        },
        "2017-02": {
            "month": "2017-02",
            "price": "37.26",
            "revenue": 149410
        },
        "2017-03": {
            "month": "2017-03",
            "price": "36.88",
            "revenue": 211107
        },
        "2017-04": {
            "month": "2017-04",
            "price": "37.04",
            "revenue": 199510
        },
        "2017-05": {
            "month": "2017-05",
            "price": "41.17",
            "revenue": 207188
        },
        "2017-06": {
            "month": "2017-06",
            "price": "45.17",
            "revenue": 355714
        },
        "2017-07": {
            "month": "2017-07",
            "price": "46.35",
            "revenue": 373173
        },
        "2017-08": {
            "month": "2017-08",
            "price": "46.98",
            "revenue": 391316
        },
        "2017-09": {
            "month": "2017-09",
            "price": "64.73",
            "revenue": 397235
        },
        "2017-10": {
            "month": "2017-10",
            "price": "80.97",
            "revenue": 405329
        },
        "2017-11": {
            "month": "2017-11",
            "price": "81.50",
            "revenue": 416633
        },
        "2017-12": {
            "month": "2017-12",
            "price": "80.59",
            "revenue": 439450
        },
        "2018-01": {
            "month": "2018-01",
            "price": "91.40",
            "revenue": 444623
        },
        "2018-02": {
            "month": "2018-02",
            "price": "88.08",
            "revenue": 353715
        },
        "2018-03": {
            "month": "2018-03",
            "price": "91.58",
            "revenue": 441074
        },
        "2018-04": {
            "month": "2018-04",
            "price": "89.57",
            "revenue": 428267
        },
        "2018-05": {
            "month": "2018-05",
            "price": "83.41",
            "revenue": 434495
        },
        "2018-06": {
            "month": "2018-06",
            "price": "85.07",
            "revenue": 421300
        },
        "2018-07": {
            "month": "2018-07",
            "price": "80.20",
            "revenue": 441802
        },
        "2018-08": {
            "month": "2018-08",
            "price": "80.00",
            "revenue": 467911
        },
        "2018-09": {
            "month": "2018-09",
            "price": "76.82",
            "revenue": 431132
        },
        "2018-10": {
            "month": "2018-10",
            "price": "70.99",
            "revenue": 419530
        },
        "2018-11": {
            "month": "2018-11",
            "price": "69.51",
            "revenue": 382383
        },
        "2018-12": {
            "month": "2018-12",
            "price": "68.94",
            "revenue": 342997
        },
        "2019-01": {
            "month": "2019-01",
            "price": "67.48",
            "revenue": 400327
        },
        "2019-02": {
            "month": "2019-02",
            "price": "70.45",
            "revenue": 316802
        },
        "2019-03": {
            "month": "2019-03",
            "price": "69.15",
            "revenue": 383933
        },
        "2019-04": {
            "month": "2019-04",
            "price": "68.20",
            "revenue": 382228
        },
        "2019-05": {
            "month": "2019-05",
            "price": "64.30",
            "revenue": 370821
        },
        "2019-06": {
            "month": "2019-06",
            "price": "62.69",
            "revenue": 368155
        },
        "2019-07": {
            "month": "2019-07",
            "price": "64.88",
            "revenue": 391694
        },
        "2019-08": {
            "month": "2019-08",
            "price": "61.08",
            "revenue": 357305
        },
        "2019-09": {
            "month": "2019-09",
            "price": "57.54",
            "revenue": 372409
        },
        "2019-10": {
            "month": "2019-10",
            "price": "53.07",
            "revenue": 375258
        },
        "2019-11": {
            "month": "2019-11",
            "price": "62.13",
            "revenue": 376794
        },
        "2019-12": {
            "month": "2019-12",
            "price": "62.86",
            "revenue": 362420
        },
        "2020-01": {
            "month": "2020-01",
            "price": "70.36",
            "revenue": 318399
        },
        "2020-02": {
            "month": "2020-02",
            "price": "58.99",
            "revenue": 295250
        },
        "2020-03": {
            "month": "2020-03",
            "price": "43.90",
            "revenue": 355928
        },
        "2020-04": {
            "month": "2020-04",
            "price": "42.06",
            "revenue": 379315
        },
        "2020-05": {
            "month": "2020-05",
            "price": "42.94",
            "revenue": 352574
        },
        "2020-06": {
            "month": "2020-06",
            "price": "45.41",
            "revenue": 373262
        },
        "2020-07": {
            "month": "2020-07",
            "price": "46.36",
            "revenue": 322746
        },
        "2020-08": {
            "month": "2020-08",
            "price": "42.19",
            "revenue": 315987
        },
        "2020-09": {
            "month": "2020-09",
            "price": "44.31",
            "revenue": 357447
        },
        "2020-10": {
            "month": "2020-10",
            "price": "45.57",
            "revenue": 381640
        },
        "2020-11": {
            "month": "2020-11",
            "price": "50.13",
            "revenue": 423307
        },
        "2020-12": {
            "month": "2020-12",
            "price": "65.13",
            "revenue": 471337
        },
        "2021-01": {
            "month": "2021-01",
            "price": "70.83",
            "revenue": 504363
        },
        "2021-02": {
            "month": "2021-02",
            "price": "69.18",
            "revenue": 430795
        },
        "2021-03": {
            "month": "2021-03",
            "price": "73.94",
            "revenue": 517154
        },
        "2021-04": {
            "month": "2021-04",
            "price": "80.00",
            "revenue": 566678
        },
        "2021-05": {
            "month": "2021-05",
            "price": "68.42",
            "revenue": 525281
        },
        "2021-06": {
            "month": "2021-06",
            "price": "83.42",
            "revenue": 546993
        },
        "2021-07": {
            "month": "2021-07",
            "price": "116.81",
            "revenue": 570973
        },
        "2021-08": {
            "month": "2021-08",
            "price": "115.57",
            "revenue": 514158
        },
        "2021-09": {
            "month": "2021-09",
            "price": "100.64",
            "revenue": 530364
        },
        "2021-10": {
            "month": "2021-10",
            "price": "109.28",
            "revenue": 521438
        },
        "2021-11": {
            "month": "2021-11",
            "price": "113.48",
            "revenue": 554650
        },
        "2021-12": {
            "month": "2021-12",
            "price": "104.84",
            "revenue": 549042
        },
        "2022-01": {
            "month": "2022-01",
            "price": "96.69",
            "revenue": 549158
        },
        "2022-02": {
            "month": "2022-02",
            "price": "97.93",
            "revenue": 505571
        },
        "2022-03": {
            "month": "2022-03",
            "price": "96.36",
            "revenue": 547389
        },
        "2022-04": {
            "month": "2022-04",
            "price": "93.17",
            "revenue": 542632
        },
        "2022-05": {
            "month": "2022-05",
            "price": "83.57",
            "revenue": 574781
        },
        "2022-06": {
            "month": "2022-06",
            "price": "90.64",
            "revenue": 565070
        },
        "2022-07": {
            "month": "2022-07",
            "price": "80.39",
            "revenue": 557922
        },
        "2022-08": {
            "month": "2022-08",
            "price": "83.96",
            "revenue": 547000
        },
        "2022-09": {
            "month": "2022-09",
            "price": "76.60",
            "revenue": 500398
        },
        "2022-10": {
            "month": "2022-10",
            "price": "63.22",
            "revenue": 463403
        },
        "2022-11": {
            "month": "2022-11",
            "price": "64.16",
            "revenue": 452763
        },
        "2022-12": {
            "month": "2022-12",
            "price": "63.44",
            "revenue": 468313
        },
        "2023-01": {
            "month": "2023-01",
            "price": "62.68",
            "revenue": 411754
        },
        "2023-02": {
            "month": "2023-02",
            "price": "77.18",
            "revenue": 426225
        },
        "2023-03": {
            "month": "2023-03",
            "price": "85.34",
            "revenue": 445271
        },
        "2023-04": {
            "month": "2023-04",
            "price": "82.92",
            "revenue": 430831
        },
        "2023-05": {
            "month": "2023-05",
            "price": "74.19",
            "revenue": 391775
        },
        "2023-06": {
            "month": "2023-06",
            "price": "74.10",
            "revenue": 434462
        },
        "2023-07": {
            "month": "2023-07",
            "price": "78.60",
            "revenue": 458234
        },
        "2023-08": {
            "month": "2023-08",
            "price": "79.92",
            "revenue": 453706
        },
        "2023-09": {
            "month": "2023-09",
            "price": "82.10",
            "revenue": 413306
        },
        "2023-10": {
            "month": "2023-10",
            "price": "75.88",
            "revenue": 398246
        },
        "2023-11": {
            "month": "2023-11",
            "price": "73.05",
            "revenue": 447201
        },
        "2023-12": {
            "month": "2023-12",
            "price": "72.32",
            "revenue": 420541
        }
    }
}
