{
    "summary": {
        "stock_name": "數字",
        "stock_id": "5287",
        "category": "數位雲端",
        "main_business": "網路媒合平台",
        "website_url": "http://www.addcn.com",
        "ceo": "吳聰賢",
        "pe_ratio": 16,
        "report_year_from": 2011,
        "report_year_to": 2023,
        "age": 13,
        "eps_negative_percentage": 0,
        "eps_growth_avg": {
            "last_all": -1.01,
            "last_2y": -10.21,
            "last_4y": -5.17,
            "last_8y": -2.75,
            "last_12y": null,
            "last_16y": null,
            "last_20y": null,
            "at_2006_last_3y": null,
            "at_2007_last_3y": null,
            "at_2008_last_3y": null,
            "at_2009_last_3y": null,
            "at_2010_last_3y": null,
            "at_2011_last_3y": null,
            "at_2012_last_3y": null,
            "at_2013_last_3y": null,
            "at_2014_last_3y": null,
            "at_2015_last_3y": null,
            "at_2016_last_3y": null,
            "at_2017_last_3y": 5.52,
            "at_2018_last_3y": 0.27,
            "at_2019_last_3y": 2.76,
            "at_2020_last_3y": 2.9,
            "at_2021_last_3y": -2.03,
            "at_2022_last_3y": -1.59,
            "at_2023_last_3y": -6.63,
            "at_2024_last_3y": -6.63,
            "at_2006_last_all": null,
            "at_2007_last_all": null,
            "at_2008_last_all": null,
            "at_2009_last_all": null,
            "at_2010_last_all": null,
            "at_2011_last_all": null,
            "at_2012_last_all": null,
            "at_2013_last_all": null,
            "at_2014_last_all": null,
            "at_2015_last_all": 2.72,
            "at_2016_last_all": 2.99,
            "at_2017_last_all": 5.52,
            "at_2018_last_all": 3.16,
            "at_2019_last_all": 2.74,
            "at_2020_last_all": 2.94,
            "at_2021_last_all": 1.75,
            "at_2022_last_all": 1.05,
            "at_2023_last_all": -1.01,
            "at_2024_last_all": -1.01
        },
        "latest_eps": 12.9,
        "latest_price": 209,
        "latest_roe": 38.75,
        "latest_gross_margin": 70.42,
        "latest_equity": 1913322,
        "latest_revenue": 560704,
        "latest_gross_profit": 394831,
        "latest_net_income": 195898,
        "latest_debt_ratio": 42.1,
        "latest_current_ratio": 133.58,
        "latest_account_receivable_turnover_ratio": 4,
        "latest_inventory_turnover_ratio": null,
        "latest_reinvestment_rate": 20.46,
        "latest_research_to_sale_ratio": 2.7
    },
    "eps_dividends": {
        "2001": {
            "cash": 0,
            "stock": 0,
            "eps": 0
        },
        "2002": {
            "cash": 0,
            "stock": 0,
            "eps": 0
        },
        "2003": {
            "cash": 0,
            "stock": 0,
            "eps": 0
        },
        "2004": {
            "cash": 0,
            "stock": 0,
            "eps": 0
        },
        "2005": {
            "cash": 0,
            "stock": 0,
            "eps": 0
        },
        "2006": {
            "cash": 0,
            "stock": 0,
            "eps": 0
        },
        "2007": {
            "cash": 0,
            "stock": 0,
            "eps": 0
        },
        "2008": {
            "cash": 0,
            "stock": 0,
            "eps": 0
        },
        "2009": {
            "cash": 0,
            "stock": 0,
            "eps": 0
        },
        "2010": {
            "cash": 0,
            "stock": 0,
            "eps": 0
        },
        "2011": {
            "cash": 8.26,
            "stock": 0,
            "eps": 0
        },
        "2012": {
            "cash": 7,
            "stock": 5.93,
            "eps": 0
        },
        "2013": {
            "cash": 9.7,
            "stock": 0,
            "eps": 12.29
        },
        "2014": {
            "cash": 9.8,
            "stock": 0,
            "eps": 14.1
        },
        "2015": {
            "cash": 12.5,
            "stock": 3,
            "eps": 12.79
        },
        "2016": {
            "cash": 12,
            "stock": 0.32,
            "eps": 13.24
        },
        "2017": {
            "cash": 15,
            "stock": 0,
            "eps": 14.98
        },
        "2018": {
            "cash": 15.5,
            "stock": 0,
            "eps": 14.04
        },
        "2019": {
            "cash": 12.5,
            "stock": 0,
            "eps": 14.13
        },
        "2020": {
            "cash": 12.8,
            "stock": 0,
            "eps": 14.71
        },
        "2021": {
            "cash": 12,
            "stock": 1.83,
            "eps": 13.74
        },
        "2022": {
            "cash": 15.8,
            "stock": 0,
            "eps": 13.12
        },
        "2023": {
            "cash": 10.1,
            "stock": 1,
            "eps": 10.56
        },
        "2024": {
            "cash": 4.4,
            "stock": 0.74,
            "eps": 0
        }
    },
    "dividends": {
        "2011-04-21": {
            "cash": 8.26,
            "stock": 0
        },
        "2012-05-17": {
            "cash": 7,
            "stock": 5.93
        },
        "2013-06-06": {
            "cash": 9.7,
            "stock": 0
        },
        "2014-06-13": {
            "cash": 9.8,
            "stock": 0
        },
        "2015-08-31": {
            "cash": 12.5,
            "stock": 3
        },
        "2016-10-31": {
            "cash": 12,
            "stock": 0.32
        },
        "2017-08-11": {
            "cash": 15,
            "stock": 0
        },
        "2018-08-10": {
            "cash": 15.5,
            "stock": 0
        },
        "2019-08-09": {
            "cash": 12.5,
            "stock": 0
        },
        "2020-08-05": {
            "cash": 12.8,
            "stock": 0
        },
        "2021-10-13": {
            "cash": 12,
            "stock": 1.83
        },
        "2022-05-17": {
            "cash": 11.3,
            "stock": 0
        },
        "2022-11-30": {
            "cash": 4.5,
            "stock": 0
        },
        "2023-08-11": {
            "cash": 5.6,
            "stock": 0
        },
        "2023-10-03": {
            "cash": 4.5,
            "stock": 1
        },
        "2024-03-14": {
            "cash": 4.4,
            "stock": 0.74
        }
    },
    "prices": {
        "200101": "無",
        "200102": "無",
        "200103": "無",
        "200104": "無",
        "200105": "無",
        "200106": "無",
        "200107": "無",
        "200108": "無",
        "200109": "無",
        "200110": "無",
        "200111": "無",
        "200112": "無",
        "200201": "無",
        "200202": "無",
        "200203": "無",
        "200204": "無",
        "200205": "無",
        "200206": "無",
        "200207": "無",
        "200208": "無",
        "200209": "無",
        "200210": "無",
        "200211": "無",
        "200212": "無",
        "200301": "無",
        "200302": "無",
        "200303": "無",
        "200304": "無",
        "200305": "無",
        "200306": "無",
        "200307": "無",
        "200308": "無",
        "200309": "無",
        "200310": "無",
        "200311": "無",
        "200312": "無",
        "200401": "無",
        "200402": "無",
        "200403": "無",
        "200404": "無",
        "200405": "無",
        "200406": "無",
        "200407": "無",
        "200408": "無",
        "200409": "無",
        "200410": "無",
        "200411": "無",
        "200412": "無",
        "200501": "無",
        "200502": "無",
        "200503": "無",
        "200504": "無",
        "200505": "無",
        "200506": "無",
        "200507": "無",
        "200508": "無",
        "200509": "無",
        "200510": "無",
        "200511": "無",
        "200512": "無",
        "200601": "無",
        "200602": "無",
        "200603": "無",
        "200604": "無",
        "200605": "無",
        "200606": "無",
        "200607": "無",
        "200608": "無",
        "200609": "無",
        "200610": "無",
        "200611": "無",
        "200612": "無",
        "200701": "無",
        "200702": "無",
        "200703": "無",
        "200704": "無",
        "200705": "無",
        "200706": "無",
        "200707": "無",
        "200708": "無",
        "200709": "無",
        "200710": "無",
        "200711": "無",
        "200712": "無",
        "200801": "無",
        "200802": "無",
        "200803": "無",
        "200804": "無",
        "200805": "無",
        "200806": "無",
        "200807": "無",
        "200808": "無",
        "200809": "無",
        "200810": "無",
        "200811": "無",
        "200812": "無",
        "200901": "無",
        "200902": "無",
        "200903": "無",
        "200904": "無",
        "200905": "無",
        "200906": "無",
        "200907": "無",
        "200908": "無",
        "200909": "無",
        "200910": "無",
        "200911": "無",
        "200912": "無",
        "201001": "無",
        "201002": "無",
        "201003": "無",
        "201004": "無",
        "201005": "無",
        "201006": "無",
        "201007": "無",
        "201008": "無",
        "201009": "無",
        "201010": "無",
        "201011": "無",
        "201012": "無",
        "201101": "無",
        "201102": "無",
        "201103": "無",
        "201104": "無",
        "201105": "無",
        "201106": "無",
        "201107": "無",
        "201108": "無",
        "201109": "無",
        "201110": "無",
        "201111": "無",
        "201112": "無",
        "201201": "無",
        "201202": "無",
        "201203": "無",
        "201204": "無",
        "201205": "無",
        "201206": "無",
        "201207": "無",
        "201208": "無",
        "201209": "253.68",
        "201210": "246.73",
        "201211": "245.29",
        "201212": "250.71",
        "201301": "247.81",
        "201302": "244.62",
        "201303": "249.39",
        "201304": "251.62",
        "201305": "257.28",
        "201306": "287.50",
        "201307": "282.93",
        "201308": "294.44",
        "201309": "286.38",
        "201310": "272.49",
        "201311": "265.22",
        "201312": "300.28",
        "201401": "302.00",
        "201402": "340.21",
        "201403": "400.74",
        "201404": "380.38",
        "201405": "361.05",
        "201406": "402.75",
        "201407": "384.05",
        "201408": "383.14",
        "201409": "335.17",
        "201410": "293.95",
        "201411": "331.85",
        "201412": "349.75",
        "201501": "315.42",
        "201502": "311.31",
        "201503": "356.11",
        "201504": "392.25",
        "201505": "389.70",
        "201506": "393.67",
        "201507": "370.34",
        "201508": "297.67",
        "201509": "302.65",
        "201510": "310.26",
        "201511": "298.17",
        "201512": "277.02",
        "201601": "252.57",
        "201602": "260.65",
        "201603": "273.96",
        "201604": "255.59",
        "201605": "239.39",
        "201606": "243.93",
        "201607": "248.92",
        "201608": "242.02",
        "201609": "234.39",
        "201610": "207.78",
        "201611": "185.34",
        "201612": "203.95",
        "201701": "196.22",
        "201702": "196.47",
        "201703": "216.82",
        "201704": "217.86",
        "201705": "248.52",
        "201706": "276.98",
        "201707": "257.19",
        "201708": "244.83",
        "201709": "246.80",
        "201710": "231.45",
        "201711": "245.05",
        "201712": "241.98",
        "201801": "235.95",
        "201802": "230.15",
        "201803": "234.87",
        "201804": "243.42",
        "201805": "252.45",
        "201806": "269.30",
        "201807": "268.16",
        "201808": "281.02",
        "201809": "275.00",
        "201810": "265.00",
        "201811": "241.93",
        "201812": "241.07",
        "201901": "247.98",
        "201902": "261.85",
        "201903": "269.63",
        "201904": "270.65",
        "201905": "269.23",
        "201906": "274.44",
        "201907": "267.43",
        "201908": "248.06",
        "201909": "248.00",
        "201910": "247.89",
        "201911": "251.28",
        "201912": "242.32",
        "202001": "239.50",
        "202002": "229.37",
        "202003": "198.68",
        "202004": "205.52",
        "202005": "222.62",
        "202006": "232.55",
        "202007": "218.96",
        "202008": "217.24",
        "202009": "212.98",
        "202010": "204.61",
        "202011": "213.90",
        "202012": "214.02",
        "202101": "214.42",
        "202102": "217.12",
        "202103": "235.09",
        "202104": "242.32",
        "202105": "231.62",
        "202106": "231.36",
        "202107": "239.48",
        "202108": "246.50",
        "202109": "251.28",
        "202110": "250.50",
        "202111": "251.30",
        "202112": "259.20",
        "202201": "238.22",
        "202202": "232.43",
        "202203": "221.46",
        "202204": "218.13",
        "202205": "201.10",
        "202206": "202.17",
        "202207": "197.90",
        "202208": "200.80",
        "202209": "189.31",
        "202210": "181.62",
        "202211": "180.98",
        "202212": "189.43",
        "202301": "191.67",
        "202302": "194.14",
        "202303": "196.61",
        "202304": "204.53",
        "202305": "209.00",
        "202306": "209.32",
        "202307": "206.07",
        "202308": "211.39",
        "202309": "201.75",
        "202310": "201.05",
        "202311": "195.80",
        "202312": "198.74"
    },
    "quarters": {
        "20011": {
            "year_quarter": 20011,
            "year": 2001,
            "quarter": 1,
            "eps": null,
            "eps_growth_year": null,
            "eps_4q": null,
            "eps_4q_growth_year": null,
            "roe": null,
            "roe_4q": 0,
            "gross_profit": null,
            "gross_margin": null,
            "gross_margin_4q_avg": 0,
            "net_income": null,
            "net_income_4q": null,
            "revenue": null,
            "revenue_4q": null,
            "common_shares": null,
            "book_valuer_per_share": null,
            "book_valuer_per_share_4q_avg": 0,
            "equity": null,
            "current_ratio": null,
            "debt_ratio": null,
            "inventory_turnover_ratio": null,
            "account_receivable_turnover_ratio": null,
            "reinvestment_rate": null,
            "research_to_sale_ratio": null,
            "price_fair": 0,
            "eps_avg_yearly": 0,
            "eps_latest_yearly": 0,
            "eps_growth_yearly": 0
        },
        "20012": {
            "year_quarter": 20012,
            "year": 2001,
            "quarter": 2,
            "eps": null,
            "eps_growth_year": null,
            "eps_4q": null,
            "eps_4q_growth_year": null,
            "roe": null,
            "roe_4q": 0,
            "gross_profit": null,
            "gross_margin": null,
            "gross_margin_4q_avg": 0,
            "net_income": null,
            "net_income_4q": null,
            "revenue": null,
            "revenue_4q": null,
            "common_shares": null,
            "book_valuer_per_share": null,
            "book_valuer_per_share_4q_avg": 0,
            "equity": null,
            "current_ratio": null,
            "debt_ratio": null,
            "inventory_turnover_ratio": null,
            "account_receivable_turnover_ratio": null,
            "reinvestment_rate": null,
            "research_to_sale_ratio": null,
            "price_fair": 0,
            "eps_avg_yearly": 0,
            "eps_latest_yearly": 0,
            "eps_growth_yearly": 0
        },
        "20013": {
            "year_quarter": 20013,
            "year": 2001,
            "quarter": 3,
            "eps": null,
            "eps_growth_year": null,
            "eps_4q": null,
            "eps_4q_growth_year": null,
            "roe": null,
            "roe_4q": 0,
            "gross_profit": null,
            "gross_margin": null,
            "gross_margin_4q_avg": 0,
            "net_income": null,
            "net_income_4q": null,
            "revenue": null,
            "revenue_4q": null,
            "common_shares": null,
            "book_valuer_per_share": null,
            "book_valuer_per_share_4q_avg": 0,
            "equity": null,
            "current_ratio": null,
            "debt_ratio": null,
            "inventory_turnover_ratio": null,
            "account_receivable_turnover_ratio": null,
            "reinvestment_rate": null,
            "research_to_sale_ratio": null,
            "price_fair": 0,
            "eps_avg_yearly": 0,
            "eps_latest_yearly": 0,
            "eps_growth_yearly": 0
        },
        "20014": {
            "year_quarter": 20014,
            "year": 2001,
            "quarter": 4,
            "eps": null,
            "eps_growth_year": null,
            "eps_4q": null,
            "eps_4q_growth_year": null,
            "roe": null,
            "roe_4q": 0,
            "gross_profit": null,
            "gross_margin": null,
            "gross_margin_4q_avg": 0,
            "net_income": null,
            "net_income_4q": null,
            "revenue": null,
            "revenue_4q": null,
            "common_shares": null,
            "book_valuer_per_share": null,
            "book_valuer_per_share_4q_avg": 0,
            "equity": null,
            "current_ratio": null,
            "debt_ratio": null,
            "inventory_turnover_ratio": null,
            "account_receivable_turnover_ratio": null,
            "reinvestment_rate": null,
            "research_to_sale_ratio": null,
            "price_fair": 0,
            "eps_avg_yearly": 0,
            "eps_latest_yearly": 0,
            "eps_growth_yearly": 0
        },
        "20021": {
            "year_quarter": 20021,
            "year": 2002,
            "quarter": 1,
            "eps": null,
            "eps_growth_year": null,
            "eps_4q": null,
            "eps_4q_growth_year": null,
            "roe": null,
            "roe_4q": 0,
            "gross_profit": null,
            "gross_margin": null,
            "gross_margin_4q_avg": 0,
            "net_income": null,
            "net_income_4q": null,
            "revenue": null,
            "revenue_4q": null,
            "common_shares": null,
            "book_valuer_per_share": null,
            "book_valuer_per_share_4q_avg": 0,
            "equity": null,
            "current_ratio": null,
            "debt_ratio": null,
            "inventory_turnover_ratio": null,
            "account_receivable_turnover_ratio": null,
            "reinvestment_rate": null,
            "research_to_sale_ratio": null,
            "price_fair": 0,
            "eps_avg_yearly": 0,
            "eps_latest_yearly": 0,
            "eps_growth_yearly": 0
        },
        "20022": {
            "year_quarter": 20022,
            "year": 2002,
            "quarter": 2,
            "eps": null,
            "eps_growth_year": null,
            "eps_4q": null,
            "eps_4q_growth_year": null,
            "roe": null,
            "roe_4q": 0,
            "gross_profit": null,
            "gross_margin": null,
            "gross_margin_4q_avg": 0,
            "net_income": null,
            "net_income_4q": null,
            "revenue": null,
            "revenue_4q": null,
            "common_shares": null,
            "book_valuer_per_share": null,
            "book_valuer_per_share_4q_avg": 0,
            "equity": null,
            "current_ratio": null,
            "debt_ratio": null,
            "inventory_turnover_ratio": null,
            "account_receivable_turnover_ratio": null,
            "reinvestment_rate": null,
            "research_to_sale_ratio": null,
            "price_fair": 0,
            "eps_avg_yearly": 0,
            "eps_latest_yearly": 0,
            "eps_growth_yearly": 0
        },
        "20023": {
            "year_quarter": 20023,
            "year": 2002,
            "quarter": 3,
            "eps": null,
            "eps_growth_year": null,
            "eps_4q": null,
            "eps_4q_growth_year": null,
            "roe": null,
            "roe_4q": 0,
            "gross_profit": null,
            "gross_margin": null,
            "gross_margin_4q_avg": 0,
            "net_income": null,
            "net_income_4q": null,
            "revenue": null,
            "revenue_4q": null,
            "common_shares": null,
            "book_valuer_per_share": null,
            "book_valuer_per_share_4q_avg": 0,
            "equity": null,
            "current_ratio": null,
            "debt_ratio": null,
            "inventory_turnover_ratio": null,
            "account_receivable_turnover_ratio": null,
            "reinvestment_rate": null,
            "research_to_sale_ratio": null,
            "price_fair": 0,
            "eps_avg_yearly": 0,
            "eps_latest_yearly": 0,
            "eps_growth_yearly": 0
        },
        "20024": {
            "year_quarter": 20024,
            "year": 2002,
            "quarter": 4,
            "eps": null,
            "eps_growth_year": null,
            "eps_4q": null,
            "eps_4q_growth_year": null,
            "roe": null,
            "roe_4q": 0,
            "gross_profit": null,
            "gross_margin": null,
            "gross_margin_4q_avg": 0,
            "net_income": null,
            "net_income_4q": null,
            "revenue": null,
            "revenue_4q": null,
            "common_shares": null,
            "book_valuer_per_share": null,
            "book_valuer_per_share_4q_avg": 0,
            "equity": null,
            "current_ratio": null,
            "debt_ratio": null,
            "inventory_turnover_ratio": null,
            "account_receivable_turnover_ratio": null,
            "reinvestment_rate": null,
            "research_to_sale_ratio": null,
            "price_fair": 0,
            "eps_avg_yearly": 0,
            "eps_latest_yearly": 0,
            "eps_growth_yearly": 0
        },
        "20031": {
            "year_quarter": 20031,
            "year": 2003,
            "quarter": 1,
            "eps": null,
            "eps_growth_year": null,
            "eps_4q": null,
            "eps_4q_growth_year": null,
            "roe": null,
            "roe_4q": 0,
            "gross_profit": null,
            "gross_margin": null,
            "gross_margin_4q_avg": 0,
            "net_income": null,
            "net_income_4q": null,
            "revenue": null,
            "revenue_4q": null,
            "common_shares": null,
            "book_valuer_per_share": null,
            "book_valuer_per_share_4q_avg": 0,
            "equity": null,
            "current_ratio": null,
            "debt_ratio": null,
            "inventory_turnover_ratio": null,
            "account_receivable_turnover_ratio": null,
            "reinvestment_rate": null,
            "research_to_sale_ratio": null,
            "price_fair": 0,
            "eps_avg_yearly": 0,
            "eps_latest_yearly": 0,
            "eps_growth_yearly": 0
        },
        "20032": {
            "year_quarter": 20032,
            "year": 2003,
            "quarter": 2,
            "eps": null,
            "eps_growth_year": null,
            "eps_4q": null,
            "eps_4q_growth_year": null,
            "roe": null,
            "roe_4q": 0,
            "gross_profit": null,
            "gross_margin": null,
            "gross_margin_4q_avg": 0,
            "net_income": null,
            "net_income_4q": null,
            "revenue": null,
            "revenue_4q": null,
            "common_shares": null,
            "book_valuer_per_share": null,
            "book_valuer_per_share_4q_avg": 0,
            "equity": null,
            "current_ratio": null,
            "debt_ratio": null,
            "inventory_turnover_ratio": null,
            "account_receivable_turnover_ratio": null,
            "reinvestment_rate": null,
            "research_to_sale_ratio": null,
            "price_fair": 0,
            "eps_avg_yearly": 0,
            "eps_latest_yearly": 0,
            "eps_growth_yearly": 0
        },
        "20033": {
            "year_quarter": 20033,
            "year": 2003,
            "quarter": 3,
            "eps": null,
            "eps_growth_year": null,
            "eps_4q": null,
            "eps_4q_growth_year": null,
            "roe": null,
            "roe_4q": 0,
            "gross_profit": null,
            "gross_margin": null,
            "gross_margin_4q_avg": 0,
            "net_income": null,
            "net_income_4q": null,
            "revenue": null,
            "revenue_4q": null,
            "common_shares": null,
            "book_valuer_per_share": null,
            "book_valuer_per_share_4q_avg": 0,
            "equity": null,
            "current_ratio": null,
            "debt_ratio": null,
            "inventory_turnover_ratio": null,
            "account_receivable_turnover_ratio": null,
            "reinvestment_rate": null,
            "research_to_sale_ratio": null,
            "price_fair": 0,
            "eps_avg_yearly": 0,
            "eps_latest_yearly": 0,
            "eps_growth_yearly": 0
        },
        "20034": {
            "year_quarter": 20034,
            "year": 2003,
            "quarter": 4,
            "eps": null,
            "eps_growth_year": null,
            "eps_4q": null,
            "eps_4q_growth_year": null,
            "roe": null,
            "roe_4q": 0,
            "gross_profit": null,
            "gross_margin": null,
            "gross_margin_4q_avg": 0,
            "net_income": null,
            "net_income_4q": null,
            "revenue": null,
            "revenue_4q": null,
            "common_shares": null,
            "book_valuer_per_share": null,
            "book_valuer_per_share_4q_avg": 0,
            "equity": null,
            "current_ratio": null,
            "debt_ratio": null,
            "inventory_turnover_ratio": null,
            "account_receivable_turnover_ratio": null,
            "reinvestment_rate": null,
            "research_to_sale_ratio": null,
            "price_fair": 0,
            "eps_avg_yearly": 0,
            "eps_latest_yearly": 0,
            "eps_growth_yearly": 0
        },
        "20041": {
            "year_quarter": 20041,
            "year": 2004,
            "quarter": 1,
            "eps": null,
            "eps_growth_year": null,
            "eps_4q": null,
            "eps_4q_growth_year": null,
            "roe": null,
            "roe_4q": 0,
            "gross_profit": null,
            "gross_margin": null,
            "gross_margin_4q_avg": 0,
            "net_income": null,
            "net_income_4q": null,
            "revenue": null,
            "revenue_4q": null,
            "common_shares": null,
            "book_valuer_per_share": null,
            "book_valuer_per_share_4q_avg": 0,
            "equity": null,
            "current_ratio": null,
            "debt_ratio": null,
            "inventory_turnover_ratio": null,
            "account_receivable_turnover_ratio": null,
            "reinvestment_rate": null,
            "research_to_sale_ratio": null,
            "price_fair": 0,
            "eps_avg_yearly": 0,
            "eps_latest_yearly": 0,
            "eps_growth_yearly": 0
        },
        "20042": {
            "year_quarter": 20042,
            "year": 2004,
            "quarter": 2,
            "eps": null,
            "eps_growth_year": null,
            "eps_4q": null,
            "eps_4q_growth_year": null,
            "roe": null,
            "roe_4q": 0,
            "gross_profit": null,
            "gross_margin": null,
            "gross_margin_4q_avg": 0,
            "net_income": null,
            "net_income_4q": null,
            "revenue": null,
            "revenue_4q": null,
            "common_shares": null,
            "book_valuer_per_share": null,
            "book_valuer_per_share_4q_avg": 0,
            "equity": null,
            "current_ratio": null,
            "debt_ratio": null,
            "inventory_turnover_ratio": null,
            "account_receivable_turnover_ratio": null,
            "reinvestment_rate": null,
            "research_to_sale_ratio": null,
            "price_fair": 0,
            "eps_avg_yearly": 0,
            "eps_latest_yearly": 0,
            "eps_growth_yearly": 0
        },
        "20043": {
            "year_quarter": 20043,
            "year": 2004,
            "quarter": 3,
            "eps": null,
            "eps_growth_year": null,
            "eps_4q": null,
            "eps_4q_growth_year": null,
            "roe": null,
            "roe_4q": 0,
            "gross_profit": null,
            "gross_margin": null,
            "gross_margin_4q_avg": 0,
            "net_income": null,
            "net_income_4q": null,
            "revenue": null,
            "revenue_4q": null,
            "common_shares": null,
            "book_valuer_per_share": null,
            "book_valuer_per_share_4q_avg": 0,
            "equity": null,
            "current_ratio": null,
            "debt_ratio": null,
            "inventory_turnover_ratio": null,
            "account_receivable_turnover_ratio": null,
            "reinvestment_rate": null,
            "research_to_sale_ratio": null,
            "price_fair": 0,
            "eps_avg_yearly": 0,
            "eps_latest_yearly": 0,
            "eps_growth_yearly": 0
        },
        "20044": {
            "year_quarter": 20044,
            "year": 2004,
            "quarter": 4,
            "eps": null,
            "eps_growth_year": null,
            "eps_4q": null,
            "eps_4q_growth_year": null,
            "roe": null,
            "roe_4q": 0,
            "gross_profit": null,
            "gross_margin": null,
            "gross_margin_4q_avg": 0,
            "net_income": null,
            "net_income_4q": null,
            "revenue": null,
            "revenue_4q": null,
            "common_shares": null,
            "book_valuer_per_share": null,
            "book_valuer_per_share_4q_avg": 0,
            "equity": null,
            "current_ratio": null,
            "debt_ratio": null,
            "inventory_turnover_ratio": null,
            "account_receivable_turnover_ratio": null,
            "reinvestment_rate": null,
            "research_to_sale_ratio": null,
            "price_fair": 0,
            "eps_avg_yearly": 0,
            "eps_latest_yearly": 0,
            "eps_growth_yearly": 0
        },
        "20051": {
            "year_quarter": 20051,
            "year": 2005,
            "quarter": 1,
            "eps": null,
            "eps_growth_year": null,
            "eps_4q": null,
            "eps_4q_growth_year": null,
            "roe": null,
            "roe_4q": 0,
            "gross_profit": null,
            "gross_margin": null,
            "gross_margin_4q_avg": 0,
            "net_income": null,
            "net_income_4q": null,
            "revenue": null,
            "revenue_4q": null,
            "common_shares": null,
            "book_valuer_per_share": null,
            "book_valuer_per_share_4q_avg": 0,
            "equity": null,
            "current_ratio": null,
            "debt_ratio": null,
            "inventory_turnover_ratio": null,
            "account_receivable_turnover_ratio": null,
            "reinvestment_rate": null,
            "research_to_sale_ratio": null,
            "price_fair": 0,
            "eps_avg_yearly": 0,
            "eps_latest_yearly": 0,
            "eps_growth_yearly": 0
        },
        "20052": {
            "year_quarter": 20052,
            "year": 2005,
            "quarter": 2,
            "eps": null,
            "eps_growth_year": null,
            "eps_4q": null,
            "eps_4q_growth_year": null,
            "roe": null,
            "roe_4q": 0,
            "gross_profit": null,
            "gross_margin": null,
            "gross_margin_4q_avg": 0,
            "net_income": null,
            "net_income_4q": null,
            "revenue": null,
            "revenue_4q": null,
            "common_shares": null,
            "book_valuer_per_share": null,
            "book_valuer_per_share_4q_avg": 0,
            "equity": null,
            "current_ratio": null,
            "debt_ratio": null,
            "inventory_turnover_ratio": null,
            "account_receivable_turnover_ratio": null,
            "reinvestment_rate": null,
            "research_to_sale_ratio": null,
            "price_fair": 0,
            "eps_avg_yearly": 0,
            "eps_latest_yearly": 0,
            "eps_growth_yearly": 0
        },
        "20053": {
            "year_quarter": 20053,
            "year": 2005,
            "quarter": 3,
            "eps": null,
            "eps_growth_year": null,
            "eps_4q": null,
            "eps_4q_growth_year": null,
            "roe": null,
            "roe_4q": 0,
            "gross_profit": null,
            "gross_margin": null,
            "gross_margin_4q_avg": 0,
            "net_income": null,
            "net_income_4q": null,
            "revenue": null,
            "revenue_4q": null,
            "common_shares": null,
            "book_valuer_per_share": null,
            "book_valuer_per_share_4q_avg": 0,
            "equity": null,
            "current_ratio": null,
            "debt_ratio": null,
            "inventory_turnover_ratio": null,
            "account_receivable_turnover_ratio": null,
            "reinvestment_rate": null,
            "research_to_sale_ratio": null,
            "price_fair": 0,
            "eps_avg_yearly": 0,
            "eps_latest_yearly": 0,
            "eps_growth_yearly": 0
        },
        "20054": {
            "year_quarter": 20054,
            "year": 2005,
            "quarter": 4,
            "eps": null,
            "eps_growth_year": null,
            "eps_4q": null,
            "eps_4q_growth_year": null,
            "roe": null,
            "roe_4q": 0,
            "gross_profit": null,
            "gross_margin": null,
            "gross_margin_4q_avg": 0,
            "net_income": null,
            "net_income_4q": null,
            "revenue": null,
            "revenue_4q": null,
            "common_shares": null,
            "book_valuer_per_share": null,
            "book_valuer_per_share_4q_avg": 0,
            "equity": null,
            "current_ratio": null,
            "debt_ratio": null,
            "inventory_turnover_ratio": null,
            "account_receivable_turnover_ratio": null,
            "reinvestment_rate": null,
            "research_to_sale_ratio": null,
            "price_fair": 0,
            "eps_avg_yearly": 0,
            "eps_latest_yearly": 0,
            "eps_growth_yearly": 0
        },
        "20061": {
            "year_quarter": 20061,
            "year": 2006,
            "quarter": 1,
            "eps": null,
            "eps_growth_year": null,
            "eps_4q": null,
            "eps_4q_growth_year": null,
            "roe": null,
            "roe_4q": 0,
            "gross_profit": null,
            "gross_margin": null,
            "gross_margin_4q_avg": 0,
            "net_income": null,
            "net_income_4q": null,
            "revenue": null,
            "revenue_4q": null,
            "common_shares": null,
            "book_valuer_per_share": null,
            "book_valuer_per_share_4q_avg": 0,
            "equity": null,
            "current_ratio": null,
            "debt_ratio": null,
            "inventory_turnover_ratio": null,
            "account_receivable_turnover_ratio": null,
            "reinvestment_rate": null,
            "research_to_sale_ratio": null,
            "price_fair": 0,
            "eps_avg_yearly": 0,
            "eps_latest_yearly": 0,
            "eps_growth_yearly": 0
        },
        "20062": {
            "year_quarter": 20062,
            "year": 2006,
            "quarter": 2,
            "eps": null,
            "eps_growth_year": null,
            "eps_4q": null,
            "eps_4q_growth_year": null,
            "roe": null,
            "roe_4q": 0,
            "gross_profit": null,
            "gross_margin": null,
            "gross_margin_4q_avg": 0,
            "net_income": null,
            "net_income_4q": null,
            "revenue": null,
            "revenue_4q": null,
            "common_shares": null,
            "book_valuer_per_share": null,
            "book_valuer_per_share_4q_avg": 0,
            "equity": null,
            "current_ratio": null,
            "debt_ratio": null,
            "inventory_turnover_ratio": null,
            "account_receivable_turnover_ratio": null,
            "reinvestment_rate": null,
            "research_to_sale_ratio": null,
            "price_fair": 0,
            "eps_avg_yearly": 0,
            "eps_latest_yearly": 0,
            "eps_growth_yearly": 0
        },
        "20063": {
            "year_quarter": 20063,
            "year": 2006,
            "quarter": 3,
            "eps": null,
            "eps_growth_year": null,
            "eps_4q": null,
            "eps_4q_growth_year": null,
            "roe": null,
            "roe_4q": 0,
            "gross_profit": null,
            "gross_margin": null,
            "gross_margin_4q_avg": 0,
            "net_income": null,
            "net_income_4q": null,
            "revenue": null,
            "revenue_4q": null,
            "common_shares": null,
            "book_valuer_per_share": null,
            "book_valuer_per_share_4q_avg": 0,
            "equity": null,
            "current_ratio": null,
            "debt_ratio": null,
            "inventory_turnover_ratio": null,
            "account_receivable_turnover_ratio": null,
            "reinvestment_rate": null,
            "research_to_sale_ratio": null,
            "price_fair": 0,
            "eps_avg_yearly": 0,
            "eps_latest_yearly": 0,
            "eps_growth_yearly": 0
        },
        "20064": {
            "year_quarter": 20064,
            "year": 2006,
            "quarter": 4,
            "eps": null,
            "eps_growth_year": null,
            "eps_4q": null,
            "eps_4q_growth_year": null,
            "roe": null,
            "roe_4q": 0,
            "gross_profit": null,
            "gross_margin": null,
            "gross_margin_4q_avg": 0,
            "net_income": null,
            "net_income_4q": null,
            "revenue": null,
            "revenue_4q": null,
            "common_shares": null,
            "book_valuer_per_share": null,
            "book_valuer_per_share_4q_avg": 0,
            "equity": null,
            "current_ratio": null,
            "debt_ratio": null,
            "inventory_turnover_ratio": null,
            "account_receivable_turnover_ratio": null,
            "reinvestment_rate": null,
            "research_to_sale_ratio": null,
            "price_fair": 0,
            "eps_avg_yearly": 0,
            "eps_latest_yearly": 0,
            "eps_growth_yearly": 0
        },
        "20071": {
            "year_quarter": 20071,
            "year": 2007,
            "quarter": 1,
            "eps": null,
            "eps_growth_year": null,
            "eps_4q": null,
            "eps_4q_growth_year": null,
            "roe": null,
            "roe_4q": 0,
            "gross_profit": null,
            "gross_margin": null,
            "gross_margin_4q_avg": 0,
            "net_income": null,
            "net_income_4q": null,
            "revenue": null,
            "revenue_4q": null,
            "common_shares": null,
            "book_valuer_per_share": null,
            "book_valuer_per_share_4q_avg": 0,
            "equity": null,
            "current_ratio": null,
            "debt_ratio": null,
            "inventory_turnover_ratio": null,
            "account_receivable_turnover_ratio": null,
            "reinvestment_rate": null,
            "research_to_sale_ratio": null,
            "price_fair": 0,
            "eps_avg_yearly": 0,
            "eps_latest_yearly": 0,
            "eps_growth_yearly": 0
        },
        "20072": {
            "year_quarter": 20072,
            "year": 2007,
            "quarter": 2,
            "eps": null,
            "eps_growth_year": null,
            "eps_4q": null,
            "eps_4q_growth_year": null,
            "roe": null,
            "roe_4q": 0,
            "gross_profit": null,
            "gross_margin": null,
            "gross_margin_4q_avg": 0,
            "net_income": null,
            "net_income_4q": null,
            "revenue": null,
            "revenue_4q": null,
            "common_shares": null,
            "book_valuer_per_share": null,
            "book_valuer_per_share_4q_avg": 0,
            "equity": null,
            "current_ratio": null,
            "debt_ratio": null,
            "inventory_turnover_ratio": null,
            "account_receivable_turnover_ratio": null,
            "reinvestment_rate": null,
            "research_to_sale_ratio": null,
            "price_fair": 0,
            "eps_avg_yearly": 0,
            "eps_latest_yearly": 0,
            "eps_growth_yearly": 0
        },
        "20073": {
            "year_quarter": 20073,
            "year": 2007,
            "quarter": 3,
            "eps": null,
            "eps_growth_year": null,
            "eps_4q": null,
            "eps_4q_growth_year": null,
            "roe": null,
            "roe_4q": 0,
            "gross_profit": null,
            "gross_margin": null,
            "gross_margin_4q_avg": 0,
            "net_income": null,
            "net_income_4q": null,
            "revenue": null,
            "revenue_4q": null,
            "common_shares": null,
            "book_valuer_per_share": null,
            "book_valuer_per_share_4q_avg": 0,
            "equity": null,
            "current_ratio": null,
            "debt_ratio": null,
            "inventory_turnover_ratio": null,
            "account_receivable_turnover_ratio": null,
            "reinvestment_rate": null,
            "research_to_sale_ratio": null,
            "price_fair": 0,
            "eps_avg_yearly": 0,
            "eps_latest_yearly": 0,
            "eps_growth_yearly": 0
        },
        "20074": {
            "year_quarter": 20074,
            "year": 2007,
            "quarter": 4,
            "eps": null,
            "eps_growth_year": null,
            "eps_4q": null,
            "eps_4q_growth_year": null,
            "roe": null,
            "roe_4q": 0,
            "gross_profit": null,
            "gross_margin": null,
            "gross_margin_4q_avg": 0,
            "net_income": null,
            "net_income_4q": null,
            "revenue": null,
            "revenue_4q": null,
            "common_shares": null,
            "book_valuer_per_share": null,
            "book_valuer_per_share_4q_avg": 0,
            "equity": null,
            "current_ratio": null,
            "debt_ratio": null,
            "inventory_turnover_ratio": null,
            "account_receivable_turnover_ratio": null,
            "reinvestment_rate": null,
            "research_to_sale_ratio": null,
            "price_fair": 0,
            "eps_avg_yearly": 0,
            "eps_latest_yearly": 0,
            "eps_growth_yearly": 0
        },
        "20081": {
            "year_quarter": 20081,
            "year": 2008,
            "quarter": 1,
            "eps": null,
            "eps_growth_year": null,
            "eps_4q": null,
            "eps_4q_growth_year": null,
            "roe": null,
            "roe_4q": 0,
            "gross_profit": null,
            "gross_margin": null,
            "gross_margin_4q_avg": 0,
            "net_income": null,
            "net_income_4q": null,
            "revenue": null,
            "revenue_4q": null,
            "common_shares": null,
            "book_valuer_per_share": null,
            "book_valuer_per_share_4q_avg": 0,
            "equity": null,
            "current_ratio": null,
            "debt_ratio": null,
            "inventory_turnover_ratio": null,
            "account_receivable_turnover_ratio": null,
            "reinvestment_rate": null,
            "research_to_sale_ratio": null,
            "price_fair": 0,
            "eps_avg_yearly": 0,
            "eps_latest_yearly": 0,
            "eps_growth_yearly": 0
        },
        "20082": {
            "year_quarter": 20082,
            "year": 2008,
            "quarter": 2,
            "eps": null,
            "eps_growth_year": null,
            "eps_4q": null,
            "eps_4q_growth_year": null,
            "roe": null,
            "roe_4q": 0,
            "gross_profit": null,
            "gross_margin": null,
            "gross_margin_4q_avg": 0,
            "net_income": null,
            "net_income_4q": null,
            "revenue": null,
            "revenue_4q": null,
            "common_shares": null,
            "book_valuer_per_share": null,
            "book_valuer_per_share_4q_avg": 0,
            "equity": null,
            "current_ratio": null,
            "debt_ratio": null,
            "inventory_turnover_ratio": null,
            "account_receivable_turnover_ratio": null,
            "reinvestment_rate": null,
            "research_to_sale_ratio": null,
            "price_fair": 0,
            "eps_avg_yearly": 0,
            "eps_latest_yearly": 0,
            "eps_growth_yearly": 0
        },
        "20083": {
            "year_quarter": 20083,
            "year": 2008,
            "quarter": 3,
            "eps": null,
            "eps_growth_year": null,
            "eps_4q": null,
            "eps_4q_growth_year": null,
            "roe": null,
            "roe_4q": 0,
            "gross_profit": null,
            "gross_margin": null,
            "gross_margin_4q_avg": 0,
            "net_income": null,
            "net_income_4q": null,
            "revenue": null,
            "revenue_4q": null,
            "common_shares": null,
            "book_valuer_per_share": null,
            "book_valuer_per_share_4q_avg": 0,
            "equity": null,
            "current_ratio": null,
            "debt_ratio": null,
            "inventory_turnover_ratio": null,
            "account_receivable_turnover_ratio": null,
            "reinvestment_rate": null,
            "research_to_sale_ratio": null,
            "price_fair": 0,
            "eps_avg_yearly": 0,
            "eps_latest_yearly": 0,
            "eps_growth_yearly": 0
        },
        "20084": {
            "year_quarter": 20084,
            "year": 2008,
            "quarter": 4,
            "eps": null,
            "eps_growth_year": null,
            "eps_4q": null,
            "eps_4q_growth_year": null,
            "roe": null,
            "roe_4q": 0,
            "gross_profit": null,
            "gross_margin": null,
            "gross_margin_4q_avg": 0,
            "net_income": null,
            "net_income_4q": null,
            "revenue": null,
            "revenue_4q": null,
            "common_shares": null,
            "book_valuer_per_share": null,
            "book_valuer_per_share_4q_avg": 0,
            "equity": null,
            "current_ratio": null,
            "debt_ratio": null,
            "inventory_turnover_ratio": null,
            "account_receivable_turnover_ratio": null,
            "reinvestment_rate": null,
            "research_to_sale_ratio": null,
            "price_fair": 0,
            "eps_avg_yearly": 0,
            "eps_latest_yearly": 0,
            "eps_growth_yearly": 0
        },
        "20091": {
            "year_quarter": 20091,
            "year": 2009,
            "quarter": 1,
            "eps": null,
            "eps_growth_year": null,
            "eps_4q": null,
            "eps_4q_growth_year": null,
            "roe": null,
            "roe_4q": 0,
            "gross_profit": null,
            "gross_margin": null,
            "gross_margin_4q_avg": 0,
            "net_income": null,
            "net_income_4q": null,
            "revenue": null,
            "revenue_4q": null,
            "common_shares": null,
            "book_valuer_per_share": null,
            "book_valuer_per_share_4q_avg": 0,
            "equity": null,
            "current_ratio": null,
            "debt_ratio": null,
            "inventory_turnover_ratio": null,
            "account_receivable_turnover_ratio": null,
            "reinvestment_rate": null,
            "research_to_sale_ratio": null,
            "price_fair": 0,
            "eps_avg_yearly": 0,
            "eps_latest_yearly": 0,
            "eps_growth_yearly": 0
        },
        "20092": {
            "year_quarter": 20092,
            "year": 2009,
            "quarter": 2,
            "eps": null,
            "eps_growth_year": null,
            "eps_4q": null,
            "eps_4q_growth_year": null,
            "roe": null,
            "roe_4q": 0,
            "gross_profit": null,
            "gross_margin": null,
            "gross_margin_4q_avg": 0,
            "net_income": null,
            "net_income_4q": null,
            "revenue": null,
            "revenue_4q": null,
            "common_shares": null,
            "book_valuer_per_share": null,
            "book_valuer_per_share_4q_avg": 0,
            "equity": null,
            "current_ratio": null,
            "debt_ratio": null,
            "inventory_turnover_ratio": null,
            "account_receivable_turnover_ratio": null,
            "reinvestment_rate": null,
            "research_to_sale_ratio": null,
            "price_fair": 0,
            "eps_avg_yearly": 0,
            "eps_latest_yearly": 0,
            "eps_growth_yearly": 0
        },
        "20093": {
            "year_quarter": 20093,
            "year": 2009,
            "quarter": 3,
            "eps": null,
            "eps_growth_year": null,
            "eps_4q": null,
            "eps_4q_growth_year": null,
            "roe": null,
            "roe_4q": 0,
            "gross_profit": null,
            "gross_margin": null,
            "gross_margin_4q_avg": 0,
            "net_income": null,
            "net_income_4q": null,
            "revenue": null,
            "revenue_4q": null,
            "common_shares": null,
            "book_valuer_per_share": null,
            "book_valuer_per_share_4q_avg": 0,
            "equity": null,
            "current_ratio": null,
            "debt_ratio": null,
            "inventory_turnover_ratio": null,
            "account_receivable_turnover_ratio": null,
            "reinvestment_rate": null,
            "research_to_sale_ratio": null,
            "price_fair": 0,
            "eps_avg_yearly": 0,
            "eps_latest_yearly": 0,
            "eps_growth_yearly": 0
        },
        "20094": {
            "year_quarter": 20094,
            "year": 2009,
            "quarter": 4,
            "eps": null,
            "eps_growth_year": null,
            "eps_4q": null,
            "eps_4q_growth_year": null,
            "roe": null,
            "roe_4q": 0,
            "gross_profit": null,
            "gross_margin": null,
            "gross_margin_4q_avg": 0,
            "net_income": null,
            "net_income_4q": null,
            "revenue": null,
            "revenue_4q": null,
            "common_shares": 80000,
            "book_valuer_per_share": 29.3,
            "book_valuer_per_share_4q_avg": 7.33,
            "equity": 234369,
            "current_ratio": 166.08,
            "debt_ratio": 58.62,
            "inventory_turnover_ratio": null,
            "account_receivable_turnover_ratio": null,
            "reinvestment_rate": null,
            "research_to_sale_ratio": null,
            "price_fair": 0,
            "eps_avg_yearly": 0,
            "eps_latest_yearly": 0,
            "eps_growth_yearly": 0
        },
        "20101": {
            "year_quarter": 20101,
            "year": 2010,
            "quarter": 1,
            "eps": null,
            "eps_growth_year": null,
            "eps_4q": null,
            "eps_4q_growth_year": null,
            "roe": null,
            "roe_4q": 0,
            "gross_profit": null,
            "gross_margin": null,
            "gross_margin_4q_avg": 0,
            "net_income": null,
            "net_income_4q": null,
            "revenue": null,
            "revenue_4q": null,
            "common_shares": null,
            "book_valuer_per_share": null,
            "book_valuer_per_share_4q_avg": 7.33,
            "equity": null,
            "current_ratio": null,
            "debt_ratio": null,
            "inventory_turnover_ratio": null,
            "account_receivable_turnover_ratio": null,
            "reinvestment_rate": null,
            "research_to_sale_ratio": null,
            "price_fair": 0,
            "eps_avg_yearly": 0,
            "eps_latest_yearly": 0,
            "eps_growth_yearly": 0
        },
        "20102": {
            "year_quarter": 20102,
            "year": 2010,
            "quarter": 2,
            "eps": null,
            "eps_growth_year": null,
            "eps_4q": null,
            "eps_4q_growth_year": null,
            "roe": null,
            "roe_4q": 0,
            "gross_profit": null,
            "gross_margin": null,
            "gross_margin_4q_avg": 0,
            "net_income": null,
            "net_income_4q": null,
            "revenue": null,
            "revenue_4q": null,
            "common_shares": null,
            "book_valuer_per_share": null,
            "book_valuer_per_share_4q_avg": 7.33,
            "equity": null,
            "current_ratio": null,
            "debt_ratio": null,
            "inventory_turnover_ratio": null,
            "account_receivable_turnover_ratio": null,
            "reinvestment_rate": null,
            "research_to_sale_ratio": null,
            "price_fair": 0,
            "eps_avg_yearly": 0,
            "eps_latest_yearly": 0,
            "eps_growth_yearly": 0
        },
        "20103": {
            "year_quarter": 20103,
            "year": 2010,
            "quarter": 3,
            "eps": null,
            "eps_growth_year": null,
            "eps_4q": null,
            "eps_4q_growth_year": null,
            "roe": null,
            "roe_4q": 0,
            "gross_profit": null,
            "gross_margin": null,
            "gross_margin_4q_avg": 0,
            "net_income": null,
            "net_income_4q": null,
            "revenue": null,
            "revenue_4q": null,
            "common_shares": null,
            "book_valuer_per_share": null,
            "book_valuer_per_share_4q_avg": 7.33,
            "equity": null,
            "current_ratio": null,
            "debt_ratio": null,
            "inventory_turnover_ratio": null,
            "account_receivable_turnover_ratio": null,
            "reinvestment_rate": null,
            "research_to_sale_ratio": null,
            "price_fair": 0,
            "eps_avg_yearly": 0,
            "eps_latest_yearly": 0,
            "eps_growth_yearly": 0
        },
        "20104": {
            "year_quarter": 20104,
            "year": 2010,
            "quarter": 4,
            "eps": null,
            "eps_growth_year": null,
            "eps_4q": null,
            "eps_4q_growth_year": null,
            "roe": null,
            "roe_4q": 0,
            "gross_profit": null,
            "gross_margin": null,
            "gross_margin_4q_avg": 0,
            "net_income": null,
            "net_income_4q": null,
            "revenue": null,
            "revenue_4q": null,
            "common_shares": 148400,
            "book_valuer_per_share": 26.59,
            "book_valuer_per_share_4q_avg": 6.65,
            "equity": 394604,
            "current_ratio": 180.09,
            "debt_ratio": 54.01,
            "inventory_turnover_ratio": null,
            "account_receivable_turnover_ratio": null,
            "reinvestment_rate": null,
            "research_to_sale_ratio": null,
            "price_fair": 0,
            "eps_avg_yearly": 0,
            "eps_latest_yearly": 0,
            "eps_growth_yearly": 0
        },
        "20111": {
            "year_quarter": 20111,
            "year": 2011,
            "quarter": 1,
            "eps": null,
            "eps_growth_year": null,
            "eps_4q": null,
            "eps_4q_growth_year": null,
            "roe": null,
            "roe_4q": 0,
            "gross_profit": null,
            "gross_margin": null,
            "gross_margin_4q_avg": 0,
            "net_income": null,
            "net_income_4q": null,
            "revenue": null,
            "revenue_4q": null,
            "common_shares": null,
            "book_valuer_per_share": null,
            "book_valuer_per_share_4q_avg": 6.65,
            "equity": null,
            "current_ratio": null,
            "debt_ratio": null,
            "inventory_turnover_ratio": null,
            "account_receivable_turnover_ratio": null,
            "reinvestment_rate": null,
            "research_to_sale_ratio": null,
            "price_fair": 0,
            "eps_avg_yearly": 0,
            "eps_latest_yearly": 0,
            "eps_growth_yearly": 0
        },
        "20112": {
            "year_quarter": 20112,
            "year": 2011,
            "quarter": 2,
            "eps": null,
            "eps_growth_year": null,
            "eps_4q": null,
            "eps_4q_growth_year": null,
            "roe": null,
            "roe_4q": 0,
            "gross_profit": null,
            "gross_margin": null,
            "gross_margin_4q_avg": 0,
            "net_income": null,
            "net_income_4q": null,
            "revenue": null,
            "revenue_4q": null,
            "common_shares": 175760,
            "book_valuer_per_share": null,
            "book_valuer_per_share_4q_avg": 6.65,
            "equity": 370149,
            "current_ratio": null,
            "debt_ratio": null,
            "inventory_turnover_ratio": null,
            "account_receivable_turnover_ratio": null,
            "reinvestment_rate": null,
            "research_to_sale_ratio": null,
            "price_fair": 0,
            "eps_avg_yearly": 0,
            "eps_latest_yearly": 0,
            "eps_growth_yearly": 0
        },
        "20113": {
            "year_quarter": 20113,
            "year": 2011,
            "quarter": 3,
            "eps": null,
            "eps_growth_year": null,
            "eps_4q": null,
            "eps_4q_growth_year": null,
            "roe": null,
            "roe_4q": 0,
            "gross_profit": null,
            "gross_margin": null,
            "gross_margin_4q_avg": 0,
            "net_income": null,
            "net_income_4q": null,
            "revenue": null,
            "revenue_4q": null,
            "common_shares": null,
            "book_valuer_per_share": null,
            "book_valuer_per_share_4q_avg": 6.65,
            "equity": null,
            "current_ratio": null,
            "debt_ratio": null,
            "inventory_turnover_ratio": null,
            "account_receivable_turnover_ratio": null,
            "reinvestment_rate": null,
            "research_to_sale_ratio": null,
            "price_fair": 0,
            "eps_avg_yearly": 0,
            "eps_latest_yearly": 0,
            "eps_growth_yearly": 0
        },
        "20114": {
            "year_quarter": 20114,
            "year": 2011,
            "quarter": 4,
            "eps": null,
            "eps_growth_year": null,
            "eps_4q": null,
            "eps_4q_growth_year": null,
            "roe": null,
            "roe_4q": 0,
            "gross_profit": null,
            "gross_margin": null,
            "gross_margin_4q_avg": 0,
            "net_income": null,
            "net_income_4q": null,
            "revenue": null,
            "revenue_4q": null,
            "common_shares": 175760,
            "book_valuer_per_share": 30.11,
            "book_valuer_per_share_4q_avg": 7.53,
            "equity": 529279,
            "current_ratio": 190.3,
            "debt_ratio": 50.64,
            "inventory_turnover_ratio": null,
            "account_receivable_turnover_ratio": null,
            "reinvestment_rate": null,
            "research_to_sale_ratio": null,
            "price_fair": 0,
            "eps_avg_yearly": 0,
            "eps_latest_yearly": 0,
            "eps_growth_yearly": 0
        },
        "20121": {
            "year_quarter": 20121,
            "year": 2012,
            "quarter": 1,
            "eps": null,
            "eps_growth_year": null,
            "eps_4q": null,
            "eps_4q_growth_year": null,
            "roe": null,
            "roe_4q": 0,
            "gross_profit": 144270,
            "gross_margin": null,
            "gross_margin_4q_avg": 0,
            "net_income": 64992,
            "net_income_4q": null,
            "revenue": 180933,
            "revenue_4q": null,
            "common_shares": 175760,
            "book_valuer_per_share": null,
            "book_valuer_per_share_4q_avg": 7.53,
            "equity": 593523,
            "current_ratio": null,
            "debt_ratio": null,
            "inventory_turnover_ratio": null,
            "account_receivable_turnover_ratio": null,
            "reinvestment_rate": null,
            "research_to_sale_ratio": null,
            "price_fair": 0,
            "eps_avg_yearly": 0,
            "eps_latest_yearly": 0,
            "eps_growth_yearly": 0
        },
        "20122": {
            "year_quarter": 20122,
            "year": 2012,
            "quarter": 2,
            "eps": null,
            "eps_growth_year": null,
            "eps_4q": null,
            "eps_4q_growth_year": null,
            "roe": null,
            "roe_4q": 0,
            "gross_profit": 142531,
            "gross_margin": null,
            "gross_margin_4q_avg": 0,
            "net_income": 65854,
            "net_income_4q": null,
            "revenue": 208264,
            "revenue_4q": null,
            "common_shares": 280000,
            "book_valuer_per_share": 19.18,
            "book_valuer_per_share_4q_avg": 12.32,
            "equity": 536957,
            "current_ratio": 168.48,
            "debt_ratio": 55.17,
            "inventory_turnover_ratio": null,
            "account_receivable_turnover_ratio": null,
            "reinvestment_rate": null,
            "research_to_sale_ratio": null,
            "price_fair": 0,
            "eps_avg_yearly": 0,
            "eps_latest_yearly": 0,
            "eps_growth_yearly": 0
        },
        "20123": {
            "year_quarter": 20123,
            "year": 2012,
            "quarter": 3,
            "eps": null,
            "eps_growth_year": null,
            "eps_4q": null,
            "eps_4q_growth_year": null,
            "roe": null,
            "roe_4q": 0,
            "gross_profit": 172765,
            "gross_margin": null,
            "gross_margin_4q_avg": 0,
            "net_income": 90348,
            "net_income_4q": null,
            "revenue": 239172,
            "revenue_4q": null,
            "common_shares": 280000,
            "book_valuer_per_share": null,
            "book_valuer_per_share_4q_avg": 12.32,
            "equity": 626658,
            "current_ratio": null,
            "debt_ratio": null,
            "inventory_turnover_ratio": null,
            "account_receivable_turnover_ratio": null,
            "reinvestment_rate": null,
            "research_to_sale_ratio": null,
            "price_fair": 0,
            "eps_avg_yearly": 0,
            "eps_latest_yearly": 0,
            "eps_growth_yearly": 0
        },
        "20124": {
            "year_quarter": 20124,
            "year": 2012,
            "quarter": 4,
            "eps": null,
            "eps_growth_year": null,
            "eps_4q": null,
            "eps_4q_growth_year": null,
            "roe": null,
            "roe_4q": 0,
            "gross_profit": 163390,
            "gross_margin": null,
            "gross_margin_4q_avg": 0,
            "net_income": 77360,
            "net_income_4q": null,
            "revenue": 217165,
            "revenue_4q": null,
            "common_shares": 280000,
            "book_valuer_per_share": 25.16,
            "book_valuer_per_share_4q_avg": 11.09,
            "equity": 704394,
            "current_ratio": 198.48,
            "debt_ratio": 47.25,
            "inventory_turnover_ratio": null,
            "account_receivable_turnover_ratio": null,
            "reinvestment_rate": null,
            "research_to_sale_ratio": null,
            "price_fair": 0,
            "eps_avg_yearly": 0,
            "eps_latest_yearly": 0,
            "eps_growth_yearly": 0
        },
        "20131": {
            "year_quarter": 20131,
            "year": 2013,
            "quarter": 1,
            "eps": 2.82,
            "eps_growth_year": null,
            "eps_4q": null,
            "eps_4q_growth_year": null,
            "roe": 10.61,
            "roe_4q": 10.61,
            "gross_profit": 175562,
            "gross_margin": 75.45,
            "gross_margin_4q_avg": 18.86,
            "net_income": 78895,
            "net_income_4q": null,
            "revenue": 232687,
            "revenue_4q": null,
            "common_shares": 280000,
            "book_valuer_per_share": 0,
            "book_valuer_per_share_4q_avg": 11.09,
            "equity": 782904,
            "current_ratio": 193.4,
            "debt_ratio": 46.27,
            "inventory_turnover_ratio": 0.5,
            "account_receivable_turnover_ratio": 5.83,
            "reinvestment_rate": null,
            "research_to_sale_ratio": 1.51,
            "price_fair": 0,
            "eps_avg_yearly": 0,
            "eps_latest_yearly": 0,
            "eps_growth_yearly": 0
        },
        "20132": {
            "year_quarter": 20132,
            "year": 2013,
            "quarter": 2,
            "eps": 3.27,
            "eps_growth_year": null,
            "eps_4q": 6.09,
            "eps_4q_growth_year": null,
            "roe": 13.2,
            "roe_4q": 23.81,
            "gross_profit": 172140,
            "gross_margin": 72.79,
            "gross_margin_4q_avg": 37.06,
            "net_income": 91500,
            "net_income_4q": null,
            "revenue": 236479,
            "revenue_4q": null,
            "common_shares": 280000,
            "book_valuer_per_share": 21.54,
            "book_valuer_per_share_4q_avg": 11.68,
            "equity": 603037,
            "current_ratio": 151.78,
            "debt_ratio": 59.07,
            "inventory_turnover_ratio": 0.45,
            "account_receivable_turnover_ratio": 4.22,
            "reinvestment_rate": null,
            "research_to_sale_ratio": 2.02,
            "price_fair": 457.8,
            "eps_avg_yearly": 13.08,
            "eps_latest_yearly": 13.08,
            "eps_growth_yearly": 63.83
        },
        "20133": {
            "year_quarter": 20133,
            "year": 2013,
            "quarter": 3,
            "eps": 2.6,
            "eps_growth_year": null,
            "eps_4q": 8.69,
            "eps_4q_growth_year": null,
            "roe": 11.39,
            "roe_4q": 35.2,
            "gross_profit": 155739,
            "gross_margin": 65.55,
            "gross_margin_4q_avg": 53.45,
            "net_income": 72840,
            "net_income_4q": null,
            "revenue": 237597,
            "revenue_4q": null,
            "common_shares": 280000,
            "book_valuer_per_share": 24.14,
            "book_valuer_per_share_4q_avg": 17.71,
            "equity": 675805,
            "current_ratio": 361.86,
            "debt_ratio": 25.58,
            "inventory_turnover_ratio": 0.61,
            "account_receivable_turnover_ratio": 4.25,
            "reinvestment_rate": null,
            "research_to_sale_ratio": 1.88,
            "price_fair": 35.22,
            "eps_avg_yearly": 11.74,
            "eps_latest_yearly": 10.4,
            "eps_growth_yearly": -9.06
        },
        "20134": {
            "year_quarter": 20134,
            "year": 2013,
            "quarter": 4,
            "eps": 3.6,
            "eps_growth_year": null,
            "eps_4q": 12.28,
            "eps_4q_growth_year": null,
            "roe": 13.87,
            "roe_4q": 49.06999999999999,
            "gross_profit": 184389,
            "gross_margin": 78.26,
            "gross_margin_4q_avg": 73.01,
            "net_income": 100745,
            "net_income_4q": null,
            "revenue": 235605,
            "revenue_4q": null,
            "common_shares": 280000,
            "book_valuer_per_share": 27.74,
            "book_valuer_per_share_4q_avg": 18.36,
            "equity": 776750,
            "current_ratio": 379.92,
            "debt_ratio": 25.28,
            "inventory_turnover_ratio": 0.45,
            "account_receivable_turnover_ratio": 4.13,
            "reinvestment_rate": null,
            "research_to_sale_ratio": 1.94,
            "price_fair": 441.93,
            "eps_avg_yearly": 12.63,
            "eps_latest_yearly": 14.4,
            "eps_growth_yearly": 45.24
        },
        "20141": {
            "year_quarter": 20141,
            "year": 2014,
            "quarter": 1,
            "eps": 3.08,
            "eps_growth_year": 9.22,
            "eps_4q": 11.43,
            "eps_4q_growth_year": null,
            "roe": 7.64,
            "roe_4q": 46.099999999999994,
            "gross_profit": 192544,
            "gross_margin": 80.23,
            "gross_margin_4q_avg": 74.21,
            "net_income": 95096,
            "net_income_4q": null,
            "revenue": 240000,
            "revenue_4q": null,
            "common_shares": 315000,
            "book_valuer_per_share": 54.34,
            "book_valuer_per_share_4q_avg": 31.94,
            "equity": 1711766,
            "current_ratio": 693.12,
            "debt_ratio": 14.39,
            "inventory_turnover_ratio": 0.42,
            "account_receivable_turnover_ratio": 4.12,
            "reinvestment_rate": null,
            "research_to_sale_ratio": 2.09,
            "price_fair": 370.04,
            "eps_avg_yearly": 12.55,
            "eps_latest_yearly": 12.32,
            "eps_growth_yearly": 19.49
        },
        "20142": {
            "year_quarter": 20142,
            "year": 2014,
            "quarter": 2,
            "eps": 4.28,
            "eps_growth_year": 30.89,
            "eps_4q": 12.81,
            "eps_4q_growth_year": 110.56,
            "roe": 8.31,
            "roe_4q": 41.21,
            "gross_profit": 223595,
            "gross_margin": 78.87,
            "gross_margin_4q_avg": 75.73,
            "net_income": 134956,
            "net_income_4q": null,
            "revenue": 283490,
            "revenue_4q": null,
            "common_shares": 315000,
            "book_valuer_per_share": 48.82,
            "book_valuer_per_share_4q_avg": 38.76,
            "equity": 1537843,
            "current_ratio": 334,
            "debt_ratio": 28.19,
            "inventory_turnover_ratio": 0.52,
            "account_receivable_turnover_ratio": 4.44,
            "reinvestment_rate": null,
            "research_to_sale_ratio": 0.53,
            "price_fair": 471.24,
            "eps_avg_yearly": 13.46,
            "eps_latest_yearly": 17.12,
            "eps_growth_yearly": 46.76
        },
        "20143": {
            "year_quarter": 20143,
            "year": 2014,
            "quarter": 3,
            "eps": 3.83,
            "eps_growth_year": 47.31,
            "eps_4q": 14.33,
            "eps_4q_growth_year": 64.97,
            "roe": 7.55,
            "roe_4q": 37.37,
            "gross_profit": 225304,
            "gross_margin": 76.2,
            "gross_margin_4q_avg": 78.39,
            "net_income": 120638,
            "net_income_4q": null,
            "revenue": 295682,
            "revenue_4q": null,
            "common_shares": 315000,
            "book_valuer_per_share": 52.66,
            "book_valuer_per_share_4q_avg": 45.89,
            "equity": 1658859,
            "current_ratio": 654.51,
            "debt_ratio": 14.36,
            "inventory_turnover_ratio": 0.68,
            "account_receivable_turnover_ratio": 4.09,
            "reinvestment_rate": null,
            "research_to_sale_ratio": 1.89,
            "price_fair": 482.07,
            "eps_avg_yearly": 13.77,
            "eps_latest_yearly": 15.32,
            "eps_growth_yearly": 31.95
        },
        "20144": {
            "year_quarter": 20144,
            "year": 2014,
            "quarter": 4,
            "eps": 2.91,
            "eps_growth_year": -19.06,
            "eps_4q": 14.05,
            "eps_4q_growth_year": 14.33,
            "roe": 5.38,
            "roe_4q": 28.880000000000003,
            "gross_profit": 261454,
            "gross_margin": 78.83,
            "gross_margin_4q_avg": 78.53,
            "net_income": 91733,
            "net_income_4q": null,
            "revenue": 331650,
            "revenue_4q": null,
            "common_shares": 315000,
            "book_valuer_per_share": 55.61,
            "book_valuer_per_share_4q_avg": 52.86,
            "equity": 1751855,
            "current_ratio": 481.72,
            "debt_ratio": 17.57,
            "inventory_turnover_ratio": 0.88,
            "account_receivable_turnover_ratio": 4.03,
            "reinvestment_rate": null,
            "research_to_sale_ratio": 1.41,
            "price_fair": 318.72,
            "eps_avg_yearly": 13.47,
            "eps_latest_yearly": 11.64,
            "eps_growth_yearly": 13.66
        },
        "20151": {
            "year_quarter": 20151,
            "year": 2015,
            "quarter": 1,
            "eps": 2.71,
            "eps_growth_year": -12.01,
            "eps_4q": 13.73,
            "eps_4q_growth_year": 20.1,
            "roe": 4.75,
            "roe_4q": 25.990000000000002,
            "gross_profit": 256224,
            "gross_margin": 80,
            "gross_margin_4q_avg": 78.48,
            "net_income": 85245,
            "net_income_4q": null,
            "revenue": 320290,
            "revenue_4q": null,
            "common_shares": 315000,
            "book_valuer_per_share": 58.27,
            "book_valuer_per_share_4q_avg": 53.84,
            "equity": 1835547,
            "current_ratio": 454.51,
            "debt_ratio": 18.69,
            "inventory_turnover_ratio": 1.01,
            "account_receivable_turnover_ratio": 3.28,
            "reinvestment_rate": null,
            "research_to_sale_ratio": 1.77,
            "price_fair": 243.34,
            "eps_avg_yearly": 13.14,
            "eps_latest_yearly": 10.84,
            "eps_growth_yearly": 8.52
        },
        "20152": {
            "year_quarter": 20152,
            "year": 2015,
            "quarter": 2,
            "eps": 3.52,
            "eps_growth_year": -17.76,
            "eps_4q": 10.79,
            "eps_4q_growth_year": -15.82,
            "roe": 8.41,
            "roe_4q": 26.09,
            "gross_profit": 277993,
            "gross_margin": 78.88,
            "gross_margin_4q_avg": 78.48,
            "net_income": 144016,
            "net_income_4q": null,
            "revenue": 352425,
            "revenue_4q": null,
            "common_shares": 315000,
            "book_valuer_per_share": 50.29,
            "book_valuer_per_share_4q_avg": 54.21,
            "equity": 1588367,
            "current_ratio": 250.72,
            "debt_ratio": 33.19,
            "inventory_turnover_ratio": 1.36,
            "account_receivable_turnover_ratio": 3.54,
            "reinvestment_rate": null,
            "research_to_sale_ratio": 1.62,
            "price_fair": 408.68,
            "eps_avg_yearly": 13.24,
            "eps_latest_yearly": 14.08,
            "eps_growth_yearly": 20.86
        },
        "20153": {
            "year_quarter": 20153,
            "year": 2015,
            "quarter": 3,
            "eps": 3.29,
            "eps_growth_year": -14.1,
            "eps_4q": 11.13,
            "eps_4q_growth_year": -22.34,
            "roe": 8.1,
            "roe_4q": 26.639999999999997,
            "gross_profit": 291462,
            "gross_margin": 82.35,
            "gross_margin_4q_avg": 80.02,
            "net_income": 134707,
            "net_income_4q": null,
            "revenue": 353946,
            "revenue_4q": null,
            "common_shares": 409500,
            "book_valuer_per_share": 42.33,
            "book_valuer_per_share_4q_avg": 51.63,
            "equity": 1737610,
            "current_ratio": 329.53,
            "debt_ratio": 16.96,
            "inventory_turnover_ratio": 1.2,
            "account_receivable_turnover_ratio": 3.84,
            "reinvestment_rate": null,
            "research_to_sale_ratio": 1.56,
            "price_fair": 346.22,
            "eps_avg_yearly": 13.24,
            "eps_latest_yearly": 13.16,
            "eps_growth_yearly": 16.16
        },
        "20154": {
            "year_quarter": 20154,
            "year": 2015,
            "quarter": 4,
            "eps": 3.27,
            "eps_growth_year": 12.24,
            "eps_4q": 12.16,
            "eps_4q_growth_year": -13.43,
            "roe": 7.48,
            "roe_4q": 28.740000000000002,
            "gross_profit": 261941,
            "gross_margin": 79.53,
            "gross_margin_4q_avg": 80.19,
            "net_income": 134067,
            "net_income_4q": null,
            "revenue": 329358,
            "revenue_4q": null,
            "common_shares": 409500,
            "book_valuer_per_share": 44.97,
            "book_valuer_per_share_4q_avg": 48.97,
            "equity": 1845839,
            "current_ratio": 339.34,
            "debt_ratio": 17.55,
            "inventory_turnover_ratio": 1.38,
            "account_receivable_turnover_ratio": 3.75,
            "reinvestment_rate": 44.66,
            "research_to_sale_ratio": 4.16,
            "price_fair": 323.51,
            "eps_avg_yearly": 13.22,
            "eps_latest_yearly": 13.08,
            "eps_growth_yearly": 14.47
        },
        "20161": {
            "year_quarter": 20161,
            "year": 2016,
            "quarter": 1,
            "eps": 2.39,
            "eps_growth_year": -11.81,
            "eps_4q": 12.46,
            "eps_4q_growth_year": -9.25,
            "roe": 5.15,
            "roe_4q": 29.14,
            "gross_profit": 254893,
            "gross_margin": 76.7,
            "gross_margin_4q_avg": 79.37,
            "net_income": 97462,
            "net_income_4q": null,
            "revenue": 332324,
            "revenue_4q": null,
            "common_shares": 409500,
            "book_valuer_per_share": 47.32,
            "book_valuer_per_share_4q_avg": 46.23,
            "equity": 1941867,
            "current_ratio": 324.59,
            "debt_ratio": 19.3,
            "inventory_turnover_ratio": 1.89,
            "account_receivable_turnover_ratio": 3.61,
            "reinvestment_rate": 45.68,
            "research_to_sale_ratio": 2.45,
            "price_fair": 184.6,
            "eps_avg_yearly": 12.92,
            "eps_latest_yearly": 9.56,
            "eps_growth_yearly": 4.29
        },
        "20162": {
            "year_quarter": 20162,
            "year": 2016,
            "quarter": 2,
            "eps": 3.68,
            "eps_growth_year": 4.55,
            "eps_4q": 12.23,
            "eps_4q_growth_year": 13.38,
            "roe": 8.55,
            "roe_4q": 29.28,
            "gross_profit": 290932,
            "gross_margin": 79.1,
            "gross_margin_4q_avg": 79.42,
            "net_income": 150718,
            "net_income_4q": null,
            "revenue": 367783,
            "revenue_4q": null,
            "common_shares": 409500,
            "book_valuer_per_share": 38.56,
            "book_valuer_per_share_4q_avg": 43.3,
            "equity": 1583146,
            "current_ratio": 159.88,
            "debt_ratio": 37,
            "inventory_turnover_ratio": 1.77,
            "account_receivable_turnover_ratio": 3.76,
            "reinvestment_rate": 47.12,
            "research_to_sale_ratio": 2.94,
            "price_fair": 399.09,
            "eps_avg_yearly": 13.06,
            "eps_latest_yearly": 14.72,
            "eps_growth_yearly": 20.57
        },
        "20163": {
            "year_quarter": 20163,
            "year": 2016,
            "quarter": 3,
            "eps": 3.72,
            "eps_growth_year": 13.07,
            "eps_4q": 12.76,
            "eps_4q_growth_year": 14.67,
            "roe": 9.54,
            "roe_4q": 30.720000000000002,
            "gross_profit": 297161,
            "gross_margin": 80.28,
            "gross_margin_4q_avg": 78.9,
            "net_income": 157703,
            "net_income_4q": null,
            "revenue": 370150,
            "revenue_4q": null,
            "common_shares": 409500,
            "book_valuer_per_share": 41.93,
            "book_valuer_per_share_4q_avg": 43.2,
            "equity": 1721859,
            "current_ratio": 153.49,
            "debt_ratio": 41.83,
            "inventory_turnover_ratio": 1.72,
            "account_receivable_turnover_ratio": 3.91,
            "reinvestment_rate": 48.24,
            "research_to_sale_ratio": 3.07,
            "price_fair": 387.8,
            "eps_avg_yearly": 13.19,
            "eps_latest_yearly": 14.88,
            "eps_growth_yearly": 19.41
        },
        "20164": {
            "year_quarter": 20164,
            "year": 2016,
            "quarter": 4,
            "eps": 3.45,
            "eps_growth_year": 5.46,
            "eps_4q": 12.97,
            "eps_4q_growth_year": 6.68,
            "roe": 8.19,
            "roe_4q": 31.43,
            "gross_profit": 284493,
            "gross_margin": 79.37,
            "gross_margin_4q_avg": 78.86,
            "net_income": 147124,
            "net_income_4q": null,
            "revenue": 358433,
            "revenue_4q": null,
            "common_shares": 425830,
            "book_valuer_per_share": 43.82,
            "book_valuer_per_share_4q_avg": 42.91,
            "equity": 1870815,
            "current_ratio": 204.56,
            "debt_ratio": 30.1,
            "inventory_turnover_ratio": 1.75,
            "account_receivable_turnover_ratio": 3.53,
            "reinvestment_rate": 44.84,
            "research_to_sale_ratio": 4.02,
            "price_fair": 346.29,
            "eps_avg_yearly": 13.23,
            "eps_latest_yearly": 13.8,
            "eps_growth_yearly": 16.18
        },
        "20171": {
            "year_quarter": 20171,
            "year": 2017,
            "quarter": 1,
            "eps": 2.68,
            "eps_growth_year": 12.13,
            "eps_4q": 13.33,
            "eps_4q_growth_year": 6.99,
            "roe": 5.92,
            "roe_4q": 32.2,
            "gross_profit": 285304,
            "gross_margin": 76.72,
            "gross_margin_4q_avg": 78.87,
            "net_income": 113521,
            "net_income_4q": null,
            "revenue": 371858,
            "revenue_4q": null,
            "common_shares": 425830,
            "book_valuer_per_share": 45.98,
            "book_valuer_per_share_4q_avg": 42.57,
            "equity": 1963378,
            "current_ratio": 210.82,
            "debt_ratio": 30.49,
            "inventory_turnover_ratio": 1.78,
            "account_receivable_turnover_ratio": 3.27,
            "reinvestment_rate": 44.5,
            "research_to_sale_ratio": 4.06,
            "price_fair": 256.04,
            "eps_avg_yearly": 13.07,
            "eps_latest_yearly": 10.72,
            "eps_growth_yearly": 9.59
        },
        "20172": {
            "year_quarter": 20172,
            "year": 2017,
            "quarter": 2,
            "eps": 6.57,
            "eps_growth_year": 78.53,
            "eps_4q": 16.32,
            "eps_4q_growth_year": 33.42,
            "roe": 15.52,
            "roe_4q": 39.169999999999995,
            "gross_profit": 267963,
            "gross_margin": 80.68,
            "gross_margin_4q_avg": 79.26,
            "net_income": 278311,
            "net_income_4q": null,
            "revenue": 332124,
            "revenue_4q": null,
            "common_shares": 425830,
            "book_valuer_per_share": 37.99,
            "book_valuer_per_share_4q_avg": 42.43,
            "equity": 1623561,
            "current_ratio": 126.8,
            "debt_ratio": 47.85,
            "inventory_turnover_ratio": 1.37,
            "account_receivable_turnover_ratio": 2.85,
            "reinvestment_rate": 41.01,
            "research_to_sale_ratio": 5.43,
            "price_fair": 486.33,
            "eps_avg_yearly": 13.9,
            "eps_latest_yearly": 26.28,
            "eps_growth_yearly": 41.89
        },
        "20173": {
            "year_quarter": 20173,
            "year": 2017,
            "quarter": 3,
            "eps": 2.92,
            "eps_growth_year": -21.51,
            "eps_4q": 15.53,
            "eps_4q_growth_year": 21.69,
            "roe": 7.38,
            "roe_4q": 37.01,
            "gross_profit": 275800,
            "gross_margin": 75.08,
            "gross_margin_4q_avg": 77.96,
            "net_income": 125042,
            "net_income_4q": null,
            "revenue": 367326,
            "revenue_4q": null,
            "common_shares": 425805,
            "book_valuer_per_share": 41.33,
            "book_valuer_per_share_4q_avg": 42.28,
            "equity": 1766918,
            "current_ratio": 161.12,
            "debt_ratio": 33.19,
            "inventory_turnover_ratio": 2.55,
            "account_receivable_turnover_ratio": 3.11,
            "reinvestment_rate": 49.9,
            "research_to_sale_ratio": 4.47,
            "price_fair": 489.13,
            "eps_avg_yearly": 13.98,
            "eps_latest_yearly": 11.68,
            "eps_growth_yearly": 33.12
        },
        "20174": {
            "year_quarter": 20174,
            "year": 2017,
            "quarter": 4,
            "eps": 2.81,
            "eps_growth_year": -18.35,
            "eps_4q": 14.9,
            "eps_4q_growth_year": 14.86,
            "roe": 6.8,
            "roe_4q": 35.62,
            "gross_profit": 259243,
            "gross_margin": 74.56,
            "gross_margin_4q_avg": 76.76,
            "net_income": 122841,
            "net_income_4q": null,
            "revenue": 347683,
            "revenue_4q": null,
            "common_shares": 425805,
            "book_valuer_per_share": 43.07,
            "book_valuer_per_share_4q_avg": 42.09,
            "equity": 1844022,
            "current_ratio": 168.92,
            "debt_ratio": 34.6,
            "inventory_turnover_ratio": 4.22,
            "account_receivable_turnover_ratio": 2.44,
            "reinvestment_rate": 49.26,
            "research_to_sale_ratio": 4.86,
            "price_fair": 448.65,
            "eps_avg_yearly": 13.78,
            "eps_latest_yearly": 11.24,
            "eps_growth_yearly": 22.56
        },
        "20181": {
            "year_quarter": 20181,
            "year": 2018,
            "quarter": 1,
            "eps": 3.55,
            "eps_growth_year": 32.46,
            "eps_4q": 15.78,
            "eps_4q_growth_year": 18.33,
            "roe": 7.88,
            "roe_4q": 37.58,
            "gross_profit": 283097,
            "gross_margin": 81.23,
            "gross_margin_4q_avg": 77.89,
            "net_income": 152107,
            "net_income_4q": null,
            "revenue": 348504,
            "revenue_4q": null,
            "common_shares": 425805,
            "book_valuer_per_share": 47.09,
            "book_valuer_per_share_4q_avg": 42.37,
            "equity": 2017045,
            "current_ratio": 181.28,
            "debt_ratio": 33.89,
            "inventory_turnover_ratio": 5.14,
            "account_receivable_turnover_ratio": 2.16,
            "reinvestment_rate": 33.5,
            "research_to_sale_ratio": 3.66,
            "price_fair": 486.33,
            "eps_avg_yearly": 13.9,
            "eps_latest_yearly": 14.2,
            "eps_growth_yearly": 32.76
        },
        "20182": {
            "year_quarter": 20182,
            "year": 2018,
            "quarter": 2,
            "eps": 3.67,
            "eps_growth_year": -44.14,
            "eps_4q": 12.91,
            "eps_4q_growth_year": -20.9,
            "roe": 9.05,
            "roe_4q": 31.11,
            "gross_profit": 286601,
            "gross_margin": 79.31,
            "gross_margin_4q_avg": 77.55,
            "net_income": 159207,
            "net_income_4q": null,
            "revenue": 361372,
            "revenue_4q": null,
            "common_shares": 425805,
            "book_valuer_per_share": 35.03,
            "book_valuer_per_share_4q_avg": 41.63,
            "equity": 1502598,
            "current_ratio": 116.89,
            "debt_ratio": 51.12,
            "inventory_turnover_ratio": 6.8,
            "account_receivable_turnover_ratio": 2.31,
            "reinvestment_rate": 32.96,
            "research_to_sale_ratio": 2.99,
            "price_fair": 465.37,
            "eps_avg_yearly": 13.74,
            "eps_latest_yearly": 14.68,
            "eps_growth_yearly": 23.86
        },
        "20183": {
            "year_quarter": 20183,
            "year": 2018,
            "quarter": 3,
            "eps": 3.97,
            "eps_growth_year": 35.96,
            "eps_4q": 13.95,
            "eps_4q_growth_year": -10.19,
            "roe": 11.02,
            "roe_4q": 34.75,
            "gross_profit": 321168,
            "gross_margin": 79.88,
            "gross_margin_4q_avg": 78.75,
            "net_income": 172338,
            "net_income_4q": null,
            "revenue": 402062,
            "revenue_4q": null,
            "common_shares": 425805,
            "book_valuer_per_share": 37.19,
            "book_valuer_per_share_4q_avg": 40.6,
            "equity": 1624397,
            "current_ratio": 153.4,
            "debt_ratio": 35.46,
            "inventory_turnover_ratio": 7.92,
            "account_receivable_turnover_ratio": 2.41,
            "reinvestment_rate": 30.26,
            "research_to_sale_ratio": 3.57,
            "price_fair": 482.21,
            "eps_avg_yearly": 13.78,
            "eps_latest_yearly": 15.88,
            "eps_growth_yearly": 28.54
        },
        "20184": {
            "year_quarter": 20184,
            "year": 2018,
            "quarter": 4,
            "eps": 2.85,
            "eps_growth_year": 1.32,
            "eps_4q": 13.99,
            "eps_4q_growth_year": -6.12,
            "roe": 7.3,
            "roe_4q": 35.25,
            "gross_profit": 279311,
            "gross_margin": 76.15,
            "gross_margin_4q_avg": 79.14,
            "net_income": 122152,
            "net_income_4q": null,
            "revenue": 366806,
            "revenue_4q": null,
            "common_shares": 425790,
            "book_valuer_per_share": 39.98,
            "book_valuer_per_share_4q_avg": 39.82,
            "equity": 1723089,
            "current_ratio": 151.89,
            "debt_ratio": 35.98,
            "inventory_turnover_ratio": 9.16,
            "account_receivable_turnover_ratio": 2.28,
            "reinvestment_rate": 28.36,
            "research_to_sale_ratio": 4.62,
            "price_fair": 481.69,
            "eps_avg_yearly": 13.76,
            "eps_latest_yearly": 11.4,
            "eps_growth_yearly": 27.49
        },
        "20191": {
            "year_quarter": 20191,
            "year": 2019,
            "quarter": 1,
            "eps": 3.32,
            "eps_growth_year": -6.48,
            "eps_4q": 13.77,
            "eps_4q_growth_year": -12.74,
            "roe": 7.81,
            "roe_4q": 35.18,
            "gross_profit": 276281,
            "gross_margin": 77.67,
            "gross_margin_4q_avg": 78.25,
            "net_income": 140901,
            "net_income_4q": null,
            "revenue": 355699,
            "revenue_4q": null,
            "common_shares": 425790,
            "book_valuer_per_share": 43.75,
            "book_valuer_per_share_4q_avg": 38.99,
            "equity": 1883311,
            "current_ratio": 168.78,
            "debt_ratio": 34.3,
            "inventory_turnover_ratio": 15.82,
            "account_receivable_turnover_ratio": 2.44,
            "reinvestment_rate": 27.81,
            "research_to_sale_ratio": 3.11,
            "price_fair": 487.03,
            "eps_avg_yearly": 13.92,
            "eps_latest_yearly": 13.28,
            "eps_growth_yearly": 33.33
        },
        "20192": {
            "year_quarter": 20192,
            "year": 2019,
            "quarter": 2,
            "eps": 3.57,
            "eps_growth_year": -2.72,
            "eps_4q": 13.68,
            "eps_4q_growth_year": 6,
            "roe": 9.02,
            "roe_4q": 35.15,
            "gross_profit": 293709,
            "gross_margin": 80.64,
            "gross_margin_4q_avg": 78.59,
            "net_income": 151927,
            "net_income_4q": null,
            "revenue": 364239,
            "revenue_4q": null,
            "common_shares": 425755,
            "book_valuer_per_share": 34.39,
            "book_valuer_per_share_4q_avg": 38.83,
            "equity": 1485215,
            "current_ratio": 114.95,
            "debt_ratio": 50.58,
            "inventory_turnover_ratio": 358.02,
            "account_receivable_turnover_ratio": 2.5,
            "reinvestment_rate": 25.49,
            "research_to_sale_ratio": 2.65,
            "price_fair": 487.46,
            "eps_avg_yearly": 13.93,
            "eps_latest_yearly": 14.28,
            "eps_growth_yearly": 27.74
        },
        "20193": {
            "year_quarter": 20193,
            "year": 2019,
            "quarter": 3,
            "eps": 3.92,
            "eps_growth_year": -1.26,
            "eps_4q": 13.65,
            "eps_4q_growth_year": -2.15,
            "roe": 10.68,
            "roe_4q": 34.809999999999995,
            "gross_profit": 308439,
            "gross_margin": 80.32,
            "gross_margin_4q_avg": 78.7,
            "net_income": 166783,
            "net_income_4q": null,
            "revenue": 384006,
            "revenue_4q": null,
            "common_shares": 425755,
            "book_valuer_per_share": 38.02,
            "book_valuer_per_share_4q_avg": 39.04,
            "equity": 1639474,
            "current_ratio": 138.18,
            "debt_ratio": 38.35,
            "inventory_turnover_ratio": 2159.06,
            "account_receivable_turnover_ratio": 2.04,
            "reinvestment_rate": 1.48,
            "research_to_sale_ratio": 3.23,
            "price_fair": 492.98,
            "eps_avg_yearly": 14.09,
            "eps_latest_yearly": 15.68,
            "eps_growth_yearly": 31.82
        },
        "20194": {
            "year_quarter": 20194,
            "year": 2019,
            "quarter": 4,
            "eps": 3.32,
            "eps_growth_year": 16.52,
            "eps_4q": 14.12,
            "eps_4q_growth_year": 0.95,
            "roe": 8.28,
            "roe_4q": 35.79,
            "gross_profit": 276669,
            "gross_margin": 75.99,
            "gross_margin_4q_avg": 78.66,
            "net_income": 141241,
            "net_income_4q": null,
            "revenue": 364087,
            "revenue_4q": null,
            "common_shares": 425755,
            "book_valuer_per_share": 41.13,
            "book_valuer_per_share_4q_avg": 39.32,
            "equity": 1771100,
            "current_ratio": 151.17,
            "debt_ratio": 35.54,
            "inventory_turnover_ratio": null,
            "account_receivable_turnover_ratio": 1.87,
            "reinvestment_rate": 3.2,
            "research_to_sale_ratio": 3.44,
            "price_fair": 493.41,
            "eps_avg_yearly": 14.1,
            "eps_latest_yearly": 13.28,
            "eps_growth_yearly": 28.15
        },
        "20201": {
            "year_quarter": 20201,
            "year": 2020,
            "quarter": 1,
            "eps": 3.56,
            "eps_growth_year": 7.23,
            "eps_4q": 14.36,
            "eps_4q_growth_year": 4.33,
            "roe": 8.22,
            "roe_4q": 36.2,
            "gross_profit": 282556,
            "gross_margin": 79.28,
            "gross_margin_4q_avg": 79.06,
            "net_income": 149861,
            "net_income_4q": null,
            "revenue": 356413,
            "revenue_4q": null,
            "common_shares": 425755,
            "book_valuer_per_share": 43.57,
            "book_valuer_per_share_4q_avg": 39.28,
            "equity": 1873685,
            "current_ratio": 175.74,
            "debt_ratio": 34.66,
            "inventory_turnover_ratio": null,
            "account_receivable_turnover_ratio": 2.3,
            "reinvestment_rate": 2.47,
            "research_to_sale_ratio": 3.14,
            "price_fair": 503.65,
            "eps_avg_yearly": 14.39,
            "eps_latest_yearly": 14.24,
            "eps_growth_yearly": 36.68
        },
        "20202": {
            "year_quarter": 20202,
            "year": 2020,
            "quarter": 2,
            "eps": 4.04,
            "eps_growth_year": 13.17,
            "eps_4q": 14.84,
            "eps_4q_growth_year": 8.48,
            "roe": 10.14,
            "roe_4q": 37.32,
            "gross_profit": 302552,
            "gross_margin": 79.17,
            "gross_margin_4q_avg": 78.69,
            "net_income": 170787,
            "net_income_4q": null,
            "revenue": 382172,
            "revenue_4q": null,
            "common_shares": 425755,
            "book_valuer_per_share": 34.7,
            "book_valuer_per_share_4q_avg": 39.36,
            "equity": 1494407,
            "current_ratio": 109.15,
            "debt_ratio": 51.24,
            "inventory_turnover_ratio": null,
            "account_receivable_turnover_ratio": 2.54,
            "reinvestment_rate": 2.24,
            "research_to_sale_ratio": 2.84,
            "price_fair": 506.8,
            "eps_avg_yearly": 14.48,
            "eps_latest_yearly": 16.16,
            "eps_growth_yearly": 26.56
        },
        "20203": {
            "year_quarter": 20203,
            "year": 2020,
            "quarter": 3,
            "eps": 3.91,
            "eps_growth_year": -0.26,
            "eps_4q": 14.83,
            "eps_4q_growth_year": 8.65,
            "roe": 10.48,
            "roe_4q": 37.120000000000005,
            "gross_profit": 312518,
            "gross_margin": 77.95,
            "gross_margin_4q_avg": 78.1,
            "net_income": 165908,
            "net_income_4q": null,
            "revenue": 400928,
            "revenue_4q": null,
            "common_shares": 425755,
            "book_valuer_per_share": 38.9,
            "book_valuer_per_share_4q_avg": 39.58,
            "equity": 1672376,
            "current_ratio": 132.46,
            "debt_ratio": 36.55,
            "inventory_turnover_ratio": null,
            "account_receivable_turnover_ratio": 2.95,
            "reinvestment_rate": 0.05,
            "research_to_sale_ratio": 3.09,
            "price_fair": 508.46,
            "eps_avg_yearly": 14.53,
            "eps_latest_yearly": 15.64,
            "eps_growth_yearly": 25.49
        },
        "20204": {
            "year_quarter": 20204,
            "year": 2020,
            "quarter": 4,
            "eps": 3.2,
            "eps_growth_year": -3.64,
            "eps_4q": 14.61,
            "eps_4q_growth_year": 3.48,
            "roe": 7.74,
            "roe_4q": 36.58,
            "gross_profit": 297421,
            "gross_margin": 74.31,
            "gross_margin_4q_avg": 77.68,
            "net_income": 135615,
            "net_income_4q": null,
            "revenue": 400262,
            "revenue_4q": null,
            "common_shares": 429385,
            "book_valuer_per_share": 42.32,
            "book_valuer_per_share_4q_avg": 39.87,
            "equity": 1831105,
            "current_ratio": 143.03,
            "debt_ratio": 36.81,
            "inventory_turnover_ratio": null,
            "account_receivable_turnover_ratio": 3.06,
            "reinvestment_rate": 1.79,
            "research_to_sale_ratio": 4.33,
            "price_fair": 473.87,
            "eps_avg_yearly": 14.47,
            "eps_latest_yearly": 12.8,
            "eps_growth_yearly": 22.76
        },
        "20211": {
            "year_quarter": 20211,
            "year": 2021,
            "quarter": 1,
            "eps": 3.43,
            "eps_growth_year": -3.65,
            "eps_4q": 14.49,
            "eps_4q_growth_year": 0.86,
            "roe": 7.49,
            "roe_4q": 35.85,
            "gross_profit": 296190,
            "gross_margin": 75.77,
            "gross_margin_4q_avg": 76.8,
            "net_income": 143518,
            "net_income_4q": null,
            "revenue": 390919,
            "revenue_4q": null,
            "common_shares": 429385,
            "book_valuer_per_share": 46.29,
            "book_valuer_per_share_4q_avg": 40.55,
            "equity": 1999016,
            "current_ratio": 157.74,
            "debt_ratio": 34.86,
            "inventory_turnover_ratio": null,
            "account_receivable_turnover_ratio": 2.92,
            "reinvestment_rate": -0.66,
            "research_to_sale_ratio": 3.68,
            "price_fair": 512.84,
            "eps_avg_yearly": 14.65,
            "eps_latest_yearly": 13.72,
            "eps_growth_yearly": 30.14
        },
        "20212": {
            "year_quarter": 20212,
            "year": 2021,
            "quarter": 2,
            "eps": 3.62,
            "eps_growth_year": -10.4,
            "eps_4q": 14.07,
            "eps_4q_growth_year": -5.21,
            "roe": 7.36,
            "roe_4q": 33.07000000000001,
            "gross_profit": 297216,
            "gross_margin": 74.14,
            "gross_margin_4q_avg": 75.54,
            "net_income": 153037,
            "net_income_4q": null,
            "revenue": 400861,
            "revenue_4q": null,
            "common_shares": 429385,
            "book_valuer_per_share": 50.05,
            "book_valuer_per_share_4q_avg": 44.39,
            "equity": 2159363,
            "current_ratio": 171.75,
            "debt_ratio": 34.59,
            "inventory_turnover_ratio": null,
            "account_receivable_turnover_ratio": 2.94,
            "reinvestment_rate": 3.08,
            "research_to_sale_ratio": 3.67,
            "price_fair": 41.75,
            "eps_avg_yearly": 13.92,
            "eps_latest_yearly": 14.48,
            "eps_growth_yearly": -4.77
        },
        "20213": {
            "year_quarter": 20213,
            "year": 2021,
            "quarter": 3,
            "eps": 3.32,
            "eps_growth_year": -15.09,
            "eps_4q": 11.4,
            "eps_4q_growth_year": -23.16,
            "roe": 7.08,
            "roe_4q": 29.67,
            "gross_profit": 300625,
            "gross_margin": 71.38,
            "gross_margin_4q_avg": 73.9,
            "net_income": 139845,
            "net_income_4q": null,
            "revenue": 421162,
            "revenue_4q": null,
            "common_shares": 429370,
            "book_valuer_per_share": 41.51,
            "book_valuer_per_share_4q_avg": 45.04,
            "equity": 1791020,
            "current_ratio": 124.38,
            "debt_ratio": 48.61,
            "inventory_turnover_ratio": null,
            "account_receivable_turnover_ratio": 3.21,
            "reinvestment_rate": -5.69,
            "research_to_sale_ratio": 3.97,
            "price_fair": 238.97,
            "eps_avg_yearly": 14.02,
            "eps_latest_yearly": 13.28,
            "eps_growth_yearly": 7.05
        },
        "20214": {
            "year_quarter": 20214,
            "year": 2021,
            "quarter": 4,
            "eps": 3.37,
            "eps_growth_year": 5.16,
            "eps_4q": 12.06,
            "eps_4q_growth_year": -17.49,
            "roe": 8.91,
            "roe_4q": 30.840000000000003,
            "gross_profit": 340718,
            "gross_margin": 72.24,
            "gross_margin_4q_avg": 73.38,
            "net_income": 168136,
            "net_income_4q": null,
            "revenue": 471644,
            "revenue_4q": null,
            "common_shares": 429370,
            "book_valuer_per_share": 46,
            "book_valuer_per_share_4q_avg": 45.96,
            "equity": 1981049,
            "current_ratio": 149.89,
            "debt_ratio": 39.51,
            "inventory_turnover_ratio": null,
            "account_receivable_turnover_ratio": 3.73,
            "reinvestment_rate": -3.24,
            "research_to_sale_ratio": 4.47,
            "price_fair": 260.02,
            "eps_avg_yearly": 14.16,
            "eps_latest_yearly": 13.48,
            "eps_growth_yearly": 8.37
        },
        "20221": {
            "year_quarter": 20221,
            "year": 2022,
            "quarter": 1,
            "eps": 3,
            "eps_growth_year": -12.54,
            "eps_4q": 12.17,
            "eps_4q_growth_year": -15.99,
            "roe": 8.35,
            "roe_4q": 31.699999999999996,
            "gross_profit": 331687,
            "gross_margin": 74.31,
            "gross_margin_4q_avg": 73.02,
            "net_income": 148818,
            "net_income_4q": null,
            "revenue": 446368,
            "revenue_4q": null,
            "common_shares": 507985,
            "book_valuer_per_share": 31.12,
            "book_valuer_per_share_4q_avg": 42.17,
            "equity": 1583725,
            "current_ratio": 109.53,
            "debt_ratio": 53.88,
            "inventory_turnover_ratio": null,
            "account_receivable_turnover_ratio": 3.29,
            "reinvestment_rate": 8.22,
            "research_to_sale_ratio": 2.48,
            "price_fair": 42.05,
            "eps_avg_yearly": 14.02,
            "eps_latest_yearly": 12,
            "eps_growth_yearly": -0.96
        },
        "20222": {
            "year_quarter": 20222,
            "year": 2022,
            "quarter": 2,
            "eps": 3.41,
            "eps_growth_year": -5.8,
            "eps_4q": 12.53,
            "eps_4q_growth_year": -10.91,
            "roe": 9.99,
            "roe_4q": 34.33,
            "gross_profit": 348221,
            "gross_margin": 71.22,
            "gross_margin_4q_avg": 72.29,
            "net_income": 169702,
            "net_income_4q": null,
            "revenue": 488928,
            "revenue_4q": null,
            "common_shares": 507958,
            "book_valuer_per_share": 35.68,
            "book_valuer_per_share_4q_avg": 38.58,
            "equity": 1812417,
            "current_ratio": 129.15,
            "debt_ratio": 41.23,
            "inventory_turnover_ratio": null,
            "account_receivable_turnover_ratio": 3.34,
            "reinvestment_rate": 8.01,
            "research_to_sale_ratio": 5.01,
            "price_fair": 162.03,
            "eps_avg_yearly": 13.95,
            "eps_latest_yearly": 13.64,
            "eps_growth_yearly": 1.61
        },
        "20223": {
            "year_quarter": 20223,
            "year": 2022,
            "quarter": 3,
            "eps": 3.41,
            "eps_growth_year": 2.71,
            "eps_4q": 13.15,
            "eps_4q_growth_year": 15.38,
            "roe": 9.43,
            "roe_4q": 36.68000000000001,
            "gross_profit": 346179,
            "gross_margin": 68.25,
            "gross_margin_4q_avg": 71.51,
            "net_income": 168687,
            "net_income_4q": null,
            "revenue": 507228,
            "revenue_4q": null,
            "common_shares": 507950,
            "book_valuer_per_share": 34.4,
            "book_valuer_per_share_4q_avg": 36.8,
            "equity": 1766128,
            "current_ratio": 120.19,
            "debt_ratio": 45.96,
            "inventory_turnover_ratio": null,
            "account_receivable_turnover_ratio": 3.55,
            "reinvestment_rate": 10.96,
            "research_to_sale_ratio": 2.59,
            "price_fair": 41.44,
            "eps_avg_yearly": 13.81,
            "eps_latest_yearly": 13.64,
            "eps_growth_yearly": -0.43
        },
        "20224": {
            "year_quarter": 20224,
            "year": 2022,
            "quarter": 4,
            "eps": 3.3,
            "eps_growth_year": -1.91,
            "eps_4q": 13.08,
            "eps_4q_growth_year": 8.52,
            "roe": 8.99,
            "roe_4q": 36.760000000000005,
            "gross_profit": 357326,
            "gross_margin": 69.27,
            "gross_margin_4q_avg": 70.76,
            "net_income": 164096,
            "net_income_4q": null,
            "revenue": 515856,
            "revenue_4q": null,
            "common_shares": 507950,
            "book_valuer_per_share": 36.78,
            "book_valuer_per_share_4q_avg": 34.5,
            "equity": 1882694,
            "current_ratio": 136.29,
            "debt_ratio": 42.12,
            "inventory_turnover_ratio": null,
            "account_receivable_turnover_ratio": 3.62,
            "reinvestment_rate": 11.16,
            "research_to_sale_ratio": 3.98,
            "price_fair": 220.23,
            "eps_avg_yearly": 13.93,
            "eps_latest_yearly": 13.2,
            "eps_growth_yearly": 5.82
        },
        "20231": {
            "year_quarter": 20231,
            "year": 2023,
            "quarter": 1,
            "eps": 3.27,
            "eps_growth_year": 9,
            "eps_4q": 13.35,
            "eps_4q_growth_year": 9.74,
            "roe": 8.9,
            "roe_4q": 37.31,
            "gross_profit": 352287,
            "gross_margin": 71.35,
            "gross_margin_4q_avg": 70.02,
            "net_income": 164406,
            "net_income_4q": null,
            "revenue": 493748,
            "revenue_4q": null,
            "common_shares": 507950,
            "book_valuer_per_share": 35.42,
            "book_valuer_per_share_4q_avg": 35.57,
            "equity": 1811904,
            "current_ratio": 124.25,
            "debt_ratio": 47.33,
            "inventory_turnover_ratio": null,
            "account_receivable_turnover_ratio": 3.39,
            "reinvestment_rate": 20.65,
            "research_to_sale_ratio": 5.2,
            "price_fair": 159.51,
            "eps_avg_yearly": 13.91,
            "eps_latest_yearly": 13.08,
            "eps_growth_yearly": 1.47
        },
        "20232": {
            "year_quarter": 20232,
            "year": 2023,
            "quarter": 2,
            "eps": 3.73,
            "eps_growth_year": 9.38,
            "eps_4q": 12.44,
            "eps_4q_growth_year": -0.77,
            "roe": 9.96,
            "roe_4q": 37.28,
            "gross_profit": 377670,
            "gross_margin": 69.62,
            "gross_margin_4q_avg": 69.62,
            "net_income": 188469,
            "net_income_4q": null,
            "revenue": 542511,
            "revenue_4q": null,
            "common_shares": 507948,
            "book_valuer_per_share": 38.61,
            "book_valuer_per_share_4q_avg": 36.3,
            "equity": 1973849,
            "current_ratio": 139.72,
            "debt_ratio": 41.73,
            "inventory_turnover_ratio": null,
            "account_receivable_turnover_ratio": 3.9,
            "reinvestment_rate": 18.59,
            "research_to_sale_ratio": 5.72,
            "price_fair": 182.77,
            "eps_avg_yearly": 13.95,
            "eps_latest_yearly": 14.92,
            "eps_growth_yearly": 3.1
        },
        "20233": {
            "year_quarter": 20233,
            "year": 2023,
            "quarter": 3,
            "eps": 3.56,
            "eps_growth_year": 4.4,
            "eps_4q": 12.9,
            "eps_4q_growth_year": -1.87,
            "roe": 10.08,
            "roe_4q": 37.93,
            "gross_profit": 394831,
            "gross_margin": 70.42,
            "gross_margin_4q_avg": 70.17,
            "net_income": 195898,
            "net_income_4q": null,
            "revenue": 560704,
            "revenue_4q": null,
            "common_shares": 558742,
            "book_valuer_per_share": 34.05,
            "book_valuer_per_share_4q_avg": 36.22,
            "equity": 1913322,
            "current_ratio": 133.58,
            "debt_ratio": 42.1,
            "inventory_turnover_ratio": null,
            "account_receivable_turnover_ratio": 4,
            "reinvestment_rate": 20.46,
            "research_to_sale_ratio": 2.7,
            "price_fair": 41.59,
            "eps_avg_yearly": 13.86,
            "eps_latest_yearly": 14.24,
            "eps_growth_yearly": -0.49
        }
    },
    "months": {
        "2012-09": {
            "month": "2012-09",
            "price": "253.68",
            "revenue": 75455
        },
        "2012-10": {
            "month": "2012-10",
            "price": "246.73",
            "revenue": 70531
        },
        "2012-11": {
            "month": "2012-11",
            "price": "245.29",
            "revenue": 71920
        },
        "2012-12": {
            "month": "2012-12",
            "price": "250.71",
            "revenue": 73795
        },
        "2013-01": {
            "month": "2013-01",
            "price": "247.81",
            "revenue": 68763
        },
        "2013-02": {
            "month": "2013-02",
            "price": "244.62",
            "revenue": 76628
        },
        "2013-03": {
            "month": "2013-03",
            "price": "249.39",
            "revenue": 87297
        },
        "2013-04": {
            "month": "2013-04",
            "price": "251.62",
            "revenue": 77844
        },
        "2013-05": {
            "month": "2013-05",
            "price": "257.28",
            "revenue": 81302
        },
        "2013-06": {
            "month": "2013-06",
            "price": "287.50",
            "revenue": 77382
        },
        "2013-07": {
            "month": "2013-07",
            "price": "282.93",
            "revenue": 77675
        },
        "2013-08": {
            "month": "2013-08",
            "price": "294.44",
            "revenue": 84861
        },
        "2013-09": {
            "month": "2013-09",
            "price": "286.38",
            "revenue": 75062
        },
        "2013-10": {
            "month": "2013-10",
            "price": "272.49",
            "revenue": 77639
        },
        "2013-11": {
            "month": "2013-11",
            "price": "265.22",
            "revenue": 80204
        },
        "2013-12": {
            "month": "2013-12",
            "price": "300.28",
            "revenue": 77761
        },
        "2014-01": {
            "month": "2014-01",
            "price": "302.00",
            "revenue": 83330
        },
        "2014-02": {
            "month": "2014-02",
            "price": "340.21",
            "revenue": 70182
        },
        "2014-03": {
            "month": "2014-03",
            "price": "400.74",
            "revenue": 86488
        },
        "2014-04": {
            "month": "2014-04",
            "price": "380.38",
            "revenue": 90758
        },
        "2014-05": {
            "month": "2014-05",
            "price": "361.05",
            "revenue": 95204
        },
        "2014-06": {
            "month": "2014-06",
            "price": "402.75",
            "revenue": 97529
        },
        "2014-07": {
            "month": "2014-07",
            "price": "384.05",
            "revenue": 102023
        },
        "2014-08": {
            "month": "2014-08",
            "price": "383.14",
            "revenue": 97988
        },
        "2014-09": {
            "month": "2014-09",
            "price": "335.17",
            "revenue": 95671
        },
        "2014-10": {
            "month": "2014-10",
            "price": "293.95",
            "revenue": 114390
        },
        "2014-11": {
            "month": "2014-11",
            "price": "331.85",
            "revenue": 107733
        },
        "2014-12": {
            "month": "2014-12",
            "price": "349.75",
            "revenue": 109527
        },
        "2015-01": {
            "month": "2015-01",
            "price": "315.42",
            "revenue": 102486
        },
        "2015-02": {
            "month": "2015-02",
            "price": "311.31",
            "revenue": 93166
        },
        "2015-03": {
            "month": "2015-03",
            "price": "356.11",
            "revenue": 124638
        },
        "2015-04": {
            "month": "2015-04",
            "price": "392.25",
            "revenue": 117406
        },
        "2015-05": {
            "month": "2015-05",
            "price": "389.70",
            "revenue": 119467
        },
        "2015-06": {
            "month": "2015-06",
            "price": "393.67",
            "revenue": 115629
        },
        "2015-07": {
            "month": "2015-07",
            "price": "370.34",
            "revenue": 120258
        },
        "2015-08": {
            "month": "2015-08",
            "price": "297.67",
            "revenue": 120247
        },
        "2015-09": {
            "month": "2015-09",
            "price": "302.65",
            "revenue": 113538
        },
        "2015-10": {
            "month": "2015-10",
            "price": "310.26",
            "revenue": 113377
        },
        "2015-11": {
            "month": "2015-11",
            "price": "298.17",
            "revenue": 105243
        },
        "2015-12": {
            "month": "2015-12",
            "price": "277.02",
            "revenue": 110888
        },
        "2016-01": {
            "month": "2016-01",
            "price": "252.57",
            "revenue": 110824
        },
        "2016-02": {
            "month": "2016-02",
            "price": "260.65",
            "revenue": 105509
        },
        "2016-03": {
            "month": "2016-03",
            "price": "273.96",
            "revenue": 115986
        },
        "2016-04": {
            "month": "2016-04",
            "price": "255.59",
            "revenue": 125433
        },
        "2016-05": {
            "month": "2016-05",
            "price": "239.39",
            "revenue": 123790
        },
        "2016-06": {
            "month": "2016-06",
            "price": "243.93",
            "revenue": 118533
        },
        "2016-07": {
            "month": "2016-07",
            "price": "248.92",
            "revenue": 128164
        },
        "2016-08": {
            "month": "2016-08",
            "price": "242.02",
            "revenue": 126698
        },
        "2016-09": {
            "month": "2016-09",
            "price": "234.39",
            "revenue": 115249
        },
        "2016-10": {
            "month": "2016-10",
            "price": "207.78",
            "revenue": 117926
        },
        "2016-11": {
            "month": "2016-11",
            "price": "185.34",
            "revenue": 114782
        },
        "2016-12": {
            "month": "2016-12",
            "price": "203.95",
            "revenue": 125703
        },
        "2017-01": {
            "month": "2017-01",
            "price": "196.22",
            "revenue": 119761
        },
        "2017-02": {
            "month": "2017-02",
            "price": "196.47",
            "revenue": 116238
        },
        "2017-03": {
            "month": "2017-03",
            "price": "216.82",
            "revenue": 135864
        },
        "2017-04": {
            "month": "2017-04",
            "price": "217.86",
            "revenue": 133323
        },
        "2017-05": {
            "month": "2017-05",
            "price": "248.52",
            "revenue": 130874
        },
        "2017-06": {
            "month": "2017-06",
            "price": "276.98",
            "revenue": 125194
        },
        "2017-07": {
            "month": "2017-07",
            "price": "257.19",
            "revenue": 130639
        },
        "2017-08": {
            "month": "2017-08",
            "price": "244.83",
            "revenue": 121459
        },
        "2017-09": {
            "month": "2017-09",
            "price": "246.80",
            "revenue": 115240
        },
        "2017-10": {
            "month": "2017-10",
            "price": "231.45",
            "revenue": 116541
        },
        "2017-11": {
            "month": "2017-11",
            "price": "245.05",
            "revenue": 112828
        },
        "2017-12": {
            "month": "2017-12",
            "price": "241.98",
            "revenue": 116775
        },
        "2018-01": {
            "month": "2018-01",
            "price": "235.95",
            "revenue": 118263
        },
        "2018-02": {
            "month": "2018-02",
            "price": "230.15",
            "revenue": 107045
        },
        "2018-03": {
            "month": "2018-03",
            "price": "234.87",
            "revenue": 123196
        },
        "2018-04": {
            "month": "2018-04",
            "price": "243.42",
            "revenue": 118069
        },
        "2018-05": {
            "month": "2018-05",
            "price": "252.45",
            "revenue": 121943
        },
        "2018-06": {
            "month": "2018-06",
            "price": "269.30",
            "revenue": 121371
        },
        "2018-07": {
            "month": "2018-07",
            "price": "268.16",
            "revenue": 130655
        },
        "2018-08": {
            "month": "2018-08",
            "price": "281.02",
            "revenue": 141213
        },
        "2018-09": {
            "month": "2018-09",
            "price": "275.00",
            "revenue": 130228
        },
        "2018-10": {
            "month": "2018-10",
            "price": "265.00",
            "revenue": 126512
        },
        "2018-11": {
            "month": "2018-11",
            "price": "241.93",
            "revenue": 118438
        },
        "2018-12": {
            "month": "2018-12",
            "price": "241.07",
            "revenue": 120192
        },
        "2019-01": {
            "month": "2019-01",
            "price": "247.98",
            "revenue": 121344
        },
        "2019-02": {
            "month": "2019-02",
            "price": "261.85",
            "revenue": 108485
        },
        "2019-03": {
            "month": "2019-03",
            "price": "269.63",
            "revenue": 125869
        },
        "2019-04": {
            "month": "2019-04",
            "price": "270.65",
            "revenue": 120311
        },
        "2019-05": {
            "month": "2019-05",
            "price": "269.23",
            "revenue": 123896
        },
        "2019-06": {
            "month": "2019-06",
            "price": "274.44",
            "revenue": 120047
        },
        "2019-07": {
            "month": "2019-07",
            "price": "267.43",
            "revenue": 129596
        },
        "2019-08": {
            "month": "2019-08",
            "price": "248.06",
            "revenue": 129239
        },
        "2019-09": {
            "month": "2019-09",
            "price": "248.00",
            "revenue": 125171
        },
        "2019-10": {
            "month": "2019-10",
            "price": "247.89",
            "revenue": 123158
        },
        "2019-11": {
            "month": "2019-11",
            "price": "251.28",
            "revenue": 119680
        },
        "2019-12": {
            "month": "2019-12",
            "price": "242.32",
            "revenue": 121241
        },
        "2020-01": {
            "month": "2020-01",
            "price": "239.50",
            "revenue": 117162
        },
        "2020-02": {
            "month": "2020-02",
            "price": "229.37",
            "revenue": 113733
        },
        "2020-03": {
            "month": "2020-03",
            "price": "198.68",
            "revenue": 125513
        },
        "2020-04": {
            "month": "2020-04",
            "price": "205.52",
            "revenue": 124573
        },
        "2020-05": {
            "month": "2020-05",
            "price": "222.62",
            "revenue": 129293
        },
        "2020-06": {
            "month": "2020-06",
            "price": "232.55",
            "revenue": 128309
        },
        "2020-07": {
            "month": "2020-07",
            "price": "218.96",
            "revenue": 135277
        },
        "2020-08": {
            "month": "2020-08",
            "price": "217.24",
            "revenue": 135818
        },
        "2020-09": {
            "month": "2020-09",
            "price": "212.98",
            "revenue": 129838
        },
        "2020-10": {
            "month": "2020-10",
            "price": "204.61",
            "revenue": 135535
        },
        "2020-11": {
            "month": "2020-11",
            "price": "213.90",
            "revenue": 129614
        },
        "2020-12": {
            "month": "2020-12",
            "price": "214.02",
            "revenue": 135071
        },
        "2021-01": {
            "month": "2021-01",
            "price": "214.42",
            "revenue": 131334
        },
        "2021-02": {
            "month": "2021-02",
            "price": "217.12",
            "revenue": 121083
        },
        "2021-03": {
            "month": "2021-03",
            "price": "235.09",
            "revenue": 138504
        },
        "2021-04": {
            "month": "2021-04",
            "price": "242.32",
            "revenue": 137633
        },
        "2021-05": {
            "month": "2021-05",
            "price": "231.62",
            "revenue": 139961
        },
        "2021-06": {
            "month": "2021-06",
            "price": "231.36",
            "revenue": 123271
        },
        "2021-07": {
            "month": "2021-07",
            "price": "239.48",
            "revenue": 134299
        },
        "2021-08": {
            "month": "2021-08",
            "price": "246.50",
            "revenue": 142094
        },
        "2021-09": {
            "month": "2021-09",
            "price": "251.28",
            "revenue": 144765
        },
        "2021-10": {
            "month": "2021-10",
            "price": "250.50",
            "revenue": 157611
        },
        "2021-11": {
            "month": "2021-11",
            "price": "251.30",
            "revenue": 157942
        },
        "2021-12": {
            "month": "2021-12",
            "price": "259.20",
            "revenue": 156083
        },
        "2022-01": {
            "month": "2022-01",
            "price": "238.22",
            "revenue": 153777
        },
        "2022-02": {
            "month": "2022-02",
            "price": "232.43",
            "revenue": 135131
        },
        "2022-03": {
            "month": "2022-03",
            "price": "221.46",
            "revenue": 157437
        },
        "2022-04": {
            "month": "2022-04",
            "price": "218.13",
            "revenue": 161109
        },
        "2022-05": {
            "month": "2022-05",
            "price": "201.10",
            "revenue": 169803
        },
        "2022-06": {
            "month": "2022-06",
            "price": "202.17",
            "revenue": 158005
        },
        "2022-07": {
            "month": "2022-07",
            "price": "197.90",
            "revenue": 168190
        },
        "2022-08": {
            "month": "2022-08",
            "price": "200.80",
            "revenue": 172992
        },
        "2022-09": {
            "month": "2022-09",
            "price": "189.31",
            "revenue": 165926
        },
        "2022-10": {
            "month": "2022-10",
            "price": "181.62",
            "revenue": 174005
        },
        "2022-11": {
            "month": "2022-11",
            "price": "180.98",
            "revenue": 171699
        },
        "2022-12": {
            "month": "2022-12",
            "price": "189.43",
            "revenue": 169980
        },
        "2023-01": {
            "month": "2023-01",
            "price": "191.67",
            "revenue": 159950
        },
        "2023-02": {
            "month": "2023-02",
            "price": "194.14",
            "revenue": 154310
        },
        "2023-03": {
            "month": "2023-03",
            "price": "196.61",
            "revenue": 179492
        },
        "2023-04": {
            "month": "2023-04",
            "price": "204.53",
            "revenue": 177123
        },
        "2023-05": {
            "month": "2023-05",
            "price": "209.00",
            "revenue": 183554
        },
        "2023-06": {
            "month": "2023-06",
            "price": "209.32",
            "revenue": 181831
        },
        "2023-07": {
            "month": "2023-07",
            "price": "206.07",
            "revenue": 189327
        },
        "2023-08": {
            "month": "2023-08",
            "price": "211.39",
            "revenue": 189386
        },
        "2023-09": {
            "month": "2023-09",
            "price": "201.75",
            "revenue": 181975
        },
        "2023-10": {
            "month": "2023-10",
            "price": "201.05",
            "revenue": 186931
        },
        "2023-11": {
            "month": "2023-11",
            "price": "195.80",
            "revenue": 182720
        },
        "2023-12": {
            "month": "2023-12",
            "price": "198.74",
            "revenue": 183215
        }
    }
}
