{
    "summary": {
        "stock_name": "豐祥-KY",
        "stock_id": "5288",
        "category": "電機機械",
        "main_business": "汽機車零組件之製造、加工、買賣、五金零組件、機械零組件及裝配<br>醫療器材之製造、加工、買賣、五金零組件、機械零組件及裝配<br>休閒車輛零組件之製造、加工、買賣",
        "website_url": "http://www.eurocharm.com.tw",
        "ceo": "吳聰武",
        "pe_ratio": 12,
        "report_year_from": 2013,
        "report_year_to": 2023,
        "age": 10,
        "eps_negative_percentage": 0,
        "eps_growth_avg": {
            "last_all": 18.81,
            "last_2y": 17.29,
            "last_4y": 17.02,
            "last_8y": null,
            "last_12y": null,
            "last_16y": null,
            "last_20y": null,
            "at_2006_last_3y": null,
            "at_2007_last_3y": null,
            "at_2008_last_3y": null,
            "at_2009_last_3y": null,
            "at_2010_last_3y": null,
            "at_2011_last_3y": null,
            "at_2012_last_3y": null,
            "at_2013_last_3y": null,
            "at_2014_last_3y": null,
            "at_2015_last_3y": null,
            "at_2016_last_3y": null,
            "at_2017_last_3y": null,
            "at_2018_last_3y": 21.21,
            "at_2019_last_3y": 6.61,
            "at_2020_last_3y": 4.61,
            "at_2021_last_3y": 8.8,
            "at_2022_last_3y": 16.41,
            "at_2023_last_3y": 16.41,
            "at_2006_last_all": null,
            "at_2007_last_all": null,
            "at_2008_last_all": null,
            "at_2009_last_all": null,
            "at_2010_last_all": null,
            "at_2011_last_all": null,
            "at_2012_last_all": null,
            "at_2013_last_all": null,
            "at_2014_last_all": null,
            "at_2015_last_all": null,
            "at_2016_last_all": 34.36,
            "at_2017_last_all": 21.8,
            "at_2018_last_all": 21.21,
            "at_2019_last_all": 19.72,
            "at_2020_last_all": 14.52,
            "at_2021_last_all": 14.37,
            "at_2022_last_all": 18.81,
            "at_2023_last_all": 18.81
        },
        "latest_eps": 15.16,
        "latest_price": 187.5,
        "latest_roe": 26.38,
        "latest_gross_margin": 22.29,
        "latest_equity": 4188445,
        "latest_revenue": 1835985,
        "latest_gross_profit": 409176,
        "latest_net_income": 235531,
        "latest_debt_ratio": 46.15,
        "latest_current_ratio": 154.13,
        "latest_account_receivable_turnover_ratio": 1.32,
        "latest_inventory_turnover_ratio": 1.4,
        "latest_reinvestment_rate": 43.32,
        "latest_research_to_sale_ratio": 1.14
    },
    "eps_dividends": {
        "2001": {
            "cash": 0,
            "stock": 0,
            "eps": 0
        },
        "2002": {
            "cash": 0,
            "stock": 0,
            "eps": 0
        },
        "2003": {
            "cash": 0,
            "stock": 0,
            "eps": 0
        },
        "2004": {
            "cash": 0,
            "stock": 0,
            "eps": 0
        },
        "2005": {
            "cash": 0,
            "stock": 0,
            "eps": 0
        },
        "2006": {
            "cash": 0,
            "stock": 0,
            "eps": 0
        },
        "2007": {
            "cash": 0,
            "stock": 0,
            "eps": 0
        },
        "2008": {
            "cash": 0,
            "stock": 0,
            "eps": 0
        },
        "2009": {
            "cash": 0,
            "stock": 0,
            "eps": 0
        },
        "2010": {
            "cash": 0,
            "stock": 0,
            "eps": 0
        },
        "2011": {
            "cash": 0,
            "stock": 0,
            "eps": 0
        },
        "2012": {
            "cash": 0,
            "stock": 0,
            "eps": 0
        },
        "2013": {
            "cash": 0,
            "stock": 0,
            "eps": 0
        },
        "2014": {
            "cash": 3,
            "stock": 0,
            "eps": 4.35
        },
        "2015": {
            "cash": 3.5,
            "stock": 0,
            "eps": 7.49
        },
        "2016": {
            "cash": 5.01,
            "stock": 0,
            "eps": 7.23
        },
        "2017": {
            "cash": 4,
            "stock": 0,
            "eps": 6.99
        },
        "2018": {
            "cash": 4,
            "stock": 0,
            "eps": 8.35
        },
        "2019": {
            "cash": 5,
            "stock": 0,
            "eps": 9.5
        },
        "2020": {
            "cash": 5.5,
            "stock": 0,
            "eps": 8.41
        },
        "2021": {
            "cash": 4,
            "stock": 0,
            "eps": 9.54
        },
        "2022": {
            "cash": 4.5,
            "stock": 0,
            "eps": 14.3
        },
        "2023": {
            "cash": 7.1,
            "stock": 0,
            "eps": 3.57
        }
    },
    "dividends": {
        "2014-04-07": {
            "cash": 3,
            "stock": 0
        },
        "2015-09-01": {
            "cash": 3.5,
            "stock": 0
        },
        "2016-09-14": {
            "cash": 5.01,
            "stock": 0
        },
        "2017-09-15": {
            "cash": 4,
            "stock": 0
        },
        "2018-09-14": {
            "cash": 4,
            "stock": 0
        },
        "2019-09-12": {
            "cash": 5,
            "stock": 0
        },
        "2020-09-14": {
            "cash": 5.5,
            "stock": 0
        },
        "2021-09-15": {
            "cash": 4,
            "stock": 0
        },
        "2022-09-28": {
            "cash": 4.5,
            "stock": 0
        },
        "2023-02-24": {
            "cash": 7.1,
            "stock": 0
        }
    },
    "prices": {
        "200101": "無",
        "200102": "無",
        "200103": "無",
        "200104": "無",
        "200105": "無",
        "200106": "無",
        "200107": "無",
        "200108": "無",
        "200109": "無",
        "200110": "無",
        "200111": "無",
        "200112": "無",
        "200201": "無",
        "200202": "無",
        "200203": "無",
        "200204": "無",
        "200205": "無",
        "200206": "無",
        "200207": "無",
        "200208": "無",
        "200209": "無",
        "200210": "無",
        "200211": "無",
        "200212": "無",
        "200301": "無",
        "200302": "無",
        "200303": "無",
        "200304": "無",
        "200305": "無",
        "200306": "無",
        "200307": "無",
        "200308": "無",
        "200309": "無",
        "200310": "無",
        "200311": "無",
        "200312": "無",
        "200401": "無",
        "200402": "無",
        "200403": "無",
        "200404": "無",
        "200405": "無",
        "200406": "無",
        "200407": "無",
        "200408": "無",
        "200409": "無",
        "200410": "無",
        "200411": "無",
        "200412": "無",
        "200501": "無",
        "200502": "無",
        "200503": "無",
        "200504": "無",
        "200505": "無",
        "200506": "無",
        "200507": "無",
        "200508": "無",
        "200509": "無",
        "200510": "無",
        "200511": "無",
        "200512": "無",
        "200601": "無",
        "200602": "無",
        "200603": "無",
        "200604": "無",
        "200605": "無",
        "200606": "無",
        "200607": "無",
        "200608": "無",
        "200609": "無",
        "200610": "無",
        "200611": "無",
        "200612": "無",
        "200701": "無",
        "200702": "無",
        "200703": "無",
        "200704": "無",
        "200705": "無",
        "200706": "無",
        "200707": "無",
        "200708": "無",
        "200709": "無",
        "200710": "無",
        "200711": "無",
        "200712": "無",
        "200801": "無",
        "200802": "無",
        "200803": "無",
        "200804": "無",
        "200805": "無",
        "200806": "無",
        "200807": "無",
        "200808": "無",
        "200809": "無",
        "200810": "無",
        "200811": "無",
        "200812": "無",
        "200901": "無",
        "200902": "無",
        "200903": "無",
        "200904": "無",
        "200905": "無",
        "200906": "無",
        "200907": "無",
        "200908": "無",
        "200909": "無",
        "200910": "無",
        "200911": "無",
        "200912": "無",
        "201001": "無",
        "201002": "無",
        "201003": "無",
        "201004": "無",
        "201005": "無",
        "201006": "無",
        "201007": "無",
        "201008": "無",
        "201009": "無",
        "201010": "無",
        "201011": "無",
        "201012": "無",
        "201101": "無",
        "201102": "無",
        "201103": "無",
        "201104": "無",
        "201105": "無",
        "201106": "無",
        "201107": "無",
        "201108": "無",
        "201109": "無",
        "201110": "無",
        "201111": "無",
        "201112": "無",
        "201201": "無",
        "201202": "無",
        "201203": "無",
        "201204": "無",
        "201205": "無",
        "201206": "無",
        "201207": "無",
        "201208": "無",
        "201209": "無",
        "201210": "無",
        "201211": "無",
        "201212": "無",
        "201301": "無",
        "201302": "無",
        "201303": "無",
        "201304": "無",
        "201305": "無",
        "201306": "無",
        "201307": "無",
        "201308": "無",
        "201309": "無",
        "201310": "無",
        "201311": "無",
        "201312": "無",
        "201401": "無",
        "201402": "無",
        "201403": "無",
        "201404": "無",
        "201405": "無",
        "201406": "無",
        "201407": "無",
        "201408": "無",
        "201409": "68.62",
        "201410": "64.40",
        "201411": "56.88",
        "201412": "61.93",
        "201501": "62.22",
        "201502": "61.81",
        "201503": "64.41",
        "201504": "72.98",
        "201505": "76.98",
        "201506": "71.32",
        "201507": "65.13",
        "201508": "57.56",
        "201509": "62.04",
        "201510": "86.49",
        "201511": "122.71",
        "201512": "107.02",
        "201601": "94.98",
        "201602": "102.04",
        "201603": "101.83",
        "201604": "97.73",
        "201605": "95.64",
        "201606": "109.60",
        "201607": "109.85",
        "201608": "108.24",
        "201609": "107.82",
        "201610": "100.08",
        "201611": "77.96",
        "201612": "78.35",
        "201701": "78.15",
        "201702": "82.57",
        "201703": "84.77",
        "201704": "86.19",
        "201705": "84.14",
        "201706": "90.53",
        "201707": "91.70",
        "201708": "93.46",
        "201709": "89.41",
        "201710": "89.98",
        "201711": "94.05",
        "201712": "88.84",
        "201801": "85.70",
        "201802": "82.25",
        "201803": "82.84",
        "201804": "86.72",
        "201805": "86.86",
        "201806": "87.48",
        "201807": "87.77",
        "201808": "90.77",
        "201809": "89.41",
        "201810": "88.43",
        "201811": "90.61",
        "201812": "107.55",
        "201901": "119.38",
        "201902": "132.88",
        "201903": "134.75",
        "201904": "147.60",
        "201905": "144.98",
        "201906": "131.00",
        "201907": "133.85",
        "201908": "131.43",
        "201909": "130.16",
        "201910": "122.62",
        "201911": "122.00",
        "201912": "122.52",
        "202001": "119.67",
        "202002": "118.13",
        "202003": "100.72",
        "202004": "93.44",
        "202005": "96.16",
        "202006": "98.00",
        "202007": "98.16",
        "202008": "105.22",
        "202009": "104.52",
        "202010": "97.68",
        "202011": "104.91",
        "202012": "108.22",
        "202101": "115.62",
        "202102": "127.46",
        "202103": "137.09",
        "202104": "142.03",
        "202105": "143.48",
        "202106": "152.60",
        "202107": "163.02",
        "202108": "150.00",
        "202109": "140.25",
        "202110": "143.05",
        "202111": "151.05",
        "202112": "147.30",
        "202201": "149.56",
        "202202": "153.93",
        "202203": "150.02",
        "202204": "152.03",
        "202205": "150.02",
        "202206": "165.69",
        "202207": "154.10",
        "202208": "157.28",
        "202209": "167.93",
        "202210": "173.18",
        "202211": "166.95",
        "202212": "164.70",
        "202301": "168.23",
        "202302": "177.06",
        "202303": "178.07",
        "202304": "176.56",
        "202305": "187.30",
        "202306": "194.46"
    },
    "quarters": {
        "20011": {
            "year_quarter": 20011,
            "year": 2001,
            "quarter": 1,
            "eps": null,
            "eps_growth_year": null,
            "eps_4q": null,
            "eps_4q_growth_year": null,
            "roe": null,
            "roe_4q": 0,
            "gross_profit": null,
            "gross_margin": null,
            "gross_margin_4q_avg": 0,
            "net_income": null,
            "revenue": null,
            "common_shares": null,
            "book_valuer_per_share": null,
            "book_valuer_per_share_4q_avg": 0,
            "equity": null,
            "current_ratio": null,
            "debt_ratio": null,
            "inventory_turnover_ratio": null,
            "account_receivable_turnover_ratio": null,
            "reinvestment_rate": null,
            "research_to_sale_ratio": null,
            "price_fair": 0,
            "eps_avg_yearly": 0,
            "eps_latest_yearly": 0,
            "eps_growth_yearly": 0
        },
        "20012": {
            "year_quarter": 20012,
            "year": 2001,
            "quarter": 2,
            "eps": null,
            "eps_growth_year": null,
            "eps_4q": null,
            "eps_4q_growth_year": null,
            "roe": null,
            "roe_4q": 0,
            "gross_profit": null,
            "gross_margin": null,
            "gross_margin_4q_avg": 0,
            "net_income": null,
            "revenue": null,
            "common_shares": null,
            "book_valuer_per_share": null,
            "book_valuer_per_share_4q_avg": 0,
            "equity": null,
            "current_ratio": null,
            "debt_ratio": null,
            "inventory_turnover_ratio": null,
            "account_receivable_turnover_ratio": null,
            "reinvestment_rate": null,
            "research_to_sale_ratio": null,
            "price_fair": 0,
            "eps_avg_yearly": 0,
            "eps_latest_yearly": 0,
            "eps_growth_yearly": 0
        },
        "20013": {
            "year_quarter": 20013,
            "year": 2001,
            "quarter": 3,
            "eps": null,
            "eps_growth_year": null,
            "eps_4q": null,
            "eps_4q_growth_year": null,
            "roe": null,
            "roe_4q": 0,
            "gross_profit": null,
            "gross_margin": null,
            "gross_margin_4q_avg": 0,
            "net_income": null,
            "revenue": null,
            "common_shares": null,
            "book_valuer_per_share": null,
            "book_valuer_per_share_4q_avg": 0,
            "equity": null,
            "current_ratio": null,
            "debt_ratio": null,
            "inventory_turnover_ratio": null,
            "account_receivable_turnover_ratio": null,
            "reinvestment_rate": null,
            "research_to_sale_ratio": null,
            "price_fair": 0,
            "eps_avg_yearly": 0,
            "eps_latest_yearly": 0,
            "eps_growth_yearly": 0
        },
        "20014": {
            "year_quarter": 20014,
            "year": 2001,
            "quarter": 4,
            "eps": null,
            "eps_growth_year": null,
            "eps_4q": null,
            "eps_4q_growth_year": null,
            "roe": null,
            "roe_4q": 0,
            "gross_profit": null,
            "gross_margin": null,
            "gross_margin_4q_avg": 0,
            "net_income": null,
            "revenue": null,
            "common_shares": null,
            "book_valuer_per_share": null,
            "book_valuer_per_share_4q_avg": 0,
            "equity": null,
            "current_ratio": null,
            "debt_ratio": null,
            "inventory_turnover_ratio": null,
            "account_receivable_turnover_ratio": null,
            "reinvestment_rate": null,
            "research_to_sale_ratio": null,
            "price_fair": 0,
            "eps_avg_yearly": 0,
            "eps_latest_yearly": 0,
            "eps_growth_yearly": 0
        },
        "20021": {
            "year_quarter": 20021,
            "year": 2002,
            "quarter": 1,
            "eps": null,
            "eps_growth_year": null,
            "eps_4q": null,
            "eps_4q_growth_year": null,
            "roe": null,
            "roe_4q": 0,
            "gross_profit": null,
            "gross_margin": null,
            "gross_margin_4q_avg": 0,
            "net_income": null,
            "revenue": null,
            "common_shares": null,
            "book_valuer_per_share": null,
            "book_valuer_per_share_4q_avg": 0,
            "equity": null,
            "current_ratio": null,
            "debt_ratio": null,
            "inventory_turnover_ratio": null,
            "account_receivable_turnover_ratio": null,
            "reinvestment_rate": null,
            "research_to_sale_ratio": null,
            "price_fair": 0,
            "eps_avg_yearly": 0,
            "eps_latest_yearly": 0,
            "eps_growth_yearly": 0
        },
        "20022": {
            "year_quarter": 20022,
            "year": 2002,
            "quarter": 2,
            "eps": null,
            "eps_growth_year": null,
            "eps_4q": null,
            "eps_4q_growth_year": null,
            "roe": null,
            "roe_4q": 0,
            "gross_profit": null,
            "gross_margin": null,
            "gross_margin_4q_avg": 0,
            "net_income": null,
            "revenue": null,
            "common_shares": null,
            "book_valuer_per_share": null,
            "book_valuer_per_share_4q_avg": 0,
            "equity": null,
            "current_ratio": null,
            "debt_ratio": null,
            "inventory_turnover_ratio": null,
            "account_receivable_turnover_ratio": null,
            "reinvestment_rate": null,
            "research_to_sale_ratio": null,
            "price_fair": 0,
            "eps_avg_yearly": 0,
            "eps_latest_yearly": 0,
            "eps_growth_yearly": 0
        },
        "20023": {
            "year_quarter": 20023,
            "year": 2002,
            "quarter": 3,
            "eps": null,
            "eps_growth_year": null,
            "eps_4q": null,
            "eps_4q_growth_year": null,
            "roe": null,
            "roe_4q": 0,
            "gross_profit": null,
            "gross_margin": null,
            "gross_margin_4q_avg": 0,
            "net_income": null,
            "revenue": null,
            "common_shares": null,
            "book_valuer_per_share": null,
            "book_valuer_per_share_4q_avg": 0,
            "equity": null,
            "current_ratio": null,
            "debt_ratio": null,
            "inventory_turnover_ratio": null,
            "account_receivable_turnover_ratio": null,
            "reinvestment_rate": null,
            "research_to_sale_ratio": null,
            "price_fair": 0,
            "eps_avg_yearly": 0,
            "eps_latest_yearly": 0,
            "eps_growth_yearly": 0
        },
        "20024": {
            "year_quarter": 20024,
            "year": 2002,
            "quarter": 4,
            "eps": null,
            "eps_growth_year": null,
            "eps_4q": null,
            "eps_4q_growth_year": null,
            "roe": null,
            "roe_4q": 0,
            "gross_profit": null,
            "gross_margin": null,
            "gross_margin_4q_avg": 0,
            "net_income": null,
            "revenue": null,
            "common_shares": null,
            "book_valuer_per_share": null,
            "book_valuer_per_share_4q_avg": 0,
            "equity": null,
            "current_ratio": null,
            "debt_ratio": null,
            "inventory_turnover_ratio": null,
            "account_receivable_turnover_ratio": null,
            "reinvestment_rate": null,
            "research_to_sale_ratio": null,
            "price_fair": 0,
            "eps_avg_yearly": 0,
            "eps_latest_yearly": 0,
            "eps_growth_yearly": 0
        },
        "20031": {
            "year_quarter": 20031,
            "year": 2003,
            "quarter": 1,
            "eps": null,
            "eps_growth_year": null,
            "eps_4q": null,
            "eps_4q_growth_year": null,
            "roe": null,
            "roe_4q": 0,
            "gross_profit": null,
            "gross_margin": null,
            "gross_margin_4q_avg": 0,
            "net_income": null,
            "revenue": null,
            "common_shares": null,
            "book_valuer_per_share": null,
            "book_valuer_per_share_4q_avg": 0,
            "equity": null,
            "current_ratio": null,
            "debt_ratio": null,
            "inventory_turnover_ratio": null,
            "account_receivable_turnover_ratio": null,
            "reinvestment_rate": null,
            "research_to_sale_ratio": null,
            "price_fair": 0,
            "eps_avg_yearly": 0,
            "eps_latest_yearly": 0,
            "eps_growth_yearly": 0
        },
        "20032": {
            "year_quarter": 20032,
            "year": 2003,
            "quarter": 2,
            "eps": null,
            "eps_growth_year": null,
            "eps_4q": null,
            "eps_4q_growth_year": null,
            "roe": null,
            "roe_4q": 0,
            "gross_profit": null,
            "gross_margin": null,
            "gross_margin_4q_avg": 0,
            "net_income": null,
            "revenue": null,
            "common_shares": null,
            "book_valuer_per_share": null,
            "book_valuer_per_share_4q_avg": 0,
            "equity": null,
            "current_ratio": null,
            "debt_ratio": null,
            "inventory_turnover_ratio": null,
            "account_receivable_turnover_ratio": null,
            "reinvestment_rate": null,
            "research_to_sale_ratio": null,
            "price_fair": 0,
            "eps_avg_yearly": 0,
            "eps_latest_yearly": 0,
            "eps_growth_yearly": 0
        },
        "20033": {
            "year_quarter": 20033,
            "year": 2003,
            "quarter": 3,
            "eps": null,
            "eps_growth_year": null,
            "eps_4q": null,
            "eps_4q_growth_year": null,
            "roe": null,
            "roe_4q": 0,
            "gross_profit": null,
            "gross_margin": null,
            "gross_margin_4q_avg": 0,
            "net_income": null,
            "revenue": null,
            "common_shares": null,
            "book_valuer_per_share": null,
            "book_valuer_per_share_4q_avg": 0,
            "equity": null,
            "current_ratio": null,
            "debt_ratio": null,
            "inventory_turnover_ratio": null,
            "account_receivable_turnover_ratio": null,
            "reinvestment_rate": null,
            "research_to_sale_ratio": null,
            "price_fair": 0,
            "eps_avg_yearly": 0,
            "eps_latest_yearly": 0,
            "eps_growth_yearly": 0
        },
        "20034": {
            "year_quarter": 20034,
            "year": 2003,
            "quarter": 4,
            "eps": null,
            "eps_growth_year": null,
            "eps_4q": null,
            "eps_4q_growth_year": null,
            "roe": null,
            "roe_4q": 0,
            "gross_profit": null,
            "gross_margin": null,
            "gross_margin_4q_avg": 0,
            "net_income": null,
            "revenue": null,
            "common_shares": null,
            "book_valuer_per_share": null,
            "book_valuer_per_share_4q_avg": 0,
            "equity": null,
            "current_ratio": null,
            "debt_ratio": null,
            "inventory_turnover_ratio": null,
            "account_receivable_turnover_ratio": null,
            "reinvestment_rate": null,
            "research_to_sale_ratio": null,
            "price_fair": 0,
            "eps_avg_yearly": 0,
            "eps_latest_yearly": 0,
            "eps_growth_yearly": 0
        },
        "20041": {
            "year_quarter": 20041,
            "year": 2004,
            "quarter": 1,
            "eps": null,
            "eps_growth_year": null,
            "eps_4q": null,
            "eps_4q_growth_year": null,
            "roe": null,
            "roe_4q": 0,
            "gross_profit": null,
            "gross_margin": null,
            "gross_margin_4q_avg": 0,
            "net_income": null,
            "revenue": null,
            "common_shares": null,
            "book_valuer_per_share": null,
            "book_valuer_per_share_4q_avg": 0,
            "equity": null,
            "current_ratio": null,
            "debt_ratio": null,
            "inventory_turnover_ratio": null,
            "account_receivable_turnover_ratio": null,
            "reinvestment_rate": null,
            "research_to_sale_ratio": null,
            "price_fair": 0,
            "eps_avg_yearly": 0,
            "eps_latest_yearly": 0,
            "eps_growth_yearly": 0
        },
        "20042": {
            "year_quarter": 20042,
            "year": 2004,
            "quarter": 2,
            "eps": null,
            "eps_growth_year": null,
            "eps_4q": null,
            "eps_4q_growth_year": null,
            "roe": null,
            "roe_4q": 0,
            "gross_profit": null,
            "gross_margin": null,
            "gross_margin_4q_avg": 0,
            "net_income": null,
            "revenue": null,
            "common_shares": null,
            "book_valuer_per_share": null,
            "book_valuer_per_share_4q_avg": 0,
            "equity": null,
            "current_ratio": null,
            "debt_ratio": null,
            "inventory_turnover_ratio": null,
            "account_receivable_turnover_ratio": null,
            "reinvestment_rate": null,
            "research_to_sale_ratio": null,
            "price_fair": 0,
            "eps_avg_yearly": 0,
            "eps_latest_yearly": 0,
            "eps_growth_yearly": 0
        },
        "20043": {
            "year_quarter": 20043,
            "year": 2004,
            "quarter": 3,
            "eps": null,
            "eps_growth_year": null,
            "eps_4q": null,
            "eps_4q_growth_year": null,
            "roe": null,
            "roe_4q": 0,
            "gross_profit": null,
            "gross_margin": null,
            "gross_margin_4q_avg": 0,
            "net_income": null,
            "revenue": null,
            "common_shares": null,
            "book_valuer_per_share": null,
            "book_valuer_per_share_4q_avg": 0,
            "equity": null,
            "current_ratio": null,
            "debt_ratio": null,
            "inventory_turnover_ratio": null,
            "account_receivable_turnover_ratio": null,
            "reinvestment_rate": null,
            "research_to_sale_ratio": null,
            "price_fair": 0,
            "eps_avg_yearly": 0,
            "eps_latest_yearly": 0,
            "eps_growth_yearly": 0
        },
        "20044": {
            "year_quarter": 20044,
            "year": 2004,
            "quarter": 4,
            "eps": null,
            "eps_growth_year": null,
            "eps_4q": null,
            "eps_4q_growth_year": null,
            "roe": null,
            "roe_4q": 0,
            "gross_profit": null,
            "gross_margin": null,
            "gross_margin_4q_avg": 0,
            "net_income": null,
            "revenue": null,
            "common_shares": null,
            "book_valuer_per_share": null,
            "book_valuer_per_share_4q_avg": 0,
            "equity": null,
            "current_ratio": null,
            "debt_ratio": null,
            "inventory_turnover_ratio": null,
            "account_receivable_turnover_ratio": null,
            "reinvestment_rate": null,
            "research_to_sale_ratio": null,
            "price_fair": 0,
            "eps_avg_yearly": 0,
            "eps_latest_yearly": 0,
            "eps_growth_yearly": 0
        },
        "20051": {
            "year_quarter": 20051,
            "year": 2005,
            "quarter": 1,
            "eps": null,
            "eps_growth_year": null,
            "eps_4q": null,
            "eps_4q_growth_year": null,
            "roe": null,
            "roe_4q": 0,
            "gross_profit": null,
            "gross_margin": null,
            "gross_margin_4q_avg": 0,
            "net_income": null,
            "revenue": null,
            "common_shares": null,
            "book_valuer_per_share": null,
            "book_valuer_per_share_4q_avg": 0,
            "equity": null,
            "current_ratio": null,
            "debt_ratio": null,
            "inventory_turnover_ratio": null,
            "account_receivable_turnover_ratio": null,
            "reinvestment_rate": null,
            "research_to_sale_ratio": null,
            "price_fair": 0,
            "eps_avg_yearly": 0,
            "eps_latest_yearly": 0,
            "eps_growth_yearly": 0
        },
        "20052": {
            "year_quarter": 20052,
            "year": 2005,
            "quarter": 2,
            "eps": null,
            "eps_growth_year": null,
            "eps_4q": null,
            "eps_4q_growth_year": null,
            "roe": null,
            "roe_4q": 0,
            "gross_profit": null,
            "gross_margin": null,
            "gross_margin_4q_avg": 0,
            "net_income": null,
            "revenue": null,
            "common_shares": null,
            "book_valuer_per_share": null,
            "book_valuer_per_share_4q_avg": 0,
            "equity": null,
            "current_ratio": null,
            "debt_ratio": null,
            "inventory_turnover_ratio": null,
            "account_receivable_turnover_ratio": null,
            "reinvestment_rate": null,
            "research_to_sale_ratio": null,
            "price_fair": 0,
            "eps_avg_yearly": 0,
            "eps_latest_yearly": 0,
            "eps_growth_yearly": 0
        },
        "20053": {
            "year_quarter": 20053,
            "year": 2005,
            "quarter": 3,
            "eps": null,
            "eps_growth_year": null,
            "eps_4q": null,
            "eps_4q_growth_year": null,
            "roe": null,
            "roe_4q": 0,
            "gross_profit": null,
            "gross_margin": null,
            "gross_margin_4q_avg": 0,
            "net_income": null,
            "revenue": null,
            "common_shares": null,
            "book_valuer_per_share": null,
            "book_valuer_per_share_4q_avg": 0,
            "equity": null,
            "current_ratio": null,
            "debt_ratio": null,
            "inventory_turnover_ratio": null,
            "account_receivable_turnover_ratio": null,
            "reinvestment_rate": null,
            "research_to_sale_ratio": null,
            "price_fair": 0,
            "eps_avg_yearly": 0,
            "eps_latest_yearly": 0,
            "eps_growth_yearly": 0
        },
        "20054": {
            "year_quarter": 20054,
            "year": 2005,
            "quarter": 4,
            "eps": null,
            "eps_growth_year": null,
            "eps_4q": null,
            "eps_4q_growth_year": null,
            "roe": null,
            "roe_4q": 0,
            "gross_profit": null,
            "gross_margin": null,
            "gross_margin_4q_avg": 0,
            "net_income": null,
            "revenue": null,
            "common_shares": null,
            "book_valuer_per_share": null,
            "book_valuer_per_share_4q_avg": 0,
            "equity": null,
            "current_ratio": null,
            "debt_ratio": null,
            "inventory_turnover_ratio": null,
            "account_receivable_turnover_ratio": null,
            "reinvestment_rate": null,
            "research_to_sale_ratio": null,
            "price_fair": 0,
            "eps_avg_yearly": 0,
            "eps_latest_yearly": 0,
            "eps_growth_yearly": 0
        },
        "20061": {
            "year_quarter": 20061,
            "year": 2006,
            "quarter": 1,
            "eps": null,
            "eps_growth_year": null,
            "eps_4q": null,
            "eps_4q_growth_year": null,
            "roe": null,
            "roe_4q": 0,
            "gross_profit": null,
            "gross_margin": null,
            "gross_margin_4q_avg": 0,
            "net_income": null,
            "revenue": null,
            "common_shares": null,
            "book_valuer_per_share": null,
            "book_valuer_per_share_4q_avg": 0,
            "equity": null,
            "current_ratio": null,
            "debt_ratio": null,
            "inventory_turnover_ratio": null,
            "account_receivable_turnover_ratio": null,
            "reinvestment_rate": null,
            "research_to_sale_ratio": null,
            "price_fair": 0,
            "eps_avg_yearly": 0,
            "eps_latest_yearly": 0,
            "eps_growth_yearly": 0
        },
        "20062": {
            "year_quarter": 20062,
            "year": 2006,
            "quarter": 2,
            "eps": null,
            "eps_growth_year": null,
            "eps_4q": null,
            "eps_4q_growth_year": null,
            "roe": null,
            "roe_4q": 0,
            "gross_profit": null,
            "gross_margin": null,
            "gross_margin_4q_avg": 0,
            "net_income": null,
            "revenue": null,
            "common_shares": null,
            "book_valuer_per_share": null,
            "book_valuer_per_share_4q_avg": 0,
            "equity": null,
            "current_ratio": null,
            "debt_ratio": null,
            "inventory_turnover_ratio": null,
            "account_receivable_turnover_ratio": null,
            "reinvestment_rate": null,
            "research_to_sale_ratio": null,
            "price_fair": 0,
            "eps_avg_yearly": 0,
            "eps_latest_yearly": 0,
            "eps_growth_yearly": 0
        },
        "20063": {
            "year_quarter": 20063,
            "year": 2006,
            "quarter": 3,
            "eps": null,
            "eps_growth_year": null,
            "eps_4q": null,
            "eps_4q_growth_year": null,
            "roe": null,
            "roe_4q": 0,
            "gross_profit": null,
            "gross_margin": null,
            "gross_margin_4q_avg": 0,
            "net_income": null,
            "revenue": null,
            "common_shares": null,
            "book_valuer_per_share": null,
            "book_valuer_per_share_4q_avg": 0,
            "equity": null,
            "current_ratio": null,
            "debt_ratio": null,
            "inventory_turnover_ratio": null,
            "account_receivable_turnover_ratio": null,
            "reinvestment_rate": null,
            "research_to_sale_ratio": null,
            "price_fair": 0,
            "eps_avg_yearly": 0,
            "eps_latest_yearly": 0,
            "eps_growth_yearly": 0
        },
        "20064": {
            "year_quarter": 20064,
            "year": 2006,
            "quarter": 4,
            "eps": null,
            "eps_growth_year": null,
            "eps_4q": null,
            "eps_4q_growth_year": null,
            "roe": null,
            "roe_4q": 0,
            "gross_profit": null,
            "gross_margin": null,
            "gross_margin_4q_avg": 0,
            "net_income": null,
            "revenue": null,
            "common_shares": null,
            "book_valuer_per_share": null,
            "book_valuer_per_share_4q_avg": 0,
            "equity": null,
            "current_ratio": null,
            "debt_ratio": null,
            "inventory_turnover_ratio": null,
            "account_receivable_turnover_ratio": null,
            "reinvestment_rate": null,
            "research_to_sale_ratio": null,
            "price_fair": 0,
            "eps_avg_yearly": 0,
            "eps_latest_yearly": 0,
            "eps_growth_yearly": 0
        },
        "20071": {
            "year_quarter": 20071,
            "year": 2007,
            "quarter": 1,
            "eps": null,
            "eps_growth_year": null,
            "eps_4q": null,
            "eps_4q_growth_year": null,
            "roe": null,
            "roe_4q": 0,
            "gross_profit": null,
            "gross_margin": null,
            "gross_margin_4q_avg": 0,
            "net_income": null,
            "revenue": null,
            "common_shares": null,
            "book_valuer_per_share": null,
            "book_valuer_per_share_4q_avg": 0,
            "equity": null,
            "current_ratio": null,
            "debt_ratio": null,
            "inventory_turnover_ratio": null,
            "account_receivable_turnover_ratio": null,
            "reinvestment_rate": null,
            "research_to_sale_ratio": null,
            "price_fair": 0,
            "eps_avg_yearly": 0,
            "eps_latest_yearly": 0,
            "eps_growth_yearly": 0
        },
        "20072": {
            "year_quarter": 20072,
            "year": 2007,
            "quarter": 2,
            "eps": null,
            "eps_growth_year": null,
            "eps_4q": null,
            "eps_4q_growth_year": null,
            "roe": null,
            "roe_4q": 0,
            "gross_profit": null,
            "gross_margin": null,
            "gross_margin_4q_avg": 0,
            "net_income": null,
            "revenue": null,
            "common_shares": null,
            "book_valuer_per_share": null,
            "book_valuer_per_share_4q_avg": 0,
            "equity": null,
            "current_ratio": null,
            "debt_ratio": null,
            "inventory_turnover_ratio": null,
            "account_receivable_turnover_ratio": null,
            "reinvestment_rate": null,
            "research_to_sale_ratio": null,
            "price_fair": 0,
            "eps_avg_yearly": 0,
            "eps_latest_yearly": 0,
            "eps_growth_yearly": 0
        },
        "20073": {
            "year_quarter": 20073,
            "year": 2007,
            "quarter": 3,
            "eps": null,
            "eps_growth_year": null,
            "eps_4q": null,
            "eps_4q_growth_year": null,
            "roe": null,
            "roe_4q": 0,
            "gross_profit": null,
            "gross_margin": null,
            "gross_margin_4q_avg": 0,
            "net_income": null,
            "revenue": null,
            "common_shares": null,
            "book_valuer_per_share": null,
            "book_valuer_per_share_4q_avg": 0,
            "equity": null,
            "current_ratio": null,
            "debt_ratio": null,
            "inventory_turnover_ratio": null,
            "account_receivable_turnover_ratio": null,
            "reinvestment_rate": null,
            "research_to_sale_ratio": null,
            "price_fair": 0,
            "eps_avg_yearly": 0,
            "eps_latest_yearly": 0,
            "eps_growth_yearly": 0
        },
        "20074": {
            "year_quarter": 20074,
            "year": 2007,
            "quarter": 4,
            "eps": null,
            "eps_growth_year": null,
            "eps_4q": null,
            "eps_4q_growth_year": null,
            "roe": null,
            "roe_4q": 0,
            "gross_profit": null,
            "gross_margin": null,
            "gross_margin_4q_avg": 0,
            "net_income": null,
            "revenue": null,
            "common_shares": null,
            "book_valuer_per_share": null,
            "book_valuer_per_share_4q_avg": 0,
            "equity": null,
            "current_ratio": null,
            "debt_ratio": null,
            "inventory_turnover_ratio": null,
            "account_receivable_turnover_ratio": null,
            "reinvestment_rate": null,
            "research_to_sale_ratio": null,
            "price_fair": 0,
            "eps_avg_yearly": 0,
            "eps_latest_yearly": 0,
            "eps_growth_yearly": 0
        },
        "20081": {
            "year_quarter": 20081,
            "year": 2008,
            "quarter": 1,
            "eps": null,
            "eps_growth_year": null,
            "eps_4q": null,
            "eps_4q_growth_year": null,
            "roe": null,
            "roe_4q": 0,
            "gross_profit": null,
            "gross_margin": null,
            "gross_margin_4q_avg": 0,
            "net_income": null,
            "revenue": null,
            "common_shares": null,
            "book_valuer_per_share": null,
            "book_valuer_per_share_4q_avg": 0,
            "equity": null,
            "current_ratio": null,
            "debt_ratio": null,
            "inventory_turnover_ratio": null,
            "account_receivable_turnover_ratio": null,
            "reinvestment_rate": null,
            "research_to_sale_ratio": null,
            "price_fair": 0,
            "eps_avg_yearly": 0,
            "eps_latest_yearly": 0,
            "eps_growth_yearly": 0
        },
        "20082": {
            "year_quarter": 20082,
            "year": 2008,
            "quarter": 2,
            "eps": null,
            "eps_growth_year": null,
            "eps_4q": null,
            "eps_4q_growth_year": null,
            "roe": null,
            "roe_4q": 0,
            "gross_profit": null,
            "gross_margin": null,
            "gross_margin_4q_avg": 0,
            "net_income": null,
            "revenue": null,
            "common_shares": null,
            "book_valuer_per_share": null,
            "book_valuer_per_share_4q_avg": 0,
            "equity": null,
            "current_ratio": null,
            "debt_ratio": null,
            "inventory_turnover_ratio": null,
            "account_receivable_turnover_ratio": null,
            "reinvestment_rate": null,
            "research_to_sale_ratio": null,
            "price_fair": 0,
            "eps_avg_yearly": 0,
            "eps_latest_yearly": 0,
            "eps_growth_yearly": 0
        },
        "20083": {
            "year_quarter": 20083,
            "year": 2008,
            "quarter": 3,
            "eps": null,
            "eps_growth_year": null,
            "eps_4q": null,
            "eps_4q_growth_year": null,
            "roe": null,
            "roe_4q": 0,
            "gross_profit": null,
            "gross_margin": null,
            "gross_margin_4q_avg": 0,
            "net_income": null,
            "revenue": null,
            "common_shares": null,
            "book_valuer_per_share": null,
            "book_valuer_per_share_4q_avg": 0,
            "equity": null,
            "current_ratio": null,
            "debt_ratio": null,
            "inventory_turnover_ratio": null,
            "account_receivable_turnover_ratio": null,
            "reinvestment_rate": null,
            "research_to_sale_ratio": null,
            "price_fair": 0,
            "eps_avg_yearly": 0,
            "eps_latest_yearly": 0,
            "eps_growth_yearly": 0
        },
        "20084": {
            "year_quarter": 20084,
            "year": 2008,
            "quarter": 4,
            "eps": null,
            "eps_growth_year": null,
            "eps_4q": null,
            "eps_4q_growth_year": null,
            "roe": null,
            "roe_4q": 0,
            "gross_profit": null,
            "gross_margin": null,
            "gross_margin_4q_avg": 0,
            "net_income": null,
            "revenue": null,
            "common_shares": null,
            "book_valuer_per_share": null,
            "book_valuer_per_share_4q_avg": 0,
            "equity": null,
            "current_ratio": null,
            "debt_ratio": null,
            "inventory_turnover_ratio": null,
            "account_receivable_turnover_ratio": null,
            "reinvestment_rate": null,
            "research_to_sale_ratio": null,
            "price_fair": 0,
            "eps_avg_yearly": 0,
            "eps_latest_yearly": 0,
            "eps_growth_yearly": 0
        },
        "20091": {
            "year_quarter": 20091,
            "year": 2009,
            "quarter": 1,
            "eps": null,
            "eps_growth_year": null,
            "eps_4q": null,
            "eps_4q_growth_year": null,
            "roe": null,
            "roe_4q": 0,
            "gross_profit": null,
            "gross_margin": null,
            "gross_margin_4q_avg": 0,
            "net_income": null,
            "revenue": null,
            "common_shares": null,
            "book_valuer_per_share": null,
            "book_valuer_per_share_4q_avg": 0,
            "equity": null,
            "current_ratio": null,
            "debt_ratio": null,
            "inventory_turnover_ratio": null,
            "account_receivable_turnover_ratio": null,
            "reinvestment_rate": null,
            "research_to_sale_ratio": null,
            "price_fair": 0,
            "eps_avg_yearly": 0,
            "eps_latest_yearly": 0,
            "eps_growth_yearly": 0
        },
        "20092": {
            "year_quarter": 20092,
            "year": 2009,
            "quarter": 2,
            "eps": null,
            "eps_growth_year": null,
            "eps_4q": null,
            "eps_4q_growth_year": null,
            "roe": null,
            "roe_4q": 0,
            "gross_profit": null,
            "gross_margin": null,
            "gross_margin_4q_avg": 0,
            "net_income": null,
            "revenue": null,
            "common_shares": null,
            "book_valuer_per_share": null,
            "book_valuer_per_share_4q_avg": 0,
            "equity": null,
            "current_ratio": null,
            "debt_ratio": null,
            "inventory_turnover_ratio": null,
            "account_receivable_turnover_ratio": null,
            "reinvestment_rate": null,
            "research_to_sale_ratio": null,
            "price_fair": 0,
            "eps_avg_yearly": 0,
            "eps_latest_yearly": 0,
            "eps_growth_yearly": 0
        },
        "20093": {
            "year_quarter": 20093,
            "year": 2009,
            "quarter": 3,
            "eps": null,
            "eps_growth_year": null,
            "eps_4q": null,
            "eps_4q_growth_year": null,
            "roe": null,
            "roe_4q": 0,
            "gross_profit": null,
            "gross_margin": null,
            "gross_margin_4q_avg": 0,
            "net_income": null,
            "revenue": null,
            "common_shares": null,
            "book_valuer_per_share": null,
            "book_valuer_per_share_4q_avg": 0,
            "equity": null,
            "current_ratio": null,
            "debt_ratio": null,
            "inventory_turnover_ratio": null,
            "account_receivable_turnover_ratio": null,
            "reinvestment_rate": null,
            "research_to_sale_ratio": null,
            "price_fair": 0,
            "eps_avg_yearly": 0,
            "eps_latest_yearly": 0,
            "eps_growth_yearly": 0
        },
        "20094": {
            "year_quarter": 20094,
            "year": 2009,
            "quarter": 4,
            "eps": null,
            "eps_growth_year": null,
            "eps_4q": null,
            "eps_4q_growth_year": null,
            "roe": null,
            "roe_4q": 0,
            "gross_profit": null,
            "gross_margin": null,
            "gross_margin_4q_avg": 0,
            "net_income": null,
            "revenue": null,
            "common_shares": null,
            "book_valuer_per_share": null,
            "book_valuer_per_share_4q_avg": 0,
            "equity": null,
            "current_ratio": null,
            "debt_ratio": null,
            "inventory_turnover_ratio": null,
            "account_receivable_turnover_ratio": null,
            "reinvestment_rate": null,
            "research_to_sale_ratio": null,
            "price_fair": 0,
            "eps_avg_yearly": 0,
            "eps_latest_yearly": 0,
            "eps_growth_yearly": 0
        },
        "20101": {
            "year_quarter": 20101,
            "year": 2010,
            "quarter": 1,
            "eps": null,
            "eps_growth_year": null,
            "eps_4q": null,
            "eps_4q_growth_year": null,
            "roe": null,
            "roe_4q": 0,
            "gross_profit": null,
            "gross_margin": null,
            "gross_margin_4q_avg": 0,
            "net_income": null,
            "revenue": null,
            "common_shares": null,
            "book_valuer_per_share": null,
            "book_valuer_per_share_4q_avg": 0,
            "equity": null,
            "current_ratio": null,
            "debt_ratio": null,
            "inventory_turnover_ratio": null,
            "account_receivable_turnover_ratio": null,
            "reinvestment_rate": null,
            "research_to_sale_ratio": null,
            "price_fair": 0,
            "eps_avg_yearly": 0,
            "eps_latest_yearly": 0,
            "eps_growth_yearly": 0
        },
        "20102": {
            "year_quarter": 20102,
            "year": 2010,
            "quarter": 2,
            "eps": null,
            "eps_growth_year": null,
            "eps_4q": null,
            "eps_4q_growth_year": null,
            "roe": null,
            "roe_4q": 0,
            "gross_profit": null,
            "gross_margin": null,
            "gross_margin_4q_avg": 0,
            "net_income": null,
            "revenue": null,
            "common_shares": null,
            "book_valuer_per_share": null,
            "book_valuer_per_share_4q_avg": 0,
            "equity": null,
            "current_ratio": null,
            "debt_ratio": null,
            "inventory_turnover_ratio": null,
            "account_receivable_turnover_ratio": null,
            "reinvestment_rate": null,
            "research_to_sale_ratio": null,
            "price_fair": 0,
            "eps_avg_yearly": 0,
            "eps_latest_yearly": 0,
            "eps_growth_yearly": 0
        },
        "20103": {
            "year_quarter": 20103,
            "year": 2010,
            "quarter": 3,
            "eps": null,
            "eps_growth_year": null,
            "eps_4q": null,
            "eps_4q_growth_year": null,
            "roe": null,
            "roe_4q": 0,
            "gross_profit": null,
            "gross_margin": null,
            "gross_margin_4q_avg": 0,
            "net_income": null,
            "revenue": null,
            "common_shares": null,
            "book_valuer_per_share": null,
            "book_valuer_per_share_4q_avg": 0,
            "equity": null,
            "current_ratio": null,
            "debt_ratio": null,
            "inventory_turnover_ratio": null,
            "account_receivable_turnover_ratio": null,
            "reinvestment_rate": null,
            "research_to_sale_ratio": null,
            "price_fair": 0,
            "eps_avg_yearly": 0,
            "eps_latest_yearly": 0,
            "eps_growth_yearly": 0
        },
        "20104": {
            "year_quarter": 20104,
            "year": 2010,
            "quarter": 4,
            "eps": null,
            "eps_growth_year": null,
            "eps_4q": null,
            "eps_4q_growth_year": null,
            "roe": null,
            "roe_4q": 0,
            "gross_profit": null,
            "gross_margin": null,
            "gross_margin_4q_avg": 0,
            "net_income": null,
            "revenue": null,
            "common_shares": null,
            "book_valuer_per_share": null,
            "book_valuer_per_share_4q_avg": 0,
            "equity": null,
            "current_ratio": null,
            "debt_ratio": null,
            "inventory_turnover_ratio": null,
            "account_receivable_turnover_ratio": null,
            "reinvestment_rate": null,
            "research_to_sale_ratio": null,
            "price_fair": 0,
            "eps_avg_yearly": 0,
            "eps_latest_yearly": 0,
            "eps_growth_yearly": 0
        },
        "20111": {
            "year_quarter": 20111,
            "year": 2011,
            "quarter": 1,
            "eps": null,
            "eps_growth_year": null,
            "eps_4q": null,
            "eps_4q_growth_year": null,
            "roe": null,
            "roe_4q": 0,
            "gross_profit": null,
            "gross_margin": null,
            "gross_margin_4q_avg": 0,
            "net_income": null,
            "revenue": null,
            "common_shares": null,
            "book_valuer_per_share": null,
            "book_valuer_per_share_4q_avg": 0,
            "equity": null,
            "current_ratio": null,
            "debt_ratio": null,
            "inventory_turnover_ratio": null,
            "account_receivable_turnover_ratio": null,
            "reinvestment_rate": null,
            "research_to_sale_ratio": null,
            "price_fair": 0,
            "eps_avg_yearly": 0,
            "eps_latest_yearly": 0,
            "eps_growth_yearly": 0
        },
        "20112": {
            "year_quarter": 20112,
            "year": 2011,
            "quarter": 2,
            "eps": null,
            "eps_growth_year": null,
            "eps_4q": null,
            "eps_4q_growth_year": null,
            "roe": null,
            "roe_4q": 0,
            "gross_profit": null,
            "gross_margin": null,
            "gross_margin_4q_avg": 0,
            "net_income": null,
            "revenue": null,
            "common_shares": null,
            "book_valuer_per_share": null,
            "book_valuer_per_share_4q_avg": 0,
            "equity": null,
            "current_ratio": null,
            "debt_ratio": null,
            "inventory_turnover_ratio": null,
            "account_receivable_turnover_ratio": null,
            "reinvestment_rate": null,
            "research_to_sale_ratio": null,
            "price_fair": 0,
            "eps_avg_yearly": 0,
            "eps_latest_yearly": 0,
            "eps_growth_yearly": 0
        },
        "20113": {
            "year_quarter": 20113,
            "year": 2011,
            "quarter": 3,
            "eps": null,
            "eps_growth_year": null,
            "eps_4q": null,
            "eps_4q_growth_year": null,
            "roe": null,
            "roe_4q": 0,
            "gross_profit": null,
            "gross_margin": null,
            "gross_margin_4q_avg": 0,
            "net_income": null,
            "revenue": null,
            "common_shares": null,
            "book_valuer_per_share": null,
            "book_valuer_per_share_4q_avg": 0,
            "equity": null,
            "current_ratio": null,
            "debt_ratio": null,
            "inventory_turnover_ratio": null,
            "account_receivable_turnover_ratio": null,
            "reinvestment_rate": null,
            "research_to_sale_ratio": null,
            "price_fair": 0,
            "eps_avg_yearly": 0,
            "eps_latest_yearly": 0,
            "eps_growth_yearly": 0
        },
        "20114": {
            "year_quarter": 20114,
            "year": 2011,
            "quarter": 4,
            "eps": null,
            "eps_growth_year": null,
            "eps_4q": null,
            "eps_4q_growth_year": null,
            "roe": null,
            "roe_4q": 0,
            "gross_profit": null,
            "gross_margin": null,
            "gross_margin_4q_avg": 0,
            "net_income": null,
            "revenue": null,
            "common_shares": 553352,
            "book_valuer_per_share": 19.34,
            "book_valuer_per_share_4q_avg": 4.84,
            "equity": 1070015,
            "current_ratio": 128.1,
            "debt_ratio": 50.47,
            "inventory_turnover_ratio": null,
            "account_receivable_turnover_ratio": null,
            "reinvestment_rate": null,
            "research_to_sale_ratio": null,
            "price_fair": 0,
            "eps_avg_yearly": 0,
            "eps_latest_yearly": 0,
            "eps_growth_yearly": 0
        },
        "20121": {
            "year_quarter": 20121,
            "year": 2012,
            "quarter": 1,
            "eps": null,
            "eps_growth_year": null,
            "eps_4q": null,
            "eps_4q_growth_year": null,
            "roe": null,
            "roe_4q": 0,
            "gross_profit": null,
            "gross_margin": null,
            "gross_margin_4q_avg": 0,
            "net_income": null,
            "revenue": null,
            "common_shares": null,
            "book_valuer_per_share": null,
            "book_valuer_per_share_4q_avg": 4.84,
            "equity": null,
            "current_ratio": null,
            "debt_ratio": null,
            "inventory_turnover_ratio": null,
            "account_receivable_turnover_ratio": null,
            "reinvestment_rate": null,
            "research_to_sale_ratio": null,
            "price_fair": 0,
            "eps_avg_yearly": 0,
            "eps_latest_yearly": 0,
            "eps_growth_yearly": 0
        },
        "20122": {
            "year_quarter": 20122,
            "year": 2012,
            "quarter": 2,
            "eps": null,
            "eps_growth_year": null,
            "eps_4q": null,
            "eps_4q_growth_year": null,
            "roe": null,
            "roe_4q": 0,
            "gross_profit": null,
            "gross_margin": null,
            "gross_margin_4q_avg": 0,
            "net_income": null,
            "revenue": null,
            "common_shares": null,
            "book_valuer_per_share": null,
            "book_valuer_per_share_4q_avg": 4.84,
            "equity": null,
            "current_ratio": null,
            "debt_ratio": null,
            "inventory_turnover_ratio": null,
            "account_receivable_turnover_ratio": null,
            "reinvestment_rate": null,
            "research_to_sale_ratio": null,
            "price_fair": 0,
            "eps_avg_yearly": 0,
            "eps_latest_yearly": 0,
            "eps_growth_yearly": 0
        },
        "20123": {
            "year_quarter": 20123,
            "year": 2012,
            "quarter": 3,
            "eps": null,
            "eps_growth_year": null,
            "eps_4q": null,
            "eps_4q_growth_year": null,
            "roe": null,
            "roe_4q": 0,
            "gross_profit": null,
            "gross_margin": null,
            "gross_margin_4q_avg": 0,
            "net_income": null,
            "revenue": null,
            "common_shares": null,
            "book_valuer_per_share": null,
            "book_valuer_per_share_4q_avg": 4.84,
            "equity": null,
            "current_ratio": null,
            "debt_ratio": null,
            "inventory_turnover_ratio": null,
            "account_receivable_turnover_ratio": null,
            "reinvestment_rate": null,
            "research_to_sale_ratio": null,
            "price_fair": 0,
            "eps_avg_yearly": 0,
            "eps_latest_yearly": 0,
            "eps_growth_yearly": 0
        },
        "20124": {
            "year_quarter": 20124,
            "year": 2012,
            "quarter": 4,
            "eps": null,
            "eps_growth_year": null,
            "eps_4q": null,
            "eps_4q_growth_year": null,
            "roe": null,
            "roe_4q": 0,
            "gross_profit": null,
            "gross_margin": null,
            "gross_margin_4q_avg": 0,
            "net_income": null,
            "revenue": null,
            "common_shares": 568742,
            "book_valuer_per_share": 23.02,
            "book_valuer_per_share_4q_avg": 5.76,
            "equity": 1309381,
            "current_ratio": 173.28,
            "debt_ratio": 37.17,
            "inventory_turnover_ratio": null,
            "account_receivable_turnover_ratio": null,
            "reinvestment_rate": null,
            "research_to_sale_ratio": null,
            "price_fair": 0,
            "eps_avg_yearly": 0,
            "eps_latest_yearly": 0,
            "eps_growth_yearly": 0
        },
        "20131": {
            "year_quarter": 20131,
            "year": 2013,
            "quarter": 1,
            "eps": null,
            "eps_growth_year": null,
            "eps_4q": null,
            "eps_4q_growth_year": null,
            "roe": null,
            "roe_4q": 0,
            "gross_profit": 161153,
            "gross_margin": null,
            "gross_margin_4q_avg": 0,
            "net_income": 114508,
            "revenue": 904338,
            "common_shares": 568742,
            "book_valuer_per_share": 25.47,
            "book_valuer_per_share_4q_avg": 12.12,
            "equity": 1448514,
            "current_ratio": 202.28,
            "debt_ratio": 32.29,
            "inventory_turnover_ratio": null,
            "account_receivable_turnover_ratio": null,
            "reinvestment_rate": null,
            "research_to_sale_ratio": null,
            "price_fair": 0,
            "eps_avg_yearly": 0,
            "eps_latest_yearly": 0,
            "eps_growth_yearly": 0
        },
        "20132": {
            "year_quarter": 20132,
            "year": 2013,
            "quarter": 2,
            "eps": null,
            "eps_growth_year": null,
            "eps_4q": null,
            "eps_4q_growth_year": null,
            "roe": null,
            "roe_4q": 0,
            "gross_profit": 128676,
            "gross_margin": null,
            "gross_margin_4q_avg": 0,
            "net_income": 65384,
            "revenue": 847777,
            "common_shares": 568742,
            "book_valuer_per_share": 23.55,
            "book_valuer_per_share_4q_avg": 18.01,
            "equity": 1339658,
            "current_ratio": 172.3,
            "debt_ratio": 37.76,
            "inventory_turnover_ratio": null,
            "account_receivable_turnover_ratio": null,
            "reinvestment_rate": null,
            "research_to_sale_ratio": null,
            "price_fair": 0,
            "eps_avg_yearly": 0,
            "eps_latest_yearly": 0,
            "eps_growth_yearly": 0
        },
        "20133": {
            "year_quarter": 20133,
            "year": 2013,
            "quarter": 3,
            "eps": null,
            "eps_growth_year": null,
            "eps_4q": null,
            "eps_4q_growth_year": null,
            "roe": null,
            "roe_4q": 0,
            "gross_profit": 102235,
            "gross_margin": null,
            "gross_margin_4q_avg": 0,
            "net_income": 56919,
            "revenue": 778999,
            "common_shares": 568742,
            "book_valuer_per_share": 24.27,
            "book_valuer_per_share_4q_avg": 24.08,
            "equity": 1380599,
            "current_ratio": 223.42,
            "debt_ratio": 29.12,
            "inventory_turnover_ratio": null,
            "account_receivable_turnover_ratio": null,
            "reinvestment_rate": null,
            "research_to_sale_ratio": null,
            "price_fair": 0,
            "eps_avg_yearly": 0,
            "eps_latest_yearly": 0,
            "eps_growth_yearly": 0
        },
        "20134": {
            "year_quarter": 20134,
            "year": 2013,
            "quarter": 4,
            "eps": null,
            "eps_growth_year": null,
            "eps_4q": null,
            "eps_4q_growth_year": null,
            "roe": null,
            "roe_4q": 0,
            "gross_profit": 150466,
            "gross_margin": null,
            "gross_margin_4q_avg": 0,
            "net_income": 81864,
            "revenue": 942424,
            "common_shares": 568742,
            "book_valuer_per_share": 26.08,
            "book_valuer_per_share_4q_avg": 24.84,
            "equity": 1483364,
            "current_ratio": 222.68,
            "debt_ratio": 30.06,
            "inventory_turnover_ratio": null,
            "account_receivable_turnover_ratio": null,
            "reinvestment_rate": null,
            "research_to_sale_ratio": null,
            "price_fair": 0,
            "eps_avg_yearly": 0,
            "eps_latest_yearly": 0,
            "eps_growth_yearly": 0
        },
        "20141": {
            "year_quarter": 20141,
            "year": 2014,
            "quarter": 1,
            "eps": null,
            "eps_growth_year": null,
            "eps_4q": null,
            "eps_4q_growth_year": null,
            "roe": null,
            "roe_4q": 0,
            "gross_profit": 155024,
            "gross_margin": null,
            "gross_margin_4q_avg": 0,
            "net_income": 84050,
            "revenue": 901630,
            "common_shares": 568742,
            "book_valuer_per_share": 28.05,
            "book_valuer_per_share_4q_avg": 25.49,
            "equity": 1595415,
            "current_ratio": 255.82,
            "debt_ratio": 27.06,
            "inventory_turnover_ratio": null,
            "account_receivable_turnover_ratio": null,
            "reinvestment_rate": null,
            "research_to_sale_ratio": null,
            "price_fair": 0,
            "eps_avg_yearly": 0,
            "eps_latest_yearly": 0,
            "eps_growth_yearly": 0
        },
        "20142": {
            "year_quarter": 20142,
            "year": 2014,
            "quarter": 2,
            "eps": 1.49,
            "eps_growth_year": null,
            "eps_4q": 1.49,
            "eps_4q_growth_year": null,
            "roe": 5.53,
            "roe_4q": 5.53,
            "gross_profit": 141372,
            "gross_margin": 15.98,
            "gross_margin_4q_avg": 4,
            "net_income": 84684,
            "revenue": 884907,
            "common_shares": 568742,
            "book_valuer_per_share": 25.75,
            "book_valuer_per_share_4q_avg": 26.04,
            "equity": 1464716,
            "current_ratio": 213.96,
            "debt_ratio": 32.63,
            "inventory_turnover_ratio": 2.65,
            "account_receivable_turnover_ratio": 3.99,
            "reinvestment_rate": null,
            "research_to_sale_ratio": null,
            "price_fair": 0,
            "eps_avg_yearly": 0,
            "eps_latest_yearly": 0,
            "eps_growth_yearly": 0
        },
        "20143": {
            "year_quarter": 20143,
            "year": 2014,
            "quarter": 3,
            "eps": 1.27,
            "eps_growth_year": null,
            "eps_4q": 2.42,
            "eps_4q_growth_year": null,
            "roe": 4.22,
            "roe_4q": 9.75,
            "gross_profit": 148251,
            "gross_margin": 15.93,
            "gross_margin_4q_avg": 7.98,
            "net_income": 72912,
            "revenue": 930499,
            "common_shares": 639842,
            "book_valuer_per_share": 30.94,
            "book_valuer_per_share_4q_avg": 27.71,
            "equity": 1989540,
            "current_ratio": 327.87,
            "debt_ratio": 23.63,
            "inventory_turnover_ratio": 2.65,
            "account_receivable_turnover_ratio": 1.99,
            "reinvestment_rate": null,
            "research_to_sale_ratio": 0.82,
            "price_fair": 15.24,
            "eps_avg_yearly": 5.08,
            "eps_latest_yearly": 5.08,
            "eps_growth_yearly": -59.06
        },
        "20144": {
            "year_quarter": 20144,
            "year": 2014,
            "quarter": 4,
            "eps": 1.59,
            "eps_growth_year": null,
            "eps_4q": 4.04,
            "eps_4q_growth_year": null,
            "roe": 4.93,
            "roe_4q": 14.68,
            "gross_profit": 167942,
            "gross_margin": 15.53,
            "gross_margin_4q_avg": 11.86,
            "net_income": 102453,
            "revenue": 1081586,
            "common_shares": 643492,
            "book_valuer_per_share": 33.67,
            "book_valuer_per_share_4q_avg": 29.6,
            "equity": 2166895,
            "current_ratio": 302.78,
            "debt_ratio": 26.28,
            "inventory_turnover_ratio": 2.83,
            "account_receivable_turnover_ratio": 2.02,
            "reinvestment_rate": null,
            "research_to_sale_ratio": 1.07,
            "price_fair": 176.54,
            "eps_avg_yearly": 5.72,
            "eps_latest_yearly": 6.36,
            "eps_growth_yearly": 20.86
        },
        "20151": {
            "year_quarter": 20151,
            "year": 2015,
            "quarter": 1,
            "eps": 1.71,
            "eps_growth_year": null,
            "eps_4q": 5.73,
            "eps_4q_growth_year": null,
            "roe": 4.98,
            "roe_4q": 19.66,
            "gross_profit": 196771,
            "gross_margin": 19.92,
            "gross_margin_4q_avg": 16.84,
            "net_income": 109867,
            "revenue": 987902,
            "common_shares": 643702,
            "book_valuer_per_share": 34.85,
            "book_valuer_per_share_4q_avg": 31.3,
            "equity": 2244642,
            "current_ratio": 368.54,
            "debt_ratio": 22.26,
            "inventory_turnover_ratio": 2.37,
            "account_receivable_turnover_ratio": 1.75,
            "reinvestment_rate": null,
            "research_to_sale_ratio": 0.84,
            "price_fair": 207,
            "eps_avg_yearly": 6.09,
            "eps_latest_yearly": 6.84,
            "eps_growth_yearly": 23.97
        },
        "20152": {
            "year_quarter": 20152,
            "year": 2015,
            "quarter": 2,
            "eps": 1.22,
            "eps_growth_year": -18.06,
            "eps_4q": 5.65,
            "eps_4q_growth_year": 279.17,
            "roe": 3.66,
            "roe_4q": 17.79,
            "gross_profit": 144869,
            "gross_margin": 17.13,
            "gross_margin_4q_avg": 17.13,
            "net_income": 78933,
            "revenue": 845689,
            "common_shares": 645032,
            "book_valuer_per_share": 32.05,
            "book_valuer_per_share_4q_avg": 32.88,
            "equity": 2067139,
            "current_ratio": 285.83,
            "debt_ratio": 28.31,
            "inventory_turnover_ratio": 2.08,
            "account_receivable_turnover_ratio": 1.68,
            "reinvestment_rate": null,
            "research_to_sale_ratio": 0.95,
            "price_fair": 17.37,
            "eps_avg_yearly": 5.79,
            "eps_latest_yearly": 4.88,
            "eps_growth_yearly": -10.68
        },
        "20153": {
            "year_quarter": 20153,
            "year": 2015,
            "quarter": 3,
            "eps": 2.42,
            "eps_growth_year": 90.55,
            "eps_4q": 6.79,
            "eps_4q_growth_year": 181.2,
            "roe": 7.08,
            "roe_4q": 20.65,
            "gross_profit": 206469,
            "gross_margin": 20.35,
            "gross_margin_4q_avg": 18.23,
            "net_income": 156045,
            "revenue": 1014785,
            "common_shares": 645832,
            "book_valuer_per_share": 36.09,
            "book_valuer_per_share_4q_avg": 34.17,
            "equity": 2342987,
            "current_ratio": 387.36,
            "debt_ratio": 21.19,
            "inventory_turnover_ratio": 2.29,
            "account_receivable_turnover_ratio": 2.08,
            "reinvestment_rate": null,
            "research_to_sale_ratio": 1.11,
            "price_fair": 229.88,
            "eps_avg_yearly": 6.57,
            "eps_latest_yearly": 9.68,
            "eps_growth_yearly": 70.15
        },
        "20154": {
            "year_quarter": 20154,
            "year": 2015,
            "quarter": 4,
            "eps": 2.14,
            "eps_growth_year": 34.72,
            "eps_4q": 7.46,
            "eps_4q_growth_year": 84.49,
            "roe": 5.76,
            "roe_4q": 21.48,
            "gross_profit": 244505,
            "gross_margin": 21.08,
            "gross_margin_4q_avg": 19.62,
            "net_income": 139275,
            "revenue": 1159811,
            "common_shares": 649322,
            "book_valuer_per_share": 38.46,
            "book_valuer_per_share_4q_avg": 35.36,
            "equity": 2497021,
            "current_ratio": 359.08,
            "debt_ratio": 22.85,
            "inventory_turnover_ratio": 2.45,
            "account_receivable_turnover_ratio": 2.05,
            "reinvestment_rate": null,
            "research_to_sale_ratio": 0.94,
            "price_fair": 241.5,
            "eps_avg_yearly": 6.9,
            "eps_latest_yearly": 8.56,
            "eps_growth_yearly": 50.74
        },
        "20161": {
            "year_quarter": 20161,
            "year": 2016,
            "quarter": 1,
            "eps": 1.97,
            "eps_growth_year": 15.2,
            "eps_4q": 7.73,
            "eps_4q_growth_year": 34.87,
            "roe": 5.05,
            "roe_4q": 21.55,
            "gross_profit": 217728,
            "gross_margin": 19.87,
            "gross_margin_4q_avg": 19.61,
            "net_income": 127905,
            "revenue": 1095998,
            "common_shares": 649322,
            "book_valuer_per_share": 39.6,
            "book_valuer_per_share_4q_avg": 36.55,
            "equity": 2571038,
            "current_ratio": 472.43,
            "debt_ratio": 17.48,
            "inventory_turnover_ratio": 2.41,
            "account_receivable_turnover_ratio": 1.78,
            "reinvestment_rate": null,
            "research_to_sale_ratio": 0.94,
            "price_fair": 246.4,
            "eps_avg_yearly": 7.04,
            "eps_latest_yearly": 7.88,
            "eps_growth_yearly": 38.95
        },
        "20162": {
            "year_quarter": 20162,
            "year": 2016,
            "quarter": 2,
            "eps": 1.49,
            "eps_growth_year": 22.13,
            "eps_4q": 8,
            "eps_4q_growth_year": 41.77,
            "roe": 3.93,
            "roe_4q": 21.82,
            "gross_profit": 169078,
            "gross_margin": 17.08,
            "gross_margin_4q_avg": 19.6,
            "net_income": 96498,
            "revenue": 989722,
            "common_shares": 649322,
            "book_valuer_per_share": 35.97,
            "book_valuer_per_share_4q_avg": 37.53,
            "equity": 2335313,
            "current_ratio": 277.62,
            "debt_ratio": 29.07,
            "inventory_turnover_ratio": 2.37,
            "account_receivable_turnover_ratio": 1.69,
            "reinvestment_rate": null,
            "research_to_sale_ratio": 1.13,
            "price_fair": 220.29,
            "eps_avg_yearly": 6.91,
            "eps_latest_yearly": 5.96,
            "eps_growth_yearly": 21.9
        },
        "20163": {
            "year_quarter": 20163,
            "year": 2016,
            "quarter": 3,
            "eps": 1.62,
            "eps_growth_year": -33.06,
            "eps_4q": 7.15,
            "eps_4q_growth_year": 5.32,
            "roe": 4.47,
            "roe_4q": 19.21,
            "gross_profit": 184668,
            "gross_margin": 17.74,
            "gross_margin_4q_avg": 18.94,
            "net_income": 105567,
            "revenue": 1041065,
            "common_shares": 651962,
            "book_valuer_per_share": 36.51,
            "book_valuer_per_share_4q_avg": 37.64,
            "equity": 2384263,
            "current_ratio": 382.68,
            "debt_ratio": 21.28,
            "inventory_turnover_ratio": 2.52,
            "account_receivable_turnover_ratio": 1.84,
            "reinvestment_rate": null,
            "research_to_sale_ratio": 1.11,
            "price_fair": 228.68,
            "eps_avg_yearly": 6.86,
            "eps_latest_yearly": 6.48,
            "eps_growth_yearly": 23.35
        },
        "20164": {
            "year_quarter": 20164,
            "year": 2016,
            "quarter": 4,
            "eps": 2.15,
            "eps_growth_year": 0.46,
            "eps_4q": 7.17,
            "eps_4q_growth_year": -3.86,
            "roe": 5.71,
            "roe_4q": 19.16,
            "gross_profit": 176910,
            "gross_margin": 17.04,
            "gross_margin_4q_avg": 17.93,
            "net_income": 141823,
            "revenue": 1037994,
            "common_shares": 655492,
            "book_valuer_per_share": 39.35,
            "book_valuer_per_share_4q_avg": 37.86,
            "equity": 2582038,
            "current_ratio": 378.11,
            "debt_ratio": 21.48,
            "inventory_turnover_ratio": 2.43,
            "account_receivable_turnover_ratio": 1.85,
            "reinvestment_rate": 0.41,
            "research_to_sale_ratio": 0.96,
            "price_fair": 246.12,
            "eps_avg_yearly": 7.03,
            "eps_latest_yearly": 8.6,
            "eps_growth_yearly": 34.1
        },
        "20171": {
            "year_quarter": 20171,
            "year": 2017,
            "quarter": 1,
            "eps": 1.52,
            "eps_growth_year": -22.84,
            "eps_4q": 6.75,
            "eps_4q_growth_year": -12.72,
            "roe": 3.91,
            "roe_4q": 18.02,
            "gross_profit": 187658,
            "gross_margin": 18.68,
            "gross_margin_4q_avg": 17.64,
            "net_income": 99938,
            "revenue": 1004521,
            "common_shares": 657532,
            "book_valuer_per_share": 38.44,
            "book_valuer_per_share_4q_avg": 37.57,
            "equity": 2527864,
            "current_ratio": 428.89,
            "debt_ratio": 19.16,
            "inventory_turnover_ratio": 2.28,
            "account_receivable_turnover_ratio": 1.78,
            "reinvestment_rate": -4.03,
            "research_to_sale_ratio": 0.89,
            "price_fair": 210.75,
            "eps_avg_yearly": 6.95,
            "eps_latest_yearly": 6.08,
            "eps_growth_yearly": 20.34
        },
        "20172": {
            "year_quarter": 20172,
            "year": 2017,
            "quarter": 2,
            "eps": 1.65,
            "eps_growth_year": 10.74,
            "eps_4q": 6.94,
            "eps_4q_growth_year": -13.35,
            "roe": 4.45,
            "roe_4q": 18.54,
            "gross_profit": 172899,
            "gross_margin": 17.71,
            "gross_margin_4q_avg": 17.79,
            "net_income": 108724,
            "revenue": 976300,
            "common_shares": 657532,
            "book_valuer_per_share": 35.93,
            "book_valuer_per_share_4q_avg": 37.56,
            "equity": 2362413,
            "current_ratio": 295.87,
            "debt_ratio": 27.52,
            "inventory_turnover_ratio": 2.33,
            "account_receivable_turnover_ratio": 1.73,
            "reinvestment_rate": -3.67,
            "research_to_sale_ratio": 1.13,
            "price_fair": 217.87,
            "eps_avg_yearly": 6.92,
            "eps_latest_yearly": 6.6,
            "eps_growth_yearly": 21.5
        },
        "20173": {
            "year_quarter": 20173,
            "year": 2017,
            "quarter": 3,
            "eps": 1.65,
            "eps_growth_year": 1.85,
            "eps_4q": 6.97,
            "eps_4q_growth_year": -2.56,
            "roe": 4.49,
            "roe_4q": 18.560000000000002,
            "gross_profit": 183605,
            "gross_margin": 17.71,
            "gross_margin_4q_avg": 17.79,
            "net_income": 108200,
            "revenue": 1037016,
            "common_shares": 657992,
            "book_valuer_per_share": 37.37,
            "book_valuer_per_share_4q_avg": 37.77,
            "equity": 2459194,
            "current_ratio": 379.12,
            "debt_ratio": 21.24,
            "inventory_turnover_ratio": 2.34,
            "account_receivable_turnover_ratio": 1.94,
            "reinvestment_rate": 0.31,
            "research_to_sale_ratio": 1.39,
            "price_fair": 205.7,
            "eps_avg_yearly": 6.89,
            "eps_latest_yearly": 6.6,
            "eps_growth_yearly": 19.84
        },
        "20174": {
            "year_quarter": 20174,
            "year": 2017,
            "quarter": 4,
            "eps": 2.17,
            "eps_growth_year": 0.74,
            "eps_4q": 6.99,
            "eps_4q_growth_year": -2.54,
            "roe": 5.68,
            "roe_4q": 18.53,
            "gross_profit": 182716,
            "gross_margin": 17.5,
            "gross_margin_4q_avg": 17.9,
            "net_income": 142856,
            "revenue": 1044329,
            "common_shares": 658092,
            "book_valuer_per_share": 39.04,
            "book_valuer_per_share_4q_avg": 37.7,
            "equity": 2569437,
            "current_ratio": 335.6,
            "debt_ratio": 23.15,
            "inventory_turnover_ratio": 2.16,
            "account_receivable_turnover_ratio": 1.93,
            "reinvestment_rate": 2.68,
            "research_to_sale_ratio": 1.61,
            "price_fair": 245.7,
            "eps_avg_yearly": 7.02,
            "eps_latest_yearly": 8.68,
            "eps_growth_yearly": 27.43
        },
        "20181": {
            "year_quarter": 20181,
            "year": 2018,
            "quarter": 1,
            "eps": 1.7,
            "eps_growth_year": 11.84,
            "eps_4q": 7.17,
            "eps_4q_growth_year": 6.17,
            "roe": 4.31,
            "roe_4q": 18.93,
            "gross_profit": 190895,
            "gross_margin": 18.88,
            "gross_margin_4q_avg": 17.95,
            "net_income": 111941,
            "revenue": 1011344,
            "common_shares": 658262,
            "book_valuer_per_share": 39.79,
            "book_valuer_per_share_4q_avg": 38.03,
            "equity": 2619406,
            "current_ratio": 354.94,
            "debt_ratio": 21.19,
            "inventory_turnover_ratio": 1.92,
            "account_receivable_turnover_ratio": 1.67,
            "reinvestment_rate": 8.65,
            "research_to_sale_ratio": 1.06,
            "price_fair": 208.95,
            "eps_avg_yearly": 7.01,
            "eps_latest_yearly": 6.8,
            "eps_growth_yearly": 19.83
        },
        "20182": {
            "year_quarter": 20182,
            "year": 2018,
            "quarter": 2,
            "eps": 1.9,
            "eps_growth_year": 15.15,
            "eps_4q": 7.41,
            "eps_4q_growth_year": 6.9,
            "roe": 4.81,
            "roe_4q": 19.29,
            "gross_profit": 182862,
            "gross_margin": 17.26,
            "gross_margin_4q_avg": 17.84,
            "net_income": 125057,
            "revenue": 1059637,
            "common_shares": 658262,
            "book_valuer_per_share": 39.13,
            "book_valuer_per_share_4q_avg": 38.83,
            "equity": 2575457,
            "current_ratio": 235.85,
            "debt_ratio": 30.57,
            "inventory_turnover_ratio": 1.88,
            "account_receivable_turnover_ratio": 1.59,
            "reinvestment_rate": 11.9,
            "research_to_sale_ratio": 1.15,
            "price_fair": 222.04,
            "eps_avg_yearly": 7.04,
            "eps_latest_yearly": 7.6,
            "eps_growth_yearly": 21.53
        },
        "20183": {
            "year_quarter": 20183,
            "year": 2018,
            "quarter": 3,
            "eps": 2.2,
            "eps_growth_year": 33.33,
            "eps_4q": 7.97,
            "eps_4q_growth_year": 14.3,
            "roe": 5.47,
            "roe_4q": 20.27,
            "gross_profit": 214640,
            "gross_margin": 17.55,
            "gross_margin_4q_avg": 17.8,
            "net_income": 144656,
            "revenue": 1223162,
            "common_shares": 658262,
            "book_valuer_per_share": 41.27,
            "book_valuer_per_share_4q_avg": 39.81,
            "equity": 2716438,
            "current_ratio": 239.68,
            "debt_ratio": 29.55,
            "inventory_turnover_ratio": 1.92,
            "account_receivable_turnover_ratio": 1.75,
            "reinvestment_rate": 17.38,
            "research_to_sale_ratio": 0.92,
            "price_fair": 254.63,
            "eps_avg_yearly": 7.28,
            "eps_latest_yearly": 8.8,
            "eps_growth_yearly": 29.17
        },
        "20184": {
            "year_quarter": 20184,
            "year": 2018,
            "quarter": 4,
            "eps": 2.55,
            "eps_growth_year": 17.67,
            "eps_4q": 8.35,
            "eps_4q_growth_year": 19.56,
            "roe": 6,
            "roe_4q": 20.589999999999996,
            "gross_profit": 219257,
            "gross_margin": 16.61,
            "gross_margin_4q_avg": 17.58,
            "net_income": 168144,
            "revenue": 1320055,
            "common_shares": 658262,
            "book_valuer_per_share": 43.85,
            "book_valuer_per_share_4q_avg": 41.01,
            "equity": 2886605,
            "current_ratio": 199.61,
            "debt_ratio": 31.54,
            "inventory_turnover_ratio": 1.8,
            "account_receivable_turnover_ratio": 1.82,
            "reinvestment_rate": 26.2,
            "research_to_sale_ratio": 0.89,
            "price_fair": 263.03,
            "eps_avg_yearly": 7.52,
            "eps_latest_yearly": 10.2,
            "eps_growth_yearly": 26.85
        },
        "20191": {
            "year_quarter": 20191,
            "year": 2019,
            "quarter": 1,
            "eps": 2.62,
            "eps_growth_year": 54.12,
            "eps_4q": 9.27,
            "eps_4q_growth_year": 29.32,
            "roe": 5.8,
            "roe_4q": 22.08,
            "gross_profit": 262944,
            "gross_margin": 19.61,
            "gross_margin_4q_avg": 17.76,
            "net_income": 172163,
            "revenue": 1340900,
            "common_shares": 658262,
            "book_valuer_per_share": 46.31,
            "book_valuer_per_share_4q_avg": 42.64,
            "equity": 3048510,
            "current_ratio": 241.67,
            "debt_ratio": 25.85,
            "inventory_turnover_ratio": 1.63,
            "account_receivable_turnover_ratio": 1.67,
            "reinvestment_rate": 25.43,
            "research_to_sale_ratio": 0.81,
            "price_fair": 270.99,
            "eps_avg_yearly": 7.74,
            "eps_latest_yearly": 10.48,
            "eps_growth_yearly": 25.65
        },
        "20192": {
            "year_quarter": 20192,
            "year": 2019,
            "quarter": 2,
            "eps": 2.15,
            "eps_growth_year": 13.16,
            "eps_4q": 9.52,
            "eps_4q_growth_year": 28.38,
            "roe": 4.78,
            "roe_4q": 22.049999999999997,
            "gross_profit": 218194,
            "gross_margin": 16.54,
            "gross_margin_4q_avg": 17.58,
            "net_income": 141584,
            "revenue": 1319165,
            "common_shares": 658262,
            "book_valuer_per_share": 43.68,
            "book_valuer_per_share_4q_avg": 43.78,
            "equity": 2875220,
            "current_ratio": 184.71,
            "debt_ratio": 33.41,
            "inventory_turnover_ratio": 1.74,
            "account_receivable_turnover_ratio": 1.6,
            "reinvestment_rate": 27.1,
            "research_to_sale_ratio": 0.95,
            "price_fair": 279.13,
            "eps_avg_yearly": 7.98,
            "eps_latest_yearly": 8.6,
            "eps_growth_yearly": 28.32
        },
        "20193": {
            "year_quarter": 20193,
            "year": 2019,
            "quarter": 3,
            "eps": 2.23,
            "eps_growth_year": 1.36,
            "eps_4q": 9.55,
            "eps_4q_growth_year": 19.86,
            "roe": 4.99,
            "roe_4q": 21.57,
            "gross_profit": 227964,
            "gross_margin": 17.51,
            "gross_margin_4q_avg": 17.57,
            "net_income": 146805,
            "revenue": 1301788,
            "common_shares": 658262,
            "book_valuer_per_share": 45.62,
            "book_valuer_per_share_4q_avg": 44.87,
            "equity": 3003084,
            "current_ratio": 181.04,
            "debt_ratio": 34.94,
            "inventory_turnover_ratio": 1.77,
            "account_receivable_turnover_ratio": 1.68,
            "reinvestment_rate": 24.59,
            "research_to_sale_ratio": 1.12,
            "price_fair": 116.25,
            "eps_avg_yearly": 7.93,
            "eps_latest_yearly": 8.92,
            "eps_growth_yearly": 4.66
        },
        "20194": {
            "year_quarter": 20194,
            "year": 2019,
            "quarter": 4,
            "eps": 2.5,
            "eps_growth_year": -1.96,
            "eps_4q": 9.5,
            "eps_4q_growth_year": 13.75,
            "roe": 5.43,
            "roe_4q": 21,
            "gross_profit": 214886,
            "gross_margin": 16.87,
            "gross_margin_4q_avg": 17.63,
            "net_income": 164845,
            "revenue": 1273459,
            "common_shares": 658262,
            "book_valuer_per_share": 46.65,
            "book_valuer_per_share_4q_avg": 45.57,
            "equity": 3070835,
            "current_ratio": 171.68,
            "debt_ratio": 35.2,
            "inventory_turnover_ratio": 1.73,
            "account_receivable_turnover_ratio": 1.79,
            "reinvestment_rate": 28,
            "research_to_sale_ratio": 1.21,
            "price_fair": 165.03,
            "eps_avg_yearly": 8.02,
            "eps_latest_yearly": 10,
            "eps_growth_yearly": 10.58
        },
        "20201": {
            "year_quarter": 20201,
            "year": 2020,
            "quarter": 1,
            "eps": 2.15,
            "eps_growth_year": -17.94,
            "eps_4q": 9.04,
            "eps_4q_growth_year": -2.48,
            "roe": 4.78,
            "roe_4q": 19.98,
            "gross_profit": 240218,
            "gross_margin": 19.02,
            "gross_margin_4q_avg": 17.49,
            "net_income": 141677,
            "revenue": 1262947,
            "common_shares": 658262,
            "book_valuer_per_share": 43.38,
            "book_valuer_per_share_4q_avg": 44.83,
            "equity": 2855497,
            "current_ratio": 144.91,
            "debt_ratio": 40.87,
            "inventory_turnover_ratio": 1.7,
            "account_receivable_turnover_ratio": 1.74,
            "reinvestment_rate": 31.71,
            "research_to_sale_ratio": 1.16,
            "price_fair": 153.75,
            "eps_avg_yearly": 8.06,
            "eps_latest_yearly": 8.6,
            "eps_growth_yearly": 9.07
        },
        "20202": {
            "year_quarter": 20202,
            "year": 2020,
            "quarter": 2,
            "eps": 0.18,
            "eps_growth_year": -91.63,
            "eps_4q": 7.06,
            "eps_4q_growth_year": -25.79,
            "roe": 0.41,
            "roe_4q": 15.610000000000001,
            "gross_profit": 72142,
            "gross_margin": 9.21,
            "gross_margin_4q_avg": 15.65,
            "net_income": 11648,
            "revenue": 783345,
            "common_shares": 658262,
            "book_valuer_per_share": 42.57,
            "book_valuer_per_share_4q_avg": 44.56,
            "equity": 2802044,
            "current_ratio": 149.12,
            "debt_ratio": 40.27,
            "inventory_turnover_ratio": 1.23,
            "account_receivable_turnover_ratio": 1.16,
            "reinvestment_rate": 30.24,
            "research_to_sale_ratio": 1.77,
            "price_fair": 23.21,
            "eps_avg_yearly": 7.74,
            "eps_latest_yearly": 0.72,
            "eps_growth_yearly": -7.75
        },
        "20203": {
            "year_quarter": 20203,
            "year": 2020,
            "quarter": 3,
            "eps": 2.53,
            "eps_growth_year": 13.45,
            "eps_4q": 7.36,
            "eps_4q_growth_year": -22.92,
            "roe": 5.83,
            "roe_4q": 16.45,
            "gross_profit": 270189,
            "gross_margin": 20.71,
            "gross_margin_4q_avg": 16.45,
            "net_income": 166455,
            "revenue": 1304762,
            "common_shares": 658262,
            "book_valuer_per_share": 44.17,
            "book_valuer_per_share_4q_avg": 44.19,
            "equity": 2907372,
            "current_ratio": 162.98,
            "debt_ratio": 38.94,
            "inventory_turnover_ratio": 1.85,
            "account_receivable_turnover_ratio": 1.85,
            "reinvestment_rate": 28.87,
            "research_to_sale_ratio": 1.09,
            "price_fair": 278.69,
            "eps_avg_yearly": 7.96,
            "eps_latest_yearly": 10.12,
            "eps_growth_yearly": 316.46
        },
        "20204": {
            "year_quarter": 20204,
            "year": 2020,
            "quarter": 4,
            "eps": 3.55,
            "eps_growth_year": 41.6,
            "eps_4q": 8.4,
            "eps_4q_growth_year": -11.54,
            "roe": 7.81,
            "roe_4q": 18.830000000000002,
            "gross_profit": 324601,
            "gross_margin": 24.82,
            "gross_margin_4q_avg": 18.44,
            "net_income": 233422,
            "revenue": 1307853,
            "common_shares": 658262,
            "book_valuer_per_share": 46.65,
            "book_valuer_per_share_4q_avg": 44.19,
            "equity": 3070891,
            "current_ratio": 153.86,
            "debt_ratio": 41.84,
            "inventory_turnover_ratio": 1.74,
            "account_receivable_turnover_ratio": 1.51,
            "reinvestment_rate": 29.43,
            "research_to_sale_ratio": 1.39,
            "price_fair": 290.94,
            "eps_avg_yearly": 8.31,
            "eps_latest_yearly": 14.2,
            "eps_growth_yearly": 318.36
        },
        "20211": {
            "year_quarter": 20211,
            "year": 2021,
            "quarter": 1,
            "eps": 2.69,
            "eps_growth_year": 25.12,
            "eps_4q": 8.94,
            "eps_4q_growth_year": -1.09,
            "roe": 5.86,
            "roe_4q": 19.91,
            "gross_profit": 295027,
            "gross_margin": 22.39,
            "gross_margin_4q_avg": 19.28,
            "net_income": 176908,
            "revenue": 1317593,
            "common_shares": 658262,
            "book_valuer_per_share": 45.11,
            "book_valuer_per_share_4q_avg": 44.63,
            "equity": 2969412,
            "current_ratio": 138.87,
            "debt_ratio": 46.3,
            "inventory_turnover_ratio": 1.55,
            "account_receivable_turnover_ratio": 1.5,
            "reinvestment_rate": 35.28,
            "research_to_sale_ratio": 1.44,
            "price_fair": 301.18,
            "eps_avg_yearly": 8.61,
            "eps_latest_yearly": 10.76,
            "eps_growth_yearly": 319.63
        },
        "20212": {
            "year_quarter": 20212,
            "year": 2021,
            "quarter": 2,
            "eps": 2.97,
            "eps_growth_year": 1550,
            "eps_4q": 11.73,
            "eps_4q_growth_year": 66.02,
            "roe": 6.42,
            "roe_4q": 25.92,
            "gross_profit": 286364,
            "gross_margin": 19.58,
            "gross_margin_4q_avg": 21.88,
            "net_income": 195181,
            "revenue": 1462894,
            "common_shares": 658262,
            "book_valuer_per_share": 46.84,
            "book_valuer_per_share_4q_avg": 45.69,
            "equity": 3107994,
            "current_ratio": 129.6,
            "debt_ratio": 48.44,
            "inventory_turnover_ratio": 1.48,
            "account_receivable_turnover_ratio": 1.54,
            "reinvestment_rate": 45.96,
            "research_to_sale_ratio": 1.38,
            "price_fair": 312.73,
            "eps_avg_yearly": 8.94,
            "eps_latest_yearly": 11.88,
            "eps_growth_yearly": 320.1
        },
        "20213": {
            "year_quarter": 20213,
            "year": 2021,
            "quarter": 3,
            "eps": 1.8,
            "eps_growth_year": -28.85,
            "eps_4q": 11,
            "eps_4q_growth_year": 49.39,
            "roe": 3.72,
            "roe_4q": 23.81,
            "gross_profit": 217275,
            "gross_margin": 15.8,
            "gross_margin_4q_avg": 20.65,
            "net_income": 117809,
            "revenue": 1374856,
            "common_shares": 658262,
            "book_valuer_per_share": 48.69,
            "book_valuer_per_share_4q_avg": 46.82,
            "equity": 3229146,
            "current_ratio": 123.91,
            "debt_ratio": 48.31,
            "inventory_turnover_ratio": 1.17,
            "account_receivable_turnover_ratio": 1.35,
            "reinvestment_rate": 56.47,
            "research_to_sale_ratio": 1.51,
            "price_fair": 314.04,
            "eps_avg_yearly": 8.97,
            "eps_latest_yearly": 7.2,
            "eps_growth_yearly": 310.25
        },
        "20214": {
            "year_quarter": 20214,
            "year": 2021,
            "quarter": 4,
            "eps": 2.08,
            "eps_growth_year": -41.32,
            "eps_4q": 9.53,
            "eps_4q_growth_year": 13.43,
            "roe": 4.07,
            "roe_4q": 20.07,
            "gross_profit": 262334,
            "gross_margin": 16.73,
            "gross_margin_4q_avg": 18.63,
            "net_income": 133524,
            "revenue": 1568105,
            "common_shares": 658262,
            "book_valuer_per_share": 50.42,
            "book_valuer_per_share_4q_avg": 47.77,
            "equity": 3339599,
            "current_ratio": 120.68,
            "debt_ratio": 49.6,
            "inventory_turnover_ratio": 1.08,
            "account_receivable_turnover_ratio": 1.46,
            "reinvestment_rate": 57.72,
            "research_to_sale_ratio": 1.95,
            "price_fair": 313.25,
            "eps_avg_yearly": 8.95,
            "eps_latest_yearly": 8.32,
            "eps_growth_yearly": 306.26
        },
        "20221": {
            "year_quarter": 20221,
            "year": 2022,
            "quarter": 1,
            "eps": 2.68,
            "eps_growth_year": -0.37,
            "eps_4q": 9.52,
            "eps_4q_growth_year": 6.54,
            "roe": 5.2,
            "roe_4q": 19.41,
            "gross_profit": 323966,
            "gross_margin": 18.07,
            "gross_margin_4q_avg": 17.55,
            "net_income": 174357,
            "revenue": 1792512,
            "common_shares": 658262,
            "book_valuer_per_share": 50.94,
            "book_valuer_per_share_4q_avg": 49.22,
            "equity": 3372583,
            "current_ratio": 116.29,
            "debt_ratio": 51.02,
            "inventory_turnover_ratio": 1.17,
            "account_receivable_turnover_ratio": 1.49,
            "reinvestment_rate": 61.72,
            "research_to_sale_ratio": 1.11,
            "price_fair": 321.83,
            "eps_avg_yearly": 9.2,
            "eps_latest_yearly": 10.72,
            "eps_growth_yearly": 318.88
        },
        "20222": {
            "year_quarter": 20222,
            "year": 2022,
            "quarter": 2,
            "eps": 3.02,
            "eps_growth_year": 1.68,
            "eps_4q": 9.58,
            "eps_4q_growth_year": -18.32,
            "roe": 5.51,
            "roe_4q": 18.5,
            "gross_profit": 355807,
            "gross_margin": 18.89,
            "gross_margin_4q_avg": 17.37,
            "net_income": 197213,
            "revenue": 1883139,
            "common_shares": 658262,
            "book_valuer_per_share": 57.3,
            "book_valuer_per_share_4q_avg": 51.84,
            "equity": 3790062,
            "current_ratio": 135.3,
            "debt_ratio": 51.88,
            "inventory_turnover_ratio": 1.27,
            "account_receivable_turnover_ratio": 1.38,
            "reinvestment_rate": 61.34,
            "research_to_sale_ratio": 1.15,
            "price_fair": 331.63,
            "eps_avg_yearly": 9.48,
            "eps_latest_yearly": 12.08,
            "eps_growth_yearly": 319.11
        },
        "20223": {
            "year_quarter": 20223,
            "year": 2022,
            "quarter": 3,
            "eps": 4.01,
            "eps_growth_year": 122.78,
            "eps_4q": 11.79,
            "eps_4q_growth_year": 7.2,
            "roe": 6.47,
            "roe_4q": 21.25,
            "gross_profit": 414734,
            "gross_margin": 19.92,
            "gross_margin_4q_avg": 18.4,
            "net_income": 262849,
            "revenue": 2082291,
            "common_shares": 658262,
            "book_valuer_per_share": 65.52,
            "book_valuer_per_share_4q_avg": 56.05,
            "equity": 4331078,
            "current_ratio": 153.7,
            "debt_ratio": 45.07,
            "inventory_turnover_ratio": 1.54,
            "account_receivable_turnover_ratio": 1.4,
            "reinvestment_rate": 60.08,
            "research_to_sale_ratio": 1.02,
            "price_fair": 347.46,
            "eps_avg_yearly": 9.93,
            "eps_latest_yearly": 16.04,
            "eps_growth_yearly": 323.36
        },
        "20224": {
            "year_quarter": 20224,
            "year": 2022,
            "quarter": 4,
            "eps": 4.59,
            "eps_growth_year": 120.34,
            "eps_4q": 14.28,
            "eps_4q_growth_year": 49.81,
            "roe": 6.87,
            "roe_4q": 24.05,
            "gross_profit": 464424,
            "gross_margin": 20.37,
            "gross_margin_4q_avg": 19.31,
            "net_income": 301579,
            "revenue": 2279412,
            "common_shares": 659163,
            "book_valuer_per_share": 67.19,
            "book_valuer_per_share_4q_avg": 60.24,
            "equity": 4445934,
            "current_ratio": 169.83,
            "debt_ratio": 42.33,
            "inventory_turnover_ratio": 1.75,
            "account_receivable_turnover_ratio": 1.53,
            "reinvestment_rate": 43.78,
            "research_to_sale_ratio": 0.93,
            "price_fair": 365.31,
            "eps_avg_yearly": 10.44,
            "eps_latest_yearly": 18.36,
            "eps_growth_yearly": 323
        },
        "20231": {
            "year_quarter": 20231,
            "year": 2023,
            "quarter": 1,
            "eps": 3.57,
            "eps_growth_year": 33.21,
            "eps_4q": 15.16,
            "eps_4q_growth_year": 59.16,
            "roe": 5.46,
            "roe_4q": 24.310000000000002,
            "gross_profit": 409176,
            "gross_margin": 22.29,
            "gross_margin_4q_avg": 20.37,
            "net_income": 235531,
            "revenue": 1835985,
            "common_shares": 660300,
            "book_valuer_per_share": 63.18,
            "book_valuer_per_share_4q_avg": 63.3,
            "equity": 4188445,
            "current_ratio": 154.13,
            "debt_ratio": 46.15,
            "inventory_turnover_ratio": 1.4,
            "account_receivable_turnover_ratio": 1.32,
            "reinvestment_rate": 43.32,
            "research_to_sale_ratio": 1.14,
            "price_fair": 373.63,
            "eps_avg_yearly": 10.68,
            "eps_latest_yearly": 14.28,
            "eps_growth_yearly": 316.76
        }
    },
    "months": {
        "2014-09": {
            "month": "2014-09",
            "price": "68.62",
            "revenue": 308729
        },
        "2014-10": {
            "month": "2014-10",
            "price": "64.40",
            "revenue": 321871
        },
        "2014-11": {
            "month": "2014-11",
            "price": "56.88",
            "revenue": 349060
        },
        "2014-12": {
            "month": "2014-12",
            "price": "61.93",
            "revenue": 408347
        },
        "2015-01": {
            "month": "2015-01",
            "price": "62.22",
            "revenue": 375262
        },
        "2015-02": {
            "month": "2015-02",
            "price": "61.81",
            "revenue": 260083
        },
        "2015-03": {
            "month": "2015-03",
            "price": "64.41",
            "revenue": 351713
        },
        "2015-04": {
            "month": "2015-04",
            "price": "72.98",
            "revenue": 265146
        },
        "2015-05": {
            "month": "2015-05",
            "price": "76.98",
            "revenue": 281628
        },
        "2015-06": {
            "month": "2015-06",
            "price": "71.32",
            "revenue": 298915
        },
        "2015-07": {
            "month": "2015-07",
            "price": "65.13",
            "revenue": 344899
        },
        "2015-08": {
            "month": "2015-08",
            "price": "57.56",
            "revenue": 338466
        },
        "2015-09": {
            "month": "2015-09",
            "price": "62.04",
            "revenue": 332264
        },
        "2015-10": {
            "month": "2015-10",
            "price": "86.49",
            "revenue": 396674
        },
        "2015-11": {
            "month": "2015-11",
            "price": "122.71",
            "revenue": 347571
        },
        "2015-12": {
            "month": "2015-12",
            "price": "107.02",
            "revenue": 415140
        },
        "2016-01": {
            "month": "2016-01",
            "price": "94.98",
            "revenue": 420178
        },
        "2016-02": {
            "month": "2016-02",
            "price": "102.04",
            "revenue": 285370
        },
        "2016-03": {
            "month": "2016-03",
            "price": "101.83",
            "revenue": 390290
        },
        "2016-04": {
            "month": "2016-04",
            "price": "97.73",
            "revenue": 335243
        },
        "2016-05": {
            "month": "2016-05",
            "price": "95.64",
            "revenue": 327332
        },
        "2016-06": {
            "month": "2016-06",
            "price": "109.60",
            "revenue": 327307
        },
        "2016-07": {
            "month": "2016-07",
            "price": "109.85",
            "revenue": 355259
        },
        "2016-08": {
            "month": "2016-08",
            "price": "108.24",
            "revenue": 351989
        },
        "2016-09": {
            "month": "2016-09",
            "price": "107.82",
            "revenue": 333817
        },
        "2016-10": {
            "month": "2016-10",
            "price": "100.08",
            "revenue": 325400
        },
        "2016-11": {
            "month": "2016-11",
            "price": "77.96",
            "revenue": 360896
        },
        "2016-12": {
            "month": "2016-12",
            "price": "78.35",
            "revenue": 357919
        },
        "2017-01": {
            "month": "2017-01",
            "price": "78.15",
            "revenue": 365641
        },
        "2017-02": {
            "month": "2017-02",
            "price": "82.57",
            "revenue": 283552
        },
        "2017-03": {
            "month": "2017-03",
            "price": "84.77",
            "revenue": 355328
        },
        "2017-04": {
            "month": "2017-04",
            "price": "86.19",
            "revenue": 315217
        },
        "2017-05": {
            "month": "2017-05",
            "price": "84.14",
            "revenue": 335296
        },
        "2017-06": {
            "month": "2017-06",
            "price": "90.53",
            "revenue": 325787
        },
        "2017-07": {
            "month": "2017-07",
            "price": "91.70",
            "revenue": 361283
        },
        "2017-08": {
            "month": "2017-08",
            "price": "93.46",
            "revenue": 365351
        },
        "2017-09": {
            "month": "2017-09",
            "price": "89.41",
            "revenue": 311757
        },
        "2017-10": {
            "month": "2017-10",
            "price": "89.98",
            "revenue": 311748
        },
        "2017-11": {
            "month": "2017-11",
            "price": "94.05",
            "revenue": 355562
        },
        "2017-12": {
            "month": "2017-12",
            "price": "88.84",
            "revenue": 375644
        },
        "2018-01": {
            "month": "2018-01",
            "price": "85.70",
            "revenue": 379982
        },
        "2018-02": {
            "month": "2018-02",
            "price": "82.25",
            "revenue": 256785
        },
        "2018-03": {
            "month": "2018-03",
            "price": "82.84",
            "revenue": 374577
        },
        "2018-04": {
            "month": "2018-04",
            "price": "86.72",
            "revenue": 329159
        },
        "2018-05": {
            "month": "2018-05",
            "price": "86.86",
            "revenue": 366489
        },
        "2018-06": {
            "month": "2018-06",
            "price": "87.48",
            "revenue": 365933
        },
        "2018-07": {
            "month": "2018-07",
            "price": "87.77",
            "revenue": 414031
        },
        "2018-08": {
            "month": "2018-08",
            "price": "90.77",
            "revenue": 411295
        },
        "2018-09": {
            "month": "2018-09",
            "price": "89.41",
            "revenue": 395892
        },
        "2018-10": {
            "month": "2018-10",
            "price": "88.43",
            "revenue": 420750
        },
        "2018-11": {
            "month": "2018-11",
            "price": "90.61",
            "revenue": 458111
        },
        "2018-12": {
            "month": "2018-12",
            "price": "107.55",
            "revenue": 441193
        },
        "2019-01": {
            "month": "2019-01",
            "price": "119.38",
            "revenue": 578977
        },
        "2019-02": {
            "month": "2019-02",
            "price": "132.88",
            "revenue": 294220
        },
        "2019-03": {
            "month": "2019-03",
            "price": "134.75",
            "revenue": 467702
        },
        "2019-04": {
            "month": "2019-04",
            "price": "147.60",
            "revenue": 436266
        },
        "2019-05": {
            "month": "2019-05",
            "price": "144.98",
            "revenue": 489247
        },
        "2019-06": {
            "month": "2019-06",
            "price": "131.00",
            "revenue": 393745
        },
        "2019-07": {
            "month": "2019-07",
            "price": "133.85",
            "revenue": 422974
        },
        "2019-08": {
            "month": "2019-08",
            "price": "131.43",
            "revenue": 460216
        },
        "2019-09": {
            "month": "2019-09",
            "price": "130.16",
            "revenue": 417576
        },
        "2019-10": {
            "month": "2019-10",
            "price": "122.62",
            "revenue": 442879
        },
        "2019-11": {
            "month": "2019-11",
            "price": "122.00",
            "revenue": 414202
        },
        "2019-12": {
            "month": "2019-12",
            "price": "122.52",
            "revenue": 455557
        },
        "2020-01": {
            "month": "2020-01",
            "price": "119.67",
            "revenue": 476657
        },
        "2020-02": {
            "month": "2020-02",
            "price": "118.13",
            "revenue": 341049
        },
        "2020-03": {
            "month": "2020-03",
            "price": "100.72",
            "revenue": 445236
        },
        "2020-04": {
            "month": "2020-04",
            "price": "93.44",
            "revenue": 148280
        },
        "2020-05": {
            "month": "2020-05",
            "price": "96.16",
            "revenue": 312039
        },
        "2020-06": {
            "month": "2020-06",
            "price": "98.00",
            "revenue": 322528
        },
        "2020-07": {
            "month": "2020-07",
            "price": "98.16",
            "revenue": 444185
        },
        "2020-08": {
            "month": "2020-08",
            "price": "105.22",
            "revenue": 450846
        },
        "2020-09": {
            "month": "2020-09",
            "price": "104.52",
            "revenue": 410267
        },
        "2020-10": {
            "month": "2020-10",
            "price": "97.68",
            "revenue": 398138
        },
        "2020-11": {
            "month": "2020-11",
            "price": "104.91",
            "revenue": 422181
        },
        "2020-12": {
            "month": "2020-12",
            "price": "108.22",
            "revenue": 487506
        },
        "2021-01": {
            "month": "2021-01",
            "price": "115.62",
            "revenue": 486480
        },
        "2021-02": {
            "month": "2021-02",
            "price": "127.46",
            "revenue": 340199
        },
        "2021-03": {
            "month": "2021-03",
            "price": "137.09",
            "revenue": 491003
        },
        "2021-04": {
            "month": "2021-04",
            "price": "142.03",
            "revenue": 462703
        },
        "2021-05": {
            "month": "2021-05",
            "price": "143.48",
            "revenue": 483069
        },
        "2021-06": {
            "month": "2021-06",
            "price": "152.60",
            "revenue": 517028
        },
        "2021-07": {
            "month": "2021-07",
            "price": "163.02",
            "revenue": 509854
        },
        "2021-08": {
            "month": "2021-08",
            "price": "150.00",
            "revenue": 437905
        },
        "2021-09": {
            "month": "2021-09",
            "price": "140.25",
            "revenue": 425294
        },
        "2021-10": {
            "month": "2021-10",
            "price": "143.05",
            "revenue": 461269
        },
        "2021-11": {
            "month": "2021-11",
            "price": "151.05",
            "revenue": 589772
        },
        "2021-12": {
            "month": "2021-12",
            "price": "147.30",
            "revenue": 519406
        },
        "2022-01": {
            "month": "2022-01",
            "price": "149.56",
            "revenue": 694059
        },
        "2022-02": {
            "month": "2022-02",
            "price": "153.93",
            "revenue": 488154
        },
        "2022-03": {
            "month": "2022-03",
            "price": "150.02",
            "revenue": 634258
        },
        "2022-04": {
            "month": "2022-04",
            "price": "152.03",
            "revenue": 658133
        },
        "2022-05": {
            "month": "2022-05",
            "price": "150.02",
            "revenue": 663547
        },
        "2022-06": {
            "month": "2022-06",
            "price": "165.69",
            "revenue": 537490
        },
        "2022-07": {
            "month": "2022-07",
            "price": "154.10",
            "revenue": 668347
        },
        "2022-08": {
            "month": "2022-08",
            "price": "157.28",
            "revenue": 721680
        },
        "2022-09": {
            "month": "2022-09",
            "price": "167.93",
            "revenue": 692264
        },
        "2022-10": {
            "month": "2022-10",
            "price": "173.18",
            "revenue": 832341
        },
        "2022-11": {
            "month": "2022-11",
            "price": "166.95",
            "revenue": 770933
        },
        "2022-12": {
            "month": "2022-12",
            "price": "164.70",
            "revenue": 676139
        },
        "2023-01": {
            "month": "2023-01",
            "price": "168.23",
            "revenue": 560950
        },
        "2023-02": {
            "month": "2023-02",
            "price": "177.06",
            "revenue": 600204
        },
        "2023-03": {
            "month": "2023-03",
            "price": "178.07",
            "revenue": 673398
        },
        "2023-04": {
            "month": "2023-04",
            "price": "176.56",
            "revenue": 609262
        },
        "2023-05": {
            "month": "2023-05",
            "price": "187.30",
            "revenue": 641483
        }
    }
}
