{
    "summary": {
        "stock_name": "宜鼎",
        "stock_id": "5289",
        "category": "電腦及週邊設備",
        "main_business": "工業用嵌入式儲存裝置<br>工業用動態隨機記憶體模組",
        "website_url": "http://www.innodisk.com",
        "ceo": "簡川勝",
        "pe_ratio": 18,
        "report_year_from": 2012,
        "report_year_to": 2023,
        "age": 11,
        "eps_negative_percentage": 0,
        "eps_growth_avg": {
            "last_all": 19.24,
            "last_2y": 22.86,
            "last_4y": 17.03,
            "last_8y": 19.24,
            "last_12y": null,
            "last_16y": null,
            "last_20y": null,
            "at_2006_last_3y": null,
            "at_2007_last_3y": null,
            "at_2008_last_3y": null,
            "at_2009_last_3y": null,
            "at_2010_last_3y": null,
            "at_2011_last_3y": null,
            "at_2012_last_3y": null,
            "at_2013_last_3y": null,
            "at_2014_last_3y": null,
            "at_2015_last_3y": null,
            "at_2016_last_3y": null,
            "at_2017_last_3y": 22,
            "at_2018_last_3y": 8.95,
            "at_2019_last_3y": 11.83,
            "at_2020_last_3y": 14.76,
            "at_2021_last_3y": 17.53,
            "at_2022_last_3y": 21.04,
            "at_2023_last_3y": 21.04,
            "at_2006_last_all": null,
            "at_2007_last_all": null,
            "at_2008_last_all": null,
            "at_2009_last_all": null,
            "at_2010_last_all": null,
            "at_2011_last_all": null,
            "at_2012_last_all": null,
            "at_2013_last_all": null,
            "at_2014_last_all": null,
            "at_2015_last_all": 28.64,
            "at_2016_last_all": 11.96,
            "at_2017_last_all": 22,
            "at_2018_last_all": 17.8,
            "at_2019_last_all": 17.43,
            "at_2020_last_all": 13.56,
            "at_2021_last_all": 19.76,
            "at_2022_last_all": 19.24,
            "at_2023_last_all": 19.24
        },
        "latest_eps": 17.04,
        "latest_price": 309,
        "latest_roe": 24.02,
        "latest_gross_margin": 32.95,
        "latest_equity": 6542828,
        "latest_revenue": 1930516,
        "latest_gross_profit": 636105,
        "latest_net_income": 229026,
        "latest_debt_ratio": 30.22,
        "latest_current_ratio": 255.43,
        "latest_account_receivable_turnover_ratio": 1.43,
        "latest_inventory_turnover_ratio": 1.26,
        "latest_reinvestment_rate": 23.07,
        "latest_research_to_sale_ratio": 5.27
    },
    "eps_dividends": {
        "2001": {
            "cash": 0,
            "stock": 0,
            "eps": 0
        },
        "2002": {
            "cash": 0,
            "stock": 0,
            "eps": 0
        },
        "2003": {
            "cash": 0,
            "stock": 0,
            "eps": 0
        },
        "2004": {
            "cash": 0,
            "stock": 0,
            "eps": 0
        },
        "2005": {
            "cash": 0,
            "stock": 0,
            "eps": 0
        },
        "2006": {
            "cash": 0,
            "stock": 0,
            "eps": 0
        },
        "2007": {
            "cash": 0,
            "stock": 0,
            "eps": 0
        },
        "2008": {
            "cash": 0,
            "stock": 0,
            "eps": 0
        },
        "2009": {
            "cash": 0,
            "stock": 0,
            "eps": 0
        },
        "2010": {
            "cash": 0,
            "stock": 0,
            "eps": 0
        },
        "2011": {
            "cash": 1.2,
            "stock": 2.8,
            "eps": 0
        },
        "2012": {
            "cash": 2.7,
            "stock": 1.5,
            "eps": 0
        },
        "2013": {
            "cash": 3,
            "stock": 0.5,
            "eps": 5.77
        },
        "2014": {
            "cash": 3.2,
            "stock": 0.8,
            "eps": 8.84
        },
        "2015": {
            "cash": 4.5,
            "stock": 0.5,
            "eps": 9.2
        },
        "2016": {
            "cash": 4.5,
            "stock": 0.5,
            "eps": 7.23
        },
        "2017": {
            "cash": 4,
            "stock": 0.5,
            "eps": 11
        },
        "2018": {
            "cash": 5.7,
            "stock": 0.3,
            "eps": 11.11
        },
        "2019": {
            "cash": 6,
            "stock": 0.2,
            "eps": 12.84
        },
        "2020": {
            "cash": 7.5,
            "stock": 0.2,
            "eps": 11.6
        },
        "2021": {
            "cash": 6.8,
            "stock": 0,
            "eps": 18.93
        },
        "2022": {
            "cash": 11.7,
            "stock": 0.3,
            "eps": 21.78
        },
        "2023": {
            "cash": 13.8,
            "stock": 0.2,
            "eps": 6.68
        }
    },
    "dividends": {
        "2011-05-13": {
            "cash": 1.2,
            "stock": 2.8
        },
        "2012-05-25": {
            "cash": 2.7,
            "stock": 1.5
        },
        "2013-06-21": {
            "cash": 3,
            "stock": 0.5
        },
        "2014-10-03": {
            "cash": 3.2,
            "stock": 0.8
        },
        "2015-09-24": {
            "cash": 4.5,
            "stock": 0.5
        },
        "2016-09-30": {
            "cash": 4.5,
            "stock": 0.5
        },
        "2017-10-03": {
            "cash": 4,
            "stock": 0.5
        },
        "2018-09-28": {
            "cash": 5.7,
            "stock": 0.3
        },
        "2019-09-27": {
            "cash": 6,
            "stock": 0.2
        },
        "2020-09-25": {
            "cash": 7.5,
            "stock": 0.2
        },
        "2021-08-27": {
            "cash": 6.8,
            "stock": 0
        },
        "2022-09-02": {
            "cash": 11.7,
            "stock": 0.3
        },
        "2023-09-22": {
            "cash": 13.8,
            "stock": 0.2
        }
    },
    "prices": {
        "200101": "無",
        "200102": "無",
        "200103": "無",
        "200104": "無",
        "200105": "無",
        "200106": "無",
        "200107": "無",
        "200108": "無",
        "200109": "無",
        "200110": "無",
        "200111": "無",
        "200112": "無",
        "200201": "無",
        "200202": "無",
        "200203": "無",
        "200204": "無",
        "200205": "無",
        "200206": "無",
        "200207": "無",
        "200208": "無",
        "200209": "無",
        "200210": "無",
        "200211": "無",
        "200212": "無",
        "200301": "無",
        "200302": "無",
        "200303": "無",
        "200304": "無",
        "200305": "無",
        "200306": "無",
        "200307": "無",
        "200308": "無",
        "200309": "無",
        "200310": "無",
        "200311": "無",
        "200312": "無",
        "200401": "無",
        "200402": "無",
        "200403": "無",
        "200404": "無",
        "200405": "無",
        "200406": "無",
        "200407": "無",
        "200408": "無",
        "200409": "無",
        "200410": "無",
        "200411": "無",
        "200412": "無",
        "200501": "無",
        "200502": "無",
        "200503": "無",
        "200504": "無",
        "200505": "無",
        "200506": "無",
        "200507": "無",
        "200508": "無",
        "200509": "無",
        "200510": "無",
        "200511": "無",
        "200512": "無",
        "200601": "無",
        "200602": "無",
        "200603": "無",
        "200604": "無",
        "200605": "無",
        "200606": "無",
        "200607": "無",
        "200608": "無",
        "200609": "無",
        "200610": "無",
        "200611": "無",
        "200612": "無",
        "200701": "無",
        "200702": "無",
        "200703": "無",
        "200704": "無",
        "200705": "無",
        "200706": "無",
        "200707": "無",
        "200708": "無",
        "200709": "無",
        "200710": "無",
        "200711": "無",
        "200712": "無",
        "200801": "無",
        "200802": "無",
        "200803": "無",
        "200804": "無",
        "200805": "無",
        "200806": "無",
        "200807": "無",
        "200808": "無",
        "200809": "無",
        "200810": "無",
        "200811": "無",
        "200812": "無",
        "200901": "無",
        "200902": "無",
        "200903": "無",
        "200904": "無",
        "200905": "無",
        "200906": "無",
        "200907": "無",
        "200908": "無",
        "200909": "無",
        "200910": "無",
        "200911": "無",
        "200912": "無",
        "201001": "無",
        "201002": "無",
        "201003": "無",
        "201004": "無",
        "201005": "無",
        "201006": "無",
        "201007": "無",
        "201008": "無",
        "201009": "無",
        "201010": "無",
        "201011": "無",
        "201012": "無",
        "201101": "無",
        "201102": "無",
        "201103": "無",
        "201104": "無",
        "201105": "無",
        "201106": "無",
        "201107": "無",
        "201108": "無",
        "201109": "無",
        "201110": "無",
        "201111": "無",
        "201112": "無",
        "201201": "無",
        "201202": "無",
        "201203": "無",
        "201204": "無",
        "201205": "無",
        "201206": "無",
        "201207": "無",
        "201208": "無",
        "201209": "無",
        "201210": "55.11",
        "201211": "46.42",
        "201212": "45.94",
        "201301": "51.53",
        "201302": "56.90",
        "201303": "55.80",
        "201304": "60.39",
        "201305": "59.78",
        "201306": "64.14",
        "201307": "70.01",
        "201308": "70.26",
        "201309": "73.53",
        "201310": "71.39",
        "201311": "62.53",
        "201312": "67.12",
        "201401": "72.54",
        "201402": "71.04",
        "201403": "69.86",
        "201404": "71.95",
        "201405": "76.76",
        "201406": "87.84",
        "201407": "92.34",
        "201408": "100.70",
        "201409": "94.11",
        "201410": "82.64",
        "201411": "84.92",
        "201412": "92.61",
        "201501": "91.69",
        "201502": "92.29",
        "201503": "109.87",
        "201504": "122.52",
        "201505": "109.88",
        "201506": "112.60",
        "201507": "97.19",
        "201508": "77.12",
        "201509": "81.98",
        "201510": "94.01",
        "201511": "96.12",
        "201512": "92.13",
        "201601": "85.39",
        "201602": "101.05",
        "201603": "113.96",
        "201604": "115.26",
        "201605": "102.60",
        "201606": "103.44",
        "201607": "105.00",
        "201608": "99.70",
        "201609": "91.95",
        "201610": "85.32",
        "201611": "81.64",
        "201612": "86.88",
        "201701": "84.40",
        "201702": "88.33",
        "201703": "93.11",
        "201704": "101.04",
        "201705": "107.08",
        "201706": "99.04",
        "201707": "100.86",
        "201708": "114.74",
        "201709": "110.39",
        "201710": "109.63",
        "201711": "128.48",
        "201712": "126.40",
        "201801": "120.93",
        "201802": "118.38",
        "201803": "124.70",
        "201804": "128.56",
        "201805": "149.91",
        "201806": "149.28",
        "201807": "140.55",
        "201808": "144.33",
        "201809": "124.97",
        "201810": "108.70",
        "201811": "103.50",
        "201812": "103.17",
        "201901": "101.95",
        "201902": "116.23",
        "201903": "120.40",
        "201904": "120.80",
        "201905": "115.32",
        "201906": "115.50",
        "201907": "122.30",
        "201908": "127.71",
        "201909": "139.92",
        "201910": "137.29",
        "201911": "147.43",
        "201912": "160.36",
        "202001": "179.13",
        "202002": "191.42",
        "202003": "159.32",
        "202004": "172.20",
        "202005": "184.72",
        "202006": "181.25",
        "202007": "183.89",
        "202008": "170.64",
        "202009": "154.36",
        "202010": "152.11",
        "202011": "158.40",
        "202012": "167.91",
        "202101": "167.10",
        "202102": "164.81",
        "202103": "167.61",
        "202104": "179.11",
        "202105": "169.12",
        "202106": "181.29",
        "202107": "212.61",
        "202108": "230.59",
        "202109": "202.82",
        "202110": "187.12",
        "202111": "199.25",
        "202112": "201.77",
        "202201": "196.64",
        "202202": "198.80",
        "202203": "208.54",
        "202204": "210.42",
        "202205": "200.21",
        "202206": "180.38",
        "202207": "172.83",
        "202208": "173.54",
        "202209": "166.40",
        "202210": "160.18",
        "202211": "178.30",
        "202212": "186.98",
        "202301": "185.54",
        "202302": "200.11",
        "202303": "256.43",
        "202304": "303.03",
        "202305": "302.30",
        "202306": "329.45",
        "202307": "316.95",
        "202308": "264.55",
        "202309": "283.23"
    },
    "quarters": {
        "20011": {
            "year_quarter": 20011,
            "year": 2001,
            "quarter": 1,
            "eps": null,
            "eps_growth_year": null,
            "eps_4q": null,
            "eps_4q_growth_year": null,
            "roe": null,
            "roe_4q": 0,
            "gross_profit": null,
            "gross_margin": null,
            "gross_margin_4q_avg": 0,
            "net_income": null,
            "revenue": null,
            "common_shares": null,
            "book_valuer_per_share": null,
            "book_valuer_per_share_4q_avg": 0,
            "equity": null,
            "current_ratio": null,
            "debt_ratio": null,
            "inventory_turnover_ratio": null,
            "account_receivable_turnover_ratio": null,
            "reinvestment_rate": null,
            "research_to_sale_ratio": null,
            "price_fair": 0,
            "eps_avg_yearly": 0,
            "eps_latest_yearly": 0,
            "eps_growth_yearly": 0
        },
        "20012": {
            "year_quarter": 20012,
            "year": 2001,
            "quarter": 2,
            "eps": null,
            "eps_growth_year": null,
            "eps_4q": null,
            "eps_4q_growth_year": null,
            "roe": null,
            "roe_4q": 0,
            "gross_profit": null,
            "gross_margin": null,
            "gross_margin_4q_avg": 0,
            "net_income": null,
            "revenue": null,
            "common_shares": null,
            "book_valuer_per_share": null,
            "book_valuer_per_share_4q_avg": 0,
            "equity": null,
            "current_ratio": null,
            "debt_ratio": null,
            "inventory_turnover_ratio": null,
            "account_receivable_turnover_ratio": null,
            "reinvestment_rate": null,
            "research_to_sale_ratio": null,
            "price_fair": 0,
            "eps_avg_yearly": 0,
            "eps_latest_yearly": 0,
            "eps_growth_yearly": 0
        },
        "20013": {
            "year_quarter": 20013,
            "year": 2001,
            "quarter": 3,
            "eps": null,
            "eps_growth_year": null,
            "eps_4q": null,
            "eps_4q_growth_year": null,
            "roe": null,
            "roe_4q": 0,
            "gross_profit": null,
            "gross_margin": null,
            "gross_margin_4q_avg": 0,
            "net_income": null,
            "revenue": null,
            "common_shares": null,
            "book_valuer_per_share": null,
            "book_valuer_per_share_4q_avg": 0,
            "equity": null,
            "current_ratio": null,
            "debt_ratio": null,
            "inventory_turnover_ratio": null,
            "account_receivable_turnover_ratio": null,
            "reinvestment_rate": null,
            "research_to_sale_ratio": null,
            "price_fair": 0,
            "eps_avg_yearly": 0,
            "eps_latest_yearly": 0,
            "eps_growth_yearly": 0
        },
        "20014": {
            "year_quarter": 20014,
            "year": 2001,
            "quarter": 4,
            "eps": null,
            "eps_growth_year": null,
            "eps_4q": null,
            "eps_4q_growth_year": null,
            "roe": null,
            "roe_4q": 0,
            "gross_profit": null,
            "gross_margin": null,
            "gross_margin_4q_avg": 0,
            "net_income": null,
            "revenue": null,
            "common_shares": null,
            "book_valuer_per_share": null,
            "book_valuer_per_share_4q_avg": 0,
            "equity": null,
            "current_ratio": null,
            "debt_ratio": null,
            "inventory_turnover_ratio": null,
            "account_receivable_turnover_ratio": null,
            "reinvestment_rate": null,
            "research_to_sale_ratio": null,
            "price_fair": 0,
            "eps_avg_yearly": 0,
            "eps_latest_yearly": 0,
            "eps_growth_yearly": 0
        },
        "20021": {
            "year_quarter": 20021,
            "year": 2002,
            "quarter": 1,
            "eps": null,
            "eps_growth_year": null,
            "eps_4q": null,
            "eps_4q_growth_year": null,
            "roe": null,
            "roe_4q": 0,
            "gross_profit": null,
            "gross_margin": null,
            "gross_margin_4q_avg": 0,
            "net_income": null,
            "revenue": null,
            "common_shares": null,
            "book_valuer_per_share": null,
            "book_valuer_per_share_4q_avg": 0,
            "equity": null,
            "current_ratio": null,
            "debt_ratio": null,
            "inventory_turnover_ratio": null,
            "account_receivable_turnover_ratio": null,
            "reinvestment_rate": null,
            "research_to_sale_ratio": null,
            "price_fair": 0,
            "eps_avg_yearly": 0,
            "eps_latest_yearly": 0,
            "eps_growth_yearly": 0
        },
        "20022": {
            "year_quarter": 20022,
            "year": 2002,
            "quarter": 2,
            "eps": null,
            "eps_growth_year": null,
            "eps_4q": null,
            "eps_4q_growth_year": null,
            "roe": null,
            "roe_4q": 0,
            "gross_profit": null,
            "gross_margin": null,
            "gross_margin_4q_avg": 0,
            "net_income": null,
            "revenue": null,
            "common_shares": null,
            "book_valuer_per_share": null,
            "book_valuer_per_share_4q_avg": 0,
            "equity": null,
            "current_ratio": null,
            "debt_ratio": null,
            "inventory_turnover_ratio": null,
            "account_receivable_turnover_ratio": null,
            "reinvestment_rate": null,
            "research_to_sale_ratio": null,
            "price_fair": 0,
            "eps_avg_yearly": 0,
            "eps_latest_yearly": 0,
            "eps_growth_yearly": 0
        },
        "20023": {
            "year_quarter": 20023,
            "year": 2002,
            "quarter": 3,
            "eps": null,
            "eps_growth_year": null,
            "eps_4q": null,
            "eps_4q_growth_year": null,
            "roe": null,
            "roe_4q": 0,
            "gross_profit": null,
            "gross_margin": null,
            "gross_margin_4q_avg": 0,
            "net_income": null,
            "revenue": null,
            "common_shares": null,
            "book_valuer_per_share": null,
            "book_valuer_per_share_4q_avg": 0,
            "equity": null,
            "current_ratio": null,
            "debt_ratio": null,
            "inventory_turnover_ratio": null,
            "account_receivable_turnover_ratio": null,
            "reinvestment_rate": null,
            "research_to_sale_ratio": null,
            "price_fair": 0,
            "eps_avg_yearly": 0,
            "eps_latest_yearly": 0,
            "eps_growth_yearly": 0
        },
        "20024": {
            "year_quarter": 20024,
            "year": 2002,
            "quarter": 4,
            "eps": null,
            "eps_growth_year": null,
            "eps_4q": null,
            "eps_4q_growth_year": null,
            "roe": null,
            "roe_4q": 0,
            "gross_profit": null,
            "gross_margin": null,
            "gross_margin_4q_avg": 0,
            "net_income": null,
            "revenue": null,
            "common_shares": null,
            "book_valuer_per_share": null,
            "book_valuer_per_share_4q_avg": 0,
            "equity": null,
            "current_ratio": null,
            "debt_ratio": null,
            "inventory_turnover_ratio": null,
            "account_receivable_turnover_ratio": null,
            "reinvestment_rate": null,
            "research_to_sale_ratio": null,
            "price_fair": 0,
            "eps_avg_yearly": 0,
            "eps_latest_yearly": 0,
            "eps_growth_yearly": 0
        },
        "20031": {
            "year_quarter": 20031,
            "year": 2003,
            "quarter": 1,
            "eps": null,
            "eps_growth_year": null,
            "eps_4q": null,
            "eps_4q_growth_year": null,
            "roe": null,
            "roe_4q": 0,
            "gross_profit": null,
            "gross_margin": null,
            "gross_margin_4q_avg": 0,
            "net_income": null,
            "revenue": null,
            "common_shares": null,
            "book_valuer_per_share": null,
            "book_valuer_per_share_4q_avg": 0,
            "equity": null,
            "current_ratio": null,
            "debt_ratio": null,
            "inventory_turnover_ratio": null,
            "account_receivable_turnover_ratio": null,
            "reinvestment_rate": null,
            "research_to_sale_ratio": null,
            "price_fair": 0,
            "eps_avg_yearly": 0,
            "eps_latest_yearly": 0,
            "eps_growth_yearly": 0
        },
        "20032": {
            "year_quarter": 20032,
            "year": 2003,
            "quarter": 2,
            "eps": null,
            "eps_growth_year": null,
            "eps_4q": null,
            "eps_4q_growth_year": null,
            "roe": null,
            "roe_4q": 0,
            "gross_profit": null,
            "gross_margin": null,
            "gross_margin_4q_avg": 0,
            "net_income": null,
            "revenue": null,
            "common_shares": null,
            "book_valuer_per_share": null,
            "book_valuer_per_share_4q_avg": 0,
            "equity": null,
            "current_ratio": null,
            "debt_ratio": null,
            "inventory_turnover_ratio": null,
            "account_receivable_turnover_ratio": null,
            "reinvestment_rate": null,
            "research_to_sale_ratio": null,
            "price_fair": 0,
            "eps_avg_yearly": 0,
            "eps_latest_yearly": 0,
            "eps_growth_yearly": 0
        },
        "20033": {
            "year_quarter": 20033,
            "year": 2003,
            "quarter": 3,
            "eps": null,
            "eps_growth_year": null,
            "eps_4q": null,
            "eps_4q_growth_year": null,
            "roe": null,
            "roe_4q": 0,
            "gross_profit": null,
            "gross_margin": null,
            "gross_margin_4q_avg": 0,
            "net_income": null,
            "revenue": null,
            "common_shares": null,
            "book_valuer_per_share": null,
            "book_valuer_per_share_4q_avg": 0,
            "equity": null,
            "current_ratio": null,
            "debt_ratio": null,
            "inventory_turnover_ratio": null,
            "account_receivable_turnover_ratio": null,
            "reinvestment_rate": null,
            "research_to_sale_ratio": null,
            "price_fair": 0,
            "eps_avg_yearly": 0,
            "eps_latest_yearly": 0,
            "eps_growth_yearly": 0
        },
        "20034": {
            "year_quarter": 20034,
            "year": 2003,
            "quarter": 4,
            "eps": null,
            "eps_growth_year": null,
            "eps_4q": null,
            "eps_4q_growth_year": null,
            "roe": null,
            "roe_4q": 0,
            "gross_profit": null,
            "gross_margin": null,
            "gross_margin_4q_avg": 0,
            "net_income": null,
            "revenue": null,
            "common_shares": null,
            "book_valuer_per_share": null,
            "book_valuer_per_share_4q_avg": 0,
            "equity": null,
            "current_ratio": null,
            "debt_ratio": null,
            "inventory_turnover_ratio": null,
            "account_receivable_turnover_ratio": null,
            "reinvestment_rate": null,
            "research_to_sale_ratio": null,
            "price_fair": 0,
            "eps_avg_yearly": 0,
            "eps_latest_yearly": 0,
            "eps_growth_yearly": 0
        },
        "20041": {
            "year_quarter": 20041,
            "year": 2004,
            "quarter": 1,
            "eps": null,
            "eps_growth_year": null,
            "eps_4q": null,
            "eps_4q_growth_year": null,
            "roe": null,
            "roe_4q": 0,
            "gross_profit": null,
            "gross_margin": null,
            "gross_margin_4q_avg": 0,
            "net_income": null,
            "revenue": null,
            "common_shares": null,
            "book_valuer_per_share": null,
            "book_valuer_per_share_4q_avg": 0,
            "equity": null,
            "current_ratio": null,
            "debt_ratio": null,
            "inventory_turnover_ratio": null,
            "account_receivable_turnover_ratio": null,
            "reinvestment_rate": null,
            "research_to_sale_ratio": null,
            "price_fair": 0,
            "eps_avg_yearly": 0,
            "eps_latest_yearly": 0,
            "eps_growth_yearly": 0
        },
        "20042": {
            "year_quarter": 20042,
            "year": 2004,
            "quarter": 2,
            "eps": null,
            "eps_growth_year": null,
            "eps_4q": null,
            "eps_4q_growth_year": null,
            "roe": null,
            "roe_4q": 0,
            "gross_profit": null,
            "gross_margin": null,
            "gross_margin_4q_avg": 0,
            "net_income": null,
            "revenue": null,
            "common_shares": null,
            "book_valuer_per_share": null,
            "book_valuer_per_share_4q_avg": 0,
            "equity": null,
            "current_ratio": null,
            "debt_ratio": null,
            "inventory_turnover_ratio": null,
            "account_receivable_turnover_ratio": null,
            "reinvestment_rate": null,
            "research_to_sale_ratio": null,
            "price_fair": 0,
            "eps_avg_yearly": 0,
            "eps_latest_yearly": 0,
            "eps_growth_yearly": 0
        },
        "20043": {
            "year_quarter": 20043,
            "year": 2004,
            "quarter": 3,
            "eps": null,
            "eps_growth_year": null,
            "eps_4q": null,
            "eps_4q_growth_year": null,
            "roe": null,
            "roe_4q": 0,
            "gross_profit": null,
            "gross_margin": null,
            "gross_margin_4q_avg": 0,
            "net_income": null,
            "revenue": null,
            "common_shares": null,
            "book_valuer_per_share": null,
            "book_valuer_per_share_4q_avg": 0,
            "equity": null,
            "current_ratio": null,
            "debt_ratio": null,
            "inventory_turnover_ratio": null,
            "account_receivable_turnover_ratio": null,
            "reinvestment_rate": null,
            "research_to_sale_ratio": null,
            "price_fair": 0,
            "eps_avg_yearly": 0,
            "eps_latest_yearly": 0,
            "eps_growth_yearly": 0
        },
        "20044": {
            "year_quarter": 20044,
            "year": 2004,
            "quarter": 4,
            "eps": null,
            "eps_growth_year": null,
            "eps_4q": null,
            "eps_4q_growth_year": null,
            "roe": null,
            "roe_4q": 0,
            "gross_profit": null,
            "gross_margin": null,
            "gross_margin_4q_avg": 0,
            "net_income": null,
            "revenue": null,
            "common_shares": null,
            "book_valuer_per_share": null,
            "book_valuer_per_share_4q_avg": 0,
            "equity": null,
            "current_ratio": null,
            "debt_ratio": null,
            "inventory_turnover_ratio": null,
            "account_receivable_turnover_ratio": null,
            "reinvestment_rate": null,
            "research_to_sale_ratio": null,
            "price_fair": 0,
            "eps_avg_yearly": 0,
            "eps_latest_yearly": 0,
            "eps_growth_yearly": 0
        },
        "20051": {
            "year_quarter": 20051,
            "year": 2005,
            "quarter": 1,
            "eps": null,
            "eps_growth_year": null,
            "eps_4q": null,
            "eps_4q_growth_year": null,
            "roe": null,
            "roe_4q": 0,
            "gross_profit": null,
            "gross_margin": null,
            "gross_margin_4q_avg": 0,
            "net_income": null,
            "revenue": null,
            "common_shares": null,
            "book_valuer_per_share": null,
            "book_valuer_per_share_4q_avg": 0,
            "equity": null,
            "current_ratio": null,
            "debt_ratio": null,
            "inventory_turnover_ratio": null,
            "account_receivable_turnover_ratio": null,
            "reinvestment_rate": null,
            "research_to_sale_ratio": null,
            "price_fair": 0,
            "eps_avg_yearly": 0,
            "eps_latest_yearly": 0,
            "eps_growth_yearly": 0
        },
        "20052": {
            "year_quarter": 20052,
            "year": 2005,
            "quarter": 2,
            "eps": null,
            "eps_growth_year": null,
            "eps_4q": null,
            "eps_4q_growth_year": null,
            "roe": null,
            "roe_4q": 0,
            "gross_profit": null,
            "gross_margin": null,
            "gross_margin_4q_avg": 0,
            "net_income": null,
            "revenue": null,
            "common_shares": null,
            "book_valuer_per_share": null,
            "book_valuer_per_share_4q_avg": 0,
            "equity": null,
            "current_ratio": null,
            "debt_ratio": null,
            "inventory_turnover_ratio": null,
            "account_receivable_turnover_ratio": null,
            "reinvestment_rate": null,
            "research_to_sale_ratio": null,
            "price_fair": 0,
            "eps_avg_yearly": 0,
            "eps_latest_yearly": 0,
            "eps_growth_yearly": 0
        },
        "20053": {
            "year_quarter": 20053,
            "year": 2005,
            "quarter": 3,
            "eps": null,
            "eps_growth_year": null,
            "eps_4q": null,
            "eps_4q_growth_year": null,
            "roe": null,
            "roe_4q": 0,
            "gross_profit": null,
            "gross_margin": null,
            "gross_margin_4q_avg": 0,
            "net_income": null,
            "revenue": null,
            "common_shares": null,
            "book_valuer_per_share": null,
            "book_valuer_per_share_4q_avg": 0,
            "equity": null,
            "current_ratio": null,
            "debt_ratio": null,
            "inventory_turnover_ratio": null,
            "account_receivable_turnover_ratio": null,
            "reinvestment_rate": null,
            "research_to_sale_ratio": null,
            "price_fair": 0,
            "eps_avg_yearly": 0,
            "eps_latest_yearly": 0,
            "eps_growth_yearly": 0
        },
        "20054": {
            "year_quarter": 20054,
            "year": 2005,
            "quarter": 4,
            "eps": null,
            "eps_growth_year": null,
            "eps_4q": null,
            "eps_4q_growth_year": null,
            "roe": null,
            "roe_4q": 0,
            "gross_profit": null,
            "gross_margin": null,
            "gross_margin_4q_avg": 0,
            "net_income": null,
            "revenue": null,
            "common_shares": null,
            "book_valuer_per_share": null,
            "book_valuer_per_share_4q_avg": 0,
            "equity": null,
            "current_ratio": null,
            "debt_ratio": null,
            "inventory_turnover_ratio": null,
            "account_receivable_turnover_ratio": null,
            "reinvestment_rate": null,
            "research_to_sale_ratio": null,
            "price_fair": 0,
            "eps_avg_yearly": 0,
            "eps_latest_yearly": 0,
            "eps_growth_yearly": 0
        },
        "20061": {
            "year_quarter": 20061,
            "year": 2006,
            "quarter": 1,
            "eps": null,
            "eps_growth_year": null,
            "eps_4q": null,
            "eps_4q_growth_year": null,
            "roe": null,
            "roe_4q": 0,
            "gross_profit": null,
            "gross_margin": null,
            "gross_margin_4q_avg": 0,
            "net_income": null,
            "revenue": null,
            "common_shares": null,
            "book_valuer_per_share": null,
            "book_valuer_per_share_4q_avg": 0,
            "equity": null,
            "current_ratio": null,
            "debt_ratio": null,
            "inventory_turnover_ratio": null,
            "account_receivable_turnover_ratio": null,
            "reinvestment_rate": null,
            "research_to_sale_ratio": null,
            "price_fair": 0,
            "eps_avg_yearly": 0,
            "eps_latest_yearly": 0,
            "eps_growth_yearly": 0
        },
        "20062": {
            "year_quarter": 20062,
            "year": 2006,
            "quarter": 2,
            "eps": null,
            "eps_growth_year": null,
            "eps_4q": null,
            "eps_4q_growth_year": null,
            "roe": null,
            "roe_4q": 0,
            "gross_profit": null,
            "gross_margin": null,
            "gross_margin_4q_avg": 0,
            "net_income": null,
            "revenue": null,
            "common_shares": null,
            "book_valuer_per_share": null,
            "book_valuer_per_share_4q_avg": 0,
            "equity": null,
            "current_ratio": null,
            "debt_ratio": null,
            "inventory_turnover_ratio": null,
            "account_receivable_turnover_ratio": null,
            "reinvestment_rate": null,
            "research_to_sale_ratio": null,
            "price_fair": 0,
            "eps_avg_yearly": 0,
            "eps_latest_yearly": 0,
            "eps_growth_yearly": 0
        },
        "20063": {
            "year_quarter": 20063,
            "year": 2006,
            "quarter": 3,
            "eps": null,
            "eps_growth_year": null,
            "eps_4q": null,
            "eps_4q_growth_year": null,
            "roe": null,
            "roe_4q": 0,
            "gross_profit": null,
            "gross_margin": null,
            "gross_margin_4q_avg": 0,
            "net_income": null,
            "revenue": null,
            "common_shares": null,
            "book_valuer_per_share": null,
            "book_valuer_per_share_4q_avg": 0,
            "equity": null,
            "current_ratio": null,
            "debt_ratio": null,
            "inventory_turnover_ratio": null,
            "account_receivable_turnover_ratio": null,
            "reinvestment_rate": null,
            "research_to_sale_ratio": null,
            "price_fair": 0,
            "eps_avg_yearly": 0,
            "eps_latest_yearly": 0,
            "eps_growth_yearly": 0
        },
        "20064": {
            "year_quarter": 20064,
            "year": 2006,
            "quarter": 4,
            "eps": null,
            "eps_growth_year": null,
            "eps_4q": null,
            "eps_4q_growth_year": null,
            "roe": null,
            "roe_4q": 0,
            "gross_profit": null,
            "gross_margin": null,
            "gross_margin_4q_avg": 0,
            "net_income": null,
            "revenue": null,
            "common_shares": null,
            "book_valuer_per_share": null,
            "book_valuer_per_share_4q_avg": 0,
            "equity": null,
            "current_ratio": null,
            "debt_ratio": null,
            "inventory_turnover_ratio": null,
            "account_receivable_turnover_ratio": null,
            "reinvestment_rate": null,
            "research_to_sale_ratio": null,
            "price_fair": 0,
            "eps_avg_yearly": 0,
            "eps_latest_yearly": 0,
            "eps_growth_yearly": 0
        },
        "20071": {
            "year_quarter": 20071,
            "year": 2007,
            "quarter": 1,
            "eps": null,
            "eps_growth_year": null,
            "eps_4q": null,
            "eps_4q_growth_year": null,
            "roe": null,
            "roe_4q": 0,
            "gross_profit": null,
            "gross_margin": null,
            "gross_margin_4q_avg": 0,
            "net_income": null,
            "revenue": null,
            "common_shares": null,
            "book_valuer_per_share": null,
            "book_valuer_per_share_4q_avg": 0,
            "equity": null,
            "current_ratio": null,
            "debt_ratio": null,
            "inventory_turnover_ratio": null,
            "account_receivable_turnover_ratio": null,
            "reinvestment_rate": null,
            "research_to_sale_ratio": null,
            "price_fair": 0,
            "eps_avg_yearly": 0,
            "eps_latest_yearly": 0,
            "eps_growth_yearly": 0
        },
        "20072": {
            "year_quarter": 20072,
            "year": 2007,
            "quarter": 2,
            "eps": null,
            "eps_growth_year": null,
            "eps_4q": null,
            "eps_4q_growth_year": null,
            "roe": null,
            "roe_4q": 0,
            "gross_profit": null,
            "gross_margin": null,
            "gross_margin_4q_avg": 0,
            "net_income": null,
            "revenue": null,
            "common_shares": null,
            "book_valuer_per_share": null,
            "book_valuer_per_share_4q_avg": 0,
            "equity": null,
            "current_ratio": null,
            "debt_ratio": null,
            "inventory_turnover_ratio": null,
            "account_receivable_turnover_ratio": null,
            "reinvestment_rate": null,
            "research_to_sale_ratio": null,
            "price_fair": 0,
            "eps_avg_yearly": 0,
            "eps_latest_yearly": 0,
            "eps_growth_yearly": 0
        },
        "20073": {
            "year_quarter": 20073,
            "year": 2007,
            "quarter": 3,
            "eps": null,
            "eps_growth_year": null,
            "eps_4q": null,
            "eps_4q_growth_year": null,
            "roe": null,
            "roe_4q": 0,
            "gross_profit": null,
            "gross_margin": null,
            "gross_margin_4q_avg": 0,
            "net_income": null,
            "revenue": null,
            "common_shares": null,
            "book_valuer_per_share": null,
            "book_valuer_per_share_4q_avg": 0,
            "equity": null,
            "current_ratio": null,
            "debt_ratio": null,
            "inventory_turnover_ratio": null,
            "account_receivable_turnover_ratio": null,
            "reinvestment_rate": null,
            "research_to_sale_ratio": null,
            "price_fair": 0,
            "eps_avg_yearly": 0,
            "eps_latest_yearly": 0,
            "eps_growth_yearly": 0
        },
        "20074": {
            "year_quarter": 20074,
            "year": 2007,
            "quarter": 4,
            "eps": null,
            "eps_growth_year": null,
            "eps_4q": null,
            "eps_4q_growth_year": null,
            "roe": null,
            "roe_4q": 0,
            "gross_profit": null,
            "gross_margin": null,
            "gross_margin_4q_avg": 0,
            "net_income": null,
            "revenue": null,
            "common_shares": 134000,
            "book_valuer_per_share": 11.58,
            "book_valuer_per_share_4q_avg": 2.9,
            "equity": 155153,
            "current_ratio": 395.2,
            "debt_ratio": 42.47,
            "inventory_turnover_ratio": null,
            "account_receivable_turnover_ratio": null,
            "reinvestment_rate": null,
            "research_to_sale_ratio": null,
            "price_fair": 0,
            "eps_avg_yearly": 0,
            "eps_latest_yearly": 0,
            "eps_growth_yearly": 0
        },
        "20081": {
            "year_quarter": 20081,
            "year": 2008,
            "quarter": 1,
            "eps": null,
            "eps_growth_year": null,
            "eps_4q": null,
            "eps_4q_growth_year": null,
            "roe": null,
            "roe_4q": 0,
            "gross_profit": null,
            "gross_margin": null,
            "gross_margin_4q_avg": 0,
            "net_income": null,
            "revenue": null,
            "common_shares": null,
            "book_valuer_per_share": null,
            "book_valuer_per_share_4q_avg": 2.9,
            "equity": null,
            "current_ratio": null,
            "debt_ratio": null,
            "inventory_turnover_ratio": null,
            "account_receivable_turnover_ratio": null,
            "reinvestment_rate": null,
            "research_to_sale_ratio": null,
            "price_fair": 0,
            "eps_avg_yearly": 0,
            "eps_latest_yearly": 0,
            "eps_growth_yearly": 0
        },
        "20082": {
            "year_quarter": 20082,
            "year": 2008,
            "quarter": 2,
            "eps": null,
            "eps_growth_year": null,
            "eps_4q": null,
            "eps_4q_growth_year": null,
            "roe": null,
            "roe_4q": 0,
            "gross_profit": null,
            "gross_margin": null,
            "gross_margin_4q_avg": 0,
            "net_income": null,
            "revenue": null,
            "common_shares": null,
            "book_valuer_per_share": null,
            "book_valuer_per_share_4q_avg": 2.9,
            "equity": null,
            "current_ratio": null,
            "debt_ratio": null,
            "inventory_turnover_ratio": null,
            "account_receivable_turnover_ratio": null,
            "reinvestment_rate": null,
            "research_to_sale_ratio": null,
            "price_fair": 0,
            "eps_avg_yearly": 0,
            "eps_latest_yearly": 0,
            "eps_growth_yearly": 0
        },
        "20083": {
            "year_quarter": 20083,
            "year": 2008,
            "quarter": 3,
            "eps": null,
            "eps_growth_year": null,
            "eps_4q": null,
            "eps_4q_growth_year": null,
            "roe": null,
            "roe_4q": 0,
            "gross_profit": null,
            "gross_margin": null,
            "gross_margin_4q_avg": 0,
            "net_income": null,
            "revenue": null,
            "common_shares": null,
            "book_valuer_per_share": null,
            "book_valuer_per_share_4q_avg": 2.9,
            "equity": null,
            "current_ratio": null,
            "debt_ratio": null,
            "inventory_turnover_ratio": null,
            "account_receivable_turnover_ratio": null,
            "reinvestment_rate": null,
            "research_to_sale_ratio": null,
            "price_fair": 0,
            "eps_avg_yearly": 0,
            "eps_latest_yearly": 0,
            "eps_growth_yearly": 0
        },
        "20084": {
            "year_quarter": 20084,
            "year": 2008,
            "quarter": 4,
            "eps": null,
            "eps_growth_year": null,
            "eps_4q": null,
            "eps_4q_growth_year": null,
            "roe": null,
            "roe_4q": 0,
            "gross_profit": null,
            "gross_margin": null,
            "gross_margin_4q_avg": 0,
            "net_income": null,
            "revenue": null,
            "common_shares": 160000,
            "book_valuer_per_share": 12.22,
            "book_valuer_per_share_4q_avg": 3.06,
            "equity": 195490,
            "current_ratio": 379.86,
            "debt_ratio": 33.96,
            "inventory_turnover_ratio": null,
            "account_receivable_turnover_ratio": null,
            "reinvestment_rate": null,
            "research_to_sale_ratio": null,
            "price_fair": 0,
            "eps_avg_yearly": 0,
            "eps_latest_yearly": 0,
            "eps_growth_yearly": 0
        },
        "20091": {
            "year_quarter": 20091,
            "year": 2009,
            "quarter": 1,
            "eps": null,
            "eps_growth_year": null,
            "eps_4q": null,
            "eps_4q_growth_year": null,
            "roe": null,
            "roe_4q": 0,
            "gross_profit": null,
            "gross_margin": null,
            "gross_margin_4q_avg": 0,
            "net_income": null,
            "revenue": null,
            "common_shares": null,
            "book_valuer_per_share": null,
            "book_valuer_per_share_4q_avg": 3.06,
            "equity": null,
            "current_ratio": null,
            "debt_ratio": null,
            "inventory_turnover_ratio": null,
            "account_receivable_turnover_ratio": null,
            "reinvestment_rate": null,
            "research_to_sale_ratio": null,
            "price_fair": 0,
            "eps_avg_yearly": 0,
            "eps_latest_yearly": 0,
            "eps_growth_yearly": 0
        },
        "20092": {
            "year_quarter": 20092,
            "year": 2009,
            "quarter": 2,
            "eps": null,
            "eps_growth_year": null,
            "eps_4q": null,
            "eps_4q_growth_year": null,
            "roe": null,
            "roe_4q": 0,
            "gross_profit": null,
            "gross_margin": null,
            "gross_margin_4q_avg": 0,
            "net_income": null,
            "revenue": null,
            "common_shares": null,
            "book_valuer_per_share": null,
            "book_valuer_per_share_4q_avg": 3.06,
            "equity": null,
            "current_ratio": null,
            "debt_ratio": null,
            "inventory_turnover_ratio": null,
            "account_receivable_turnover_ratio": null,
            "reinvestment_rate": null,
            "research_to_sale_ratio": null,
            "price_fair": 0,
            "eps_avg_yearly": 0,
            "eps_latest_yearly": 0,
            "eps_growth_yearly": 0
        },
        "20093": {
            "year_quarter": 20093,
            "year": 2009,
            "quarter": 3,
            "eps": null,
            "eps_growth_year": null,
            "eps_4q": null,
            "eps_4q_growth_year": null,
            "roe": null,
            "roe_4q": 0,
            "gross_profit": null,
            "gross_margin": null,
            "gross_margin_4q_avg": 0,
            "net_income": null,
            "revenue": null,
            "common_shares": null,
            "book_valuer_per_share": null,
            "book_valuer_per_share_4q_avg": 3.06,
            "equity": null,
            "current_ratio": null,
            "debt_ratio": null,
            "inventory_turnover_ratio": null,
            "account_receivable_turnover_ratio": null,
            "reinvestment_rate": null,
            "research_to_sale_ratio": null,
            "price_fair": 0,
            "eps_avg_yearly": 0,
            "eps_latest_yearly": 0,
            "eps_growth_yearly": 0
        },
        "20094": {
            "year_quarter": 20094,
            "year": 2009,
            "quarter": 4,
            "eps": null,
            "eps_growth_year": null,
            "eps_4q": null,
            "eps_4q_growth_year": null,
            "roe": null,
            "roe_4q": 0,
            "gross_profit": null,
            "gross_margin": null,
            "gross_margin_4q_avg": 0,
            "net_income": null,
            "revenue": null,
            "common_shares": 170000,
            "book_valuer_per_share": 15.03,
            "book_valuer_per_share_4q_avg": 3.76,
            "equity": 255532,
            "current_ratio": 270.66,
            "debt_ratio": 43.1,
            "inventory_turnover_ratio": null,
            "account_receivable_turnover_ratio": null,
            "reinvestment_rate": null,
            "research_to_sale_ratio": null,
            "price_fair": 0,
            "eps_avg_yearly": 0,
            "eps_latest_yearly": 0,
            "eps_growth_yearly": 0
        },
        "20101": {
            "year_quarter": 20101,
            "year": 2010,
            "quarter": 1,
            "eps": null,
            "eps_growth_year": null,
            "eps_4q": null,
            "eps_4q_growth_year": null,
            "roe": null,
            "roe_4q": 0,
            "gross_profit": null,
            "gross_margin": null,
            "gross_margin_4q_avg": 0,
            "net_income": null,
            "revenue": null,
            "common_shares": null,
            "book_valuer_per_share": null,
            "book_valuer_per_share_4q_avg": 3.76,
            "equity": null,
            "current_ratio": null,
            "debt_ratio": null,
            "inventory_turnover_ratio": null,
            "account_receivable_turnover_ratio": null,
            "reinvestment_rate": null,
            "research_to_sale_ratio": null,
            "price_fair": 0,
            "eps_avg_yearly": 0,
            "eps_latest_yearly": 0,
            "eps_growth_yearly": 0
        },
        "20102": {
            "year_quarter": 20102,
            "year": 2010,
            "quarter": 2,
            "eps": null,
            "eps_growth_year": null,
            "eps_4q": null,
            "eps_4q_growth_year": null,
            "roe": null,
            "roe_4q": 0,
            "gross_profit": null,
            "gross_margin": null,
            "gross_margin_4q_avg": 0,
            "net_income": null,
            "revenue": null,
            "common_shares": null,
            "book_valuer_per_share": null,
            "book_valuer_per_share_4q_avg": 3.76,
            "equity": null,
            "current_ratio": null,
            "debt_ratio": null,
            "inventory_turnover_ratio": null,
            "account_receivable_turnover_ratio": null,
            "reinvestment_rate": null,
            "research_to_sale_ratio": null,
            "price_fair": 0,
            "eps_avg_yearly": 0,
            "eps_latest_yearly": 0,
            "eps_growth_yearly": 0
        },
        "20103": {
            "year_quarter": 20103,
            "year": 2010,
            "quarter": 3,
            "eps": null,
            "eps_growth_year": null,
            "eps_4q": null,
            "eps_4q_growth_year": null,
            "roe": null,
            "roe_4q": 0,
            "gross_profit": null,
            "gross_margin": null,
            "gross_margin_4q_avg": 0,
            "net_income": null,
            "revenue": null,
            "common_shares": null,
            "book_valuer_per_share": null,
            "book_valuer_per_share_4q_avg": 3.76,
            "equity": null,
            "current_ratio": null,
            "debt_ratio": null,
            "inventory_turnover_ratio": null,
            "account_receivable_turnover_ratio": null,
            "reinvestment_rate": null,
            "research_to_sale_ratio": null,
            "price_fair": 0,
            "eps_avg_yearly": 0,
            "eps_latest_yearly": 0,
            "eps_growth_yearly": 0
        },
        "20104": {
            "year_quarter": 20104,
            "year": 2010,
            "quarter": 4,
            "eps": null,
            "eps_growth_year": null,
            "eps_4q": null,
            "eps_4q_growth_year": null,
            "roe": null,
            "roe_4q": 0,
            "gross_profit": null,
            "gross_margin": null,
            "gross_margin_4q_avg": 0,
            "net_income": null,
            "revenue": null,
            "common_shares": 255860,
            "book_valuer_per_share": 19.37,
            "book_valuer_per_share_4q_avg": 4.84,
            "equity": 499981,
            "current_ratio": 271.53,
            "debt_ratio": 28.6,
            "inventory_turnover_ratio": null,
            "account_receivable_turnover_ratio": null,
            "reinvestment_rate": null,
            "research_to_sale_ratio": null,
            "price_fair": 0,
            "eps_avg_yearly": 0,
            "eps_latest_yearly": 0,
            "eps_growth_yearly": 0
        },
        "20111": {
            "year_quarter": 20111,
            "year": 2011,
            "quarter": 1,
            "eps": null,
            "eps_growth_year": null,
            "eps_4q": null,
            "eps_4q_growth_year": null,
            "roe": null,
            "roe_4q": 0,
            "gross_profit": null,
            "gross_margin": null,
            "gross_margin_4q_avg": 0,
            "net_income": null,
            "revenue": null,
            "common_shares": null,
            "book_valuer_per_share": null,
            "book_valuer_per_share_4q_avg": 4.84,
            "equity": null,
            "current_ratio": null,
            "debt_ratio": null,
            "inventory_turnover_ratio": null,
            "account_receivable_turnover_ratio": null,
            "reinvestment_rate": null,
            "research_to_sale_ratio": null,
            "price_fair": 0,
            "eps_avg_yearly": 0,
            "eps_latest_yearly": 0,
            "eps_growth_yearly": 0
        },
        "20112": {
            "year_quarter": 20112,
            "year": 2011,
            "quarter": 2,
            "eps": null,
            "eps_growth_year": null,
            "eps_4q": null,
            "eps_4q_growth_year": null,
            "roe": null,
            "roe_4q": 0,
            "gross_profit": null,
            "gross_margin": null,
            "gross_margin_4q_avg": 0,
            "net_income": null,
            "revenue": null,
            "common_shares": null,
            "book_valuer_per_share": null,
            "book_valuer_per_share_4q_avg": 4.84,
            "equity": null,
            "current_ratio": null,
            "debt_ratio": null,
            "inventory_turnover_ratio": null,
            "account_receivable_turnover_ratio": null,
            "reinvestment_rate": null,
            "research_to_sale_ratio": null,
            "price_fair": 0,
            "eps_avg_yearly": 0,
            "eps_latest_yearly": 0,
            "eps_growth_yearly": 0
        },
        "20113": {
            "year_quarter": 20113,
            "year": 2011,
            "quarter": 3,
            "eps": null,
            "eps_growth_year": null,
            "eps_4q": null,
            "eps_4q_growth_year": null,
            "roe": null,
            "roe_4q": 0,
            "gross_profit": null,
            "gross_margin": null,
            "gross_margin_4q_avg": 0,
            "net_income": null,
            "revenue": null,
            "common_shares": null,
            "book_valuer_per_share": null,
            "book_valuer_per_share_4q_avg": 4.84,
            "equity": null,
            "current_ratio": null,
            "debt_ratio": null,
            "inventory_turnover_ratio": null,
            "account_receivable_turnover_ratio": null,
            "reinvestment_rate": null,
            "research_to_sale_ratio": null,
            "price_fair": 0,
            "eps_avg_yearly": 0,
            "eps_latest_yearly": 0,
            "eps_growth_yearly": 0
        },
        "20114": {
            "year_quarter": 20114,
            "year": 2011,
            "quarter": 4,
            "eps": null,
            "eps_growth_year": null,
            "eps_4q": null,
            "eps_4q_growth_year": null,
            "roe": null,
            "roe_4q": 0,
            "gross_profit": null,
            "gross_margin": null,
            "gross_margin_4q_avg": 0,
            "net_income": null,
            "revenue": null,
            "common_shares": 393581,
            "book_valuer_per_share": 24.25,
            "book_valuer_per_share_4q_avg": 6.06,
            "equity": 954246,
            "current_ratio": 303.55,
            "debt_ratio": 26.98,
            "inventory_turnover_ratio": null,
            "account_receivable_turnover_ratio": null,
            "reinvestment_rate": null,
            "research_to_sale_ratio": null,
            "price_fair": 0,
            "eps_avg_yearly": 0,
            "eps_latest_yearly": 0,
            "eps_growth_yearly": 0
        },
        "20121": {
            "year_quarter": 20121,
            "year": 2012,
            "quarter": 1,
            "eps": null,
            "eps_growth_year": null,
            "eps_4q": null,
            "eps_4q_growth_year": null,
            "roe": null,
            "roe_4q": 0,
            "gross_profit": 178586,
            "gross_margin": null,
            "gross_margin_4q_avg": 0,
            "net_income": 76735,
            "revenue": 653966,
            "common_shares": 393581,
            "book_valuer_per_share": null,
            "book_valuer_per_share_4q_avg": 6.06,
            "equity": 1025781,
            "current_ratio": null,
            "debt_ratio": null,
            "inventory_turnover_ratio": null,
            "account_receivable_turnover_ratio": null,
            "reinvestment_rate": null,
            "research_to_sale_ratio": null,
            "price_fair": 0,
            "eps_avg_yearly": 0,
            "eps_latest_yearly": 0,
            "eps_growth_yearly": 0
        },
        "20122": {
            "year_quarter": 20122,
            "year": 2012,
            "quarter": 2,
            "eps": null,
            "eps_growth_year": null,
            "eps_4q": null,
            "eps_4q_growth_year": null,
            "roe": null,
            "roe_4q": 0,
            "gross_profit": 149453,
            "gross_margin": null,
            "gross_margin_4q_avg": 0,
            "net_income": 48534,
            "revenue": 586481,
            "common_shares": 474618,
            "book_valuer_per_share": null,
            "book_valuer_per_share_4q_avg": 6.06,
            "equity": 1012630,
            "current_ratio": null,
            "debt_ratio": null,
            "inventory_turnover_ratio": null,
            "account_receivable_turnover_ratio": null,
            "reinvestment_rate": null,
            "research_to_sale_ratio": null,
            "price_fair": 0,
            "eps_avg_yearly": 0,
            "eps_latest_yearly": 0,
            "eps_growth_yearly": 0
        },
        "20123": {
            "year_quarter": 20123,
            "year": 2012,
            "quarter": 3,
            "eps": null,
            "eps_growth_year": null,
            "eps_4q": null,
            "eps_4q_growth_year": null,
            "roe": null,
            "roe_4q": 0,
            "gross_profit": 149977,
            "gross_margin": null,
            "gross_margin_4q_avg": 0,
            "net_income": 49930,
            "revenue": 577257,
            "common_shares": 474618,
            "book_valuer_per_share": null,
            "book_valuer_per_share_4q_avg": 6.06,
            "equity": 1060256,
            "current_ratio": null,
            "debt_ratio": null,
            "inventory_turnover_ratio": null,
            "account_receivable_turnover_ratio": null,
            "reinvestment_rate": null,
            "research_to_sale_ratio": null,
            "price_fair": 0,
            "eps_avg_yearly": 0,
            "eps_latest_yearly": 0,
            "eps_growth_yearly": 0
        },
        "20124": {
            "year_quarter": 20124,
            "year": 2012,
            "quarter": 4,
            "eps": null,
            "eps_growth_year": null,
            "eps_4q": null,
            "eps_4q_growth_year": null,
            "roe": null,
            "roe_4q": 0,
            "gross_profit": 152502,
            "gross_margin": null,
            "gross_margin_4q_avg": 0,
            "net_income": 64997,
            "revenue": 553191,
            "common_shares": 474618,
            "book_valuer_per_share": 23.69,
            "book_valuer_per_share_4q_avg": 5.92,
            "equity": 1124277,
            "current_ratio": 421.31,
            "debt_ratio": 20.41,
            "inventory_turnover_ratio": null,
            "account_receivable_turnover_ratio": null,
            "reinvestment_rate": null,
            "research_to_sale_ratio": null,
            "price_fair": 0,
            "eps_avg_yearly": 0,
            "eps_latest_yearly": 0,
            "eps_growth_yearly": 0
        },
        "20131": {
            "year_quarter": 20131,
            "year": 2013,
            "quarter": 1,
            "eps": 1.74,
            "eps_growth_year": null,
            "eps_4q": 1.74,
            "eps_4q_growth_year": null,
            "roe": 7.08,
            "roe_4q": 7.08,
            "gross_profit": 172870,
            "gross_margin": 28.92,
            "gross_margin_4q_avg": 7.23,
            "net_income": 82602,
            "revenue": 597743,
            "common_shares": 474618,
            "book_valuer_per_share": 25.44,
            "book_valuer_per_share_4q_avg": 12.28,
            "equity": 1207647,
            "current_ratio": 411.93,
            "debt_ratio": 21.05,
            "inventory_turnover_ratio": 1.26,
            "account_receivable_turnover_ratio": 1.89,
            "reinvestment_rate": null,
            "research_to_sale_ratio": 1.32,
            "price_fair": 0,
            "eps_avg_yearly": 0,
            "eps_latest_yearly": 0,
            "eps_growth_yearly": 0
        },
        "20132": {
            "year_quarter": 20132,
            "year": 2013,
            "quarter": 2,
            "eps": 1.57,
            "eps_growth_year": null,
            "eps_4q": 3.15,
            "eps_4q_growth_year": null,
            "roe": 6.33,
            "roe_4q": 13.41,
            "gross_profit": 187297,
            "gross_margin": 25.54,
            "gross_margin_4q_avg": 13.62,
            "net_income": 74305,
            "revenue": 733355,
            "common_shares": 474618,
            "book_valuer_per_share": 24.02,
            "book_valuer_per_share_4q_avg": 18.29,
            "equity": 1139964,
            "current_ratio": 255.32,
            "debt_ratio": 33.69,
            "inventory_turnover_ratio": 1.27,
            "account_receivable_turnover_ratio": 2.3,
            "reinvestment_rate": null,
            "research_to_sale_ratio": 1.15,
            "price_fair": 18.84,
            "eps_avg_yearly": 6.28,
            "eps_latest_yearly": 6.28,
            "eps_growth_yearly": -39.08
        },
        "20133": {
            "year_quarter": 20133,
            "year": 2013,
            "quarter": 3,
            "eps": 1.22,
            "eps_growth_year": null,
            "eps_4q": 4.37,
            "eps_4q_growth_year": null,
            "roe": 5.21,
            "roe_4q": 18.619999999999997,
            "gross_profit": 167584,
            "gross_margin": 22.09,
            "gross_margin_4q_avg": 19.14,
            "net_income": 60902,
            "revenue": 758767,
            "common_shares": 498349,
            "book_valuer_per_share": 24.07,
            "book_valuer_per_share_4q_avg": 24.31,
            "equity": 1199366,
            "current_ratio": 338.59,
            "debt_ratio": 21.99,
            "inventory_turnover_ratio": 1.31,
            "account_receivable_turnover_ratio": 2.12,
            "reinvestment_rate": null,
            "research_to_sale_ratio": 1.46,
            "price_fair": 16.74,
            "eps_avg_yearly": 5.58,
            "eps_latest_yearly": 4.88,
            "eps_growth_yearly": -64.13
        },
        "20134": {
            "year_quarter": 20134,
            "year": 2013,
            "quarter": 4,
            "eps": 1.24,
            "eps_growth_year": null,
            "eps_4q": 5.21,
            "eps_4q_growth_year": null,
            "roe": 4.88,
            "roe_4q": 23.5,
            "gross_profit": 187680,
            "gross_margin": 26.55,
            "gross_margin_4q_avg": 25.78,
            "net_income": 67814,
            "revenue": 706939,
            "common_shares": 548039,
            "book_valuer_per_share": 28.81,
            "book_valuer_per_share_4q_avg": 25.59,
            "equity": 1579479,
            "current_ratio": 251.65,
            "debt_ratio": 23.77,
            "inventory_turnover_ratio": 1.3,
            "account_receivable_turnover_ratio": 1.99,
            "reinvestment_rate": null,
            "research_to_sale_ratio": 1.72,
            "price_fair": 16.12,
            "eps_avg_yearly": 5.37,
            "eps_latest_yearly": 4.96,
            "eps_growth_yearly": -40.57
        },
        "20141": {
            "year_quarter": 20141,
            "year": 2014,
            "quarter": 1,
            "eps": 1.67,
            "eps_growth_year": -4.02,
            "eps_4q": 5.38,
            "eps_4q_growth_year": 208.95,
            "roe": 5.63,
            "roe_4q": 22.049999999999997,
            "gross_profit": 209316,
            "gross_margin": 28.2,
            "gross_margin_4q_avg": 25.6,
            "net_income": 91566,
            "revenue": 742178,
            "common_shares": 548039,
            "book_valuer_per_share": 30.53,
            "book_valuer_per_share_4q_avg": 26.86,
            "equity": 1673278,
            "current_ratio": 244.51,
            "debt_ratio": 25.39,
            "inventory_turnover_ratio": 1.15,
            "account_receivable_turnover_ratio": 2.07,
            "reinvestment_rate": null,
            "research_to_sale_ratio": 1.96,
            "price_fair": 81.25,
            "eps_avg_yearly": 5.7,
            "eps_latest_yearly": 6.68,
            "eps_growth_yearly": 4.25
        },
        "20142": {
            "year_quarter": 20142,
            "year": 2014,
            "quarter": 2,
            "eps": 2.05,
            "eps_growth_year": 30.57,
            "eps_4q": 5.62,
            "eps_4q_growth_year": 78.65,
            "roe": 6.85,
            "roe_4q": 22.57,
            "gross_profit": 203336,
            "gross_margin": 24.75,
            "gross_margin_4q_avg": 25.4,
            "net_income": 112500,
            "revenue": 821698,
            "common_shares": 548039,
            "book_valuer_per_share": 29.39,
            "book_valuer_per_share_4q_avg": 28.2,
            "equity": 1610912,
            "current_ratio": 193.65,
            "debt_ratio": 31.72,
            "inventory_turnover_ratio": 1.19,
            "account_receivable_turnover_ratio": 2.02,
            "reinvestment_rate": null,
            "research_to_sale_ratio": 1.74,
            "price_fair": 195.96,
            "eps_avg_yearly": 6.2,
            "eps_latest_yearly": 8.2,
            "eps_growth_yearly": 21.61
        },
        "20143": {
            "year_quarter": 20143,
            "year": 2014,
            "quarter": 3,
            "eps": 2.07,
            "eps_growth_year": 69.67,
            "eps_4q": 6.67,
            "eps_4q_growth_year": 52.57,
            "roe": 7.32,
            "roe_4q": 24.68,
            "gross_profit": 265465,
            "gross_margin": 27.93,
            "gross_margin_4q_avg": 26.86,
            "net_income": 122618,
            "revenue": 950314,
            "common_shares": 591882,
            "book_valuer_per_share": 29.36,
            "book_valuer_per_share_4q_avg": 29.52,
            "equity": 1737760,
            "current_ratio": 201.87,
            "debt_ratio": 32.06,
            "inventory_turnover_ratio": 1.19,
            "account_receivable_turnover_ratio": 1.99,
            "reinvestment_rate": null,
            "research_to_sale_ratio": 1.58,
            "price_fair": 187.6,
            "eps_avg_yearly": 6.55,
            "eps_latest_yearly": 8.28,
            "eps_growth_yearly": 18.66
        },
        "20144": {
            "year_quarter": 20144,
            "year": 2014,
            "quarter": 4,
            "eps": 3.05,
            "eps_growth_year": 146.28,
            "eps_4q": 8.57,
            "eps_4q_growth_year": 64.44,
            "roe": 9.46,
            "roe_4q": 29.26,
            "gross_profit": 312679,
            "gross_margin": 30.79,
            "gross_margin_4q_avg": 27.92,
            "net_income": 179757,
            "revenue": 1015495,
            "common_shares": 591882,
            "book_valuer_per_share": 32.72,
            "book_valuer_per_share_4q_avg": 30.5,
            "equity": 2061717,
            "current_ratio": 318.15,
            "debt_ratio": 21.94,
            "inventory_turnover_ratio": 1.13,
            "account_receivable_turnover_ratio": 2.05,
            "reinvestment_rate": null,
            "research_to_sale_ratio": 1.36,
            "price_fair": 257.4,
            "eps_avg_yearly": 7.35,
            "eps_latest_yearly": 12.2,
            "eps_growth_yearly": 43.04
        },
        "20151": {
            "year_quarter": 20151,
            "year": 2015,
            "quarter": 1,
            "eps": 1.84,
            "eps_growth_year": 10.18,
            "eps_4q": 8.87,
            "eps_4q_growth_year": 64.92,
            "roe": 4.76,
            "roe_4q": 28.39,
            "gross_profit": 270248,
            "gross_margin": 27.68,
            "gross_margin_4q_avg": 27.79,
            "net_income": 100539,
            "revenue": 976415,
            "common_shares": 591882,
            "book_valuer_per_share": 34.58,
            "book_valuer_per_share_4q_avg": 31.51,
            "equity": 2163368,
            "current_ratio": 315.6,
            "debt_ratio": 22.28,
            "inventory_turnover_ratio": 1.21,
            "account_receivable_turnover_ratio": 1.9,
            "reinvestment_rate": null,
            "research_to_sale_ratio": 2.04,
            "price_fair": 204.67,
            "eps_avg_yearly": 7.36,
            "eps_latest_yearly": 7.36,
            "eps_growth_yearly": 17.83
        },
        "20152": {
            "year_quarter": 20152,
            "year": 2015,
            "quarter": 2,
            "eps": 1.91,
            "eps_growth_year": -6.83,
            "eps_4q": 8.45,
            "eps_4q_growth_year": 50.21,
            "roe": 4.91,
            "roe_4q": 26.450000000000003,
            "gross_profit": 281812,
            "gross_margin": 26.79,
            "gross_margin_4q_avg": 28.3,
            "net_income": 102241,
            "revenue": 1051852,
            "common_shares": 591882,
            "book_valuer_per_share": 32.01,
            "book_valuer_per_share_4q_avg": 32.17,
            "equity": 2000378,
            "current_ratio": 208.77,
            "debt_ratio": 32.72,
            "inventory_turnover_ratio": 1.34,
            "account_receivable_turnover_ratio": 1.79,
            "reinvestment_rate": null,
            "research_to_sale_ratio": 2.02,
            "price_fair": 203.41,
            "eps_avg_yearly": 7.39,
            "eps_latest_yearly": 7.64,
            "eps_growth_yearly": 17.54
        },
        "20153": {
            "year_quarter": 20153,
            "year": 2015,
            "quarter": 3,
            "eps": 2.84,
            "eps_growth_year": 37.2,
            "eps_4q": 9.31,
            "eps_4q_growth_year": 39.68,
            "roe": 7.96,
            "roe_4q": 27.090000000000003,
            "gross_profit": 326676,
            "gross_margin": 27.26,
            "gross_margin_4q_avg": 28.13,
            "net_income": 166125,
            "revenue": 1198571,
            "common_shares": 621476,
            "book_valuer_per_share": 33.48,
            "book_valuer_per_share_4q_avg": 33.2,
            "equity": 2176108,
            "current_ratio": 257.15,
            "debt_ratio": 28.14,
            "inventory_turnover_ratio": 1.49,
            "account_receivable_turnover_ratio": 1.82,
            "reinvestment_rate": null,
            "research_to_sale_ratio": 1.6,
            "price_fair": 272.44,
            "eps_avg_yearly": 7.78,
            "eps_latest_yearly": 11.36,
            "eps_growth_yearly": 35.26
        },
        "20154": {
            "year_quarter": 20154,
            "year": 2015,
            "quarter": 4,
            "eps": 2.61,
            "eps_growth_year": -14.45,
            "eps_4q": 9.02,
            "eps_4q_growth_year": 5.23,
            "roe": 6.71,
            "roe_4q": 24.339999999999996,
            "gross_profit": 329774,
            "gross_margin": 28.45,
            "gross_margin_4q_avg": 27.55,
            "net_income": 151779,
            "revenue": 1159147,
            "common_shares": 621476,
            "book_valuer_per_share": 36.41,
            "book_valuer_per_share_4q_avg": 34.12,
            "equity": 2348611,
            "current_ratio": 353.49,
            "debt_ratio": 33.9,
            "inventory_turnover_ratio": 1.35,
            "account_receivable_turnover_ratio": 1.76,
            "reinvestment_rate": 40.64,
            "research_to_sale_ratio": 1.78,
            "price_fair": 280.89,
            "eps_avg_yearly": 8.03,
            "eps_latest_yearly": 10.44,
            "eps_growth_yearly": 29.11
        },
        "20161": {
            "year_quarter": 20161,
            "year": 2016,
            "quarter": 1,
            "eps": 2.04,
            "eps_growth_year": 10.87,
            "eps_4q": 9.24,
            "eps_4q_growth_year": 4.26,
            "roe": 4.82,
            "roe_4q": 24.400000000000002,
            "gross_profit": 322635,
            "gross_margin": 29.54,
            "gross_margin_4q_avg": 28.01,
            "net_income": 116714,
            "revenue": 1092112,
            "common_shares": 625446,
            "book_valuer_per_share": 38.58,
            "book_valuer_per_share_4q_avg": 35.12,
            "equity": 2494076,
            "current_ratio": 362.19,
            "debt_ratio": 33.07,
            "inventory_turnover_ratio": 1.15,
            "account_receivable_turnover_ratio": 1.82,
            "reinvestment_rate": 49.49,
            "research_to_sale_ratio": 2.68,
            "price_fair": 236.31,
            "eps_avg_yearly": 8.04,
            "eps_latest_yearly": 8.16,
            "eps_growth_yearly": 19.4
        },
        "20162": {
            "year_quarter": 20162,
            "year": 2016,
            "quarter": 2,
            "eps": 1.5,
            "eps_growth_year": -21.47,
            "eps_4q": 8.51,
            "eps_4q_growth_year": 0.72,
            "roe": 3.35,
            "roe_4q": 22.84,
            "gross_profit": 292277,
            "gross_margin": 27.88,
            "gross_margin_4q_avg": 28.28,
            "net_income": 80251,
            "revenue": 1048276,
            "common_shares": 625966,
            "book_valuer_per_share": 35.64,
            "book_valuer_per_share_4q_avg": 36.03,
            "equity": 2298709,
            "current_ratio": 290.18,
            "debt_ratio": 37.31,
            "inventory_turnover_ratio": 1.14,
            "account_receivable_turnover_ratio": 1.78,
            "reinvestment_rate": 48,
            "research_to_sale_ratio": 3.37,
            "price_fair": 155.76,
            "eps_avg_yearly": 7.88,
            "eps_latest_yearly": 6,
            "eps_growth_yearly": 9.77
        },
        "20163": {
            "year_quarter": 20163,
            "year": 2016,
            "quarter": 3,
            "eps": 1.63,
            "eps_growth_year": -42.61,
            "eps_4q": 7.44,
            "eps_4q_growth_year": -20.14,
            "roe": 3.85,
            "roe_4q": 18.73,
            "gross_profit": 325937,
            "gross_margin": 27.63,
            "gross_margin_4q_avg": 28.38,
            "net_income": 90723,
            "revenue": 1179637,
            "common_shares": 658305,
            "book_valuer_per_share": 35.58,
            "book_valuer_per_share_4q_avg": 36.55,
            "equity": 2417459,
            "current_ratio": 339.69,
            "debt_ratio": 34.03,
            "inventory_turnover_ratio": 1.21,
            "account_receivable_turnover_ratio": 1.87,
            "reinvestment_rate": 51.17,
            "research_to_sale_ratio": 3.03,
            "price_fair": 167.68,
            "eps_avg_yearly": 7.78,
            "eps_latest_yearly": 6.52,
            "eps_growth_yearly": 11.55
        },
        "20164": {
            "year_quarter": 20164,
            "year": 2016,
            "quarter": 4,
            "eps": 2.06,
            "eps_growth_year": -20.91,
            "eps_4q": 7.03,
            "eps_4q_growth_year": -22.05,
            "roe": 4.66,
            "roe_4q": 16.68,
            "gross_profit": 323475,
            "gross_margin": 24.4,
            "gross_margin_4q_avg": 27.36,
            "net_income": 118196,
            "revenue": 1325501,
            "common_shares": 659410,
            "book_valuer_per_share": 37.85,
            "book_valuer_per_share_4q_avg": 36.91,
            "equity": 2652579,
            "current_ratio": 282.48,
            "debt_ratio": 37.28,
            "inventory_turnover_ratio": 1.2,
            "account_receivable_turnover_ratio": 1.84,
            "reinvestment_rate": 42.62,
            "research_to_sale_ratio": 2.77,
            "price_fair": 217.29,
            "eps_avg_yearly": 7.81,
            "eps_latest_yearly": 8.24,
            "eps_growth_yearly": 17.81
        },
        "20171": {
            "year_quarter": 20171,
            "year": 2017,
            "quarter": 1,
            "eps": 1.62,
            "eps_growth_year": -20.59,
            "eps_4q": 6.69,
            "eps_4q_growth_year": -27.68,
            "roe": 3.16,
            "roe_4q": 15.02,
            "gross_profit": 353253,
            "gross_margin": 25.15,
            "gross_margin_4q_avg": 26.27,
            "net_income": 85395,
            "revenue": 1404353,
            "common_shares": 663945,
            "book_valuer_per_share": 39.47,
            "book_valuer_per_share_4q_avg": 37.14,
            "equity": 2755048,
            "current_ratio": 347.78,
            "debt_ratio": 32.69,
            "inventory_turnover_ratio": 1.14,
            "account_receivable_turnover_ratio": 1.82,
            "reinvestment_rate": 48.68,
            "research_to_sale_ratio": 2.77,
            "price_fair": 165.09,
            "eps_avg_yearly": 7.73,
            "eps_latest_yearly": 6.48,
            "eps_growth_yearly": 11.36
        },
        "20172": {
            "year_quarter": 20172,
            "year": 2017,
            "quarter": 2,
            "eps": 2.88,
            "eps_growth_year": 92,
            "eps_4q": 7.76,
            "eps_4q_growth_year": -8.86,
            "roe": 6.49,
            "roe_4q": 18.16,
            "gross_profit": 439126,
            "gross_margin": 26.87,
            "gross_margin_4q_avg": 26.01,
            "net_income": 172641,
            "revenue": 1634038,
            "common_shares": 665205,
            "book_valuer_per_share": 38.42,
            "book_valuer_per_share_4q_avg": 37.83,
            "equity": 2561787,
            "current_ratio": 184.44,
            "debt_ratio": 37.4,
            "inventory_turnover_ratio": 1.4,
            "account_receivable_turnover_ratio": 1.88,
            "reinvestment_rate": 45.08,
            "research_to_sale_ratio": 2.3,
            "price_fair": 282.01,
            "eps_avg_yearly": 8.06,
            "eps_latest_yearly": 11.52,
            "eps_growth_yearly": 33.24
        },
        "20173": {
            "year_quarter": 20173,
            "year": 2017,
            "quarter": 3,
            "eps": 3.39,
            "eps_growth_year": 107.98,
            "eps_4q": 9.36,
            "eps_4q_growth_year": 25.85,
            "roe": 8.71,
            "roe_4q": 23.02,
            "gross_profit": 500594,
            "gross_margin": 30.05,
            "gross_margin_4q_avg": 26.62,
            "net_income": 241808,
            "revenue": 1665978,
            "common_shares": 720073,
            "book_valuer_per_share": 41.42,
            "book_valuer_per_share_4q_avg": 39.29,
            "equity": 2991187,
            "current_ratio": 214.23,
            "debt_ratio": 32.72,
            "inventory_turnover_ratio": 1.3,
            "account_receivable_turnover_ratio": 1.79,
            "reinvestment_rate": 40.45,
            "research_to_sale_ratio": 1.42,
            "price_fair": 301,
            "eps_avg_yearly": 8.6,
            "eps_latest_yearly": 13.56,
            "eps_growth_yearly": 43.24
        },
        "20174": {
            "year_quarter": 20174,
            "year": 2017,
            "quarter": 4,
            "eps": 3.11,
            "eps_growth_year": 50.79,
            "eps_4q": 10.39,
            "eps_4q_growth_year": 47.84,
            "roe": 7.26,
            "roe_4q": 25.62,
            "gross_profit": 480728,
            "gross_margin": 26.13,
            "gross_margin_4q_avg": 27.05,
            "net_income": 231017,
            "revenue": 1839837,
            "common_shares": 738791,
            "book_valuer_per_share": 45.55,
            "book_valuer_per_share_4q_avg": 41.22,
            "equity": 3375062,
            "current_ratio": 256.01,
            "debt_ratio": 27.25,
            "inventory_turnover_ratio": 1.27,
            "account_receivable_turnover_ratio": 1.96,
            "reinvestment_rate": 11.21,
            "research_to_sale_ratio": 1.33,
            "price_fair": 317.36,
            "eps_avg_yearly": 9.07,
            "eps_latest_yearly": 12.44,
            "eps_growth_yearly": 40.77
        },
        "20181": {
            "year_quarter": 20181,
            "year": 2018,
            "quarter": 1,
            "eps": 3.33,
            "eps_growth_year": 105.56,
            "eps_4q": 12.12,
            "eps_4q_growth_year": 81.2,
            "roe": 7.08,
            "roe_4q": 29.54,
            "gross_profit": 523794,
            "gross_margin": 26.02,
            "gross_margin_4q_avg": 27.27,
            "net_income": 249123,
            "revenue": 2013135,
            "common_shares": 749811,
            "book_valuer_per_share": 48.76,
            "book_valuer_per_share_4q_avg": 43.54,
            "equity": 3666885,
            "current_ratio": 279.36,
            "debt_ratio": 24.32,
            "inventory_turnover_ratio": 1.32,
            "account_receivable_turnover_ratio": 1.96,
            "reinvestment_rate": 14.62,
            "research_to_sale_ratio": 1.23,
            "price_fair": 331.89,
            "eps_avg_yearly": 9.48,
            "eps_latest_yearly": 13.32,
            "eps_growth_yearly": 33.87
        },
        "20182": {
            "year_quarter": 20182,
            "year": 2018,
            "quarter": 2,
            "eps": 3.28,
            "eps_growth_year": 13.89,
            "eps_4q": 12.36,
            "eps_4q_growth_year": 59.36,
            "roe": 6.82,
            "roe_4q": 29.87,
            "gross_profit": 499624,
            "gross_margin": 24.38,
            "gross_margin_4q_avg": 26.65,
            "net_income": 245682,
            "revenue": 2049205,
            "common_shares": 755408,
            "book_valuer_per_share": 46.73,
            "book_valuer_per_share_4q_avg": 45.62,
            "equity": 3542324,
            "current_ratio": 192.51,
            "debt_ratio": 36.94,
            "inventory_turnover_ratio": 1.32,
            "account_receivable_turnover_ratio": 1.8,
            "reinvestment_rate": 17.15,
            "research_to_sale_ratio": 1.3,
            "price_fair": 342.65,
            "eps_avg_yearly": 9.79,
            "eps_latest_yearly": 13.12,
            "eps_growth_yearly": 27.81
        },
        "20183": {
            "year_quarter": 20183,
            "year": 2018,
            "quarter": 3,
            "eps": 2.38,
            "eps_growth_year": -29.79,
            "eps_4q": 11.62,
            "eps_4q_growth_year": 24.13,
            "roe": 5.14,
            "roe_4q": 26.299999999999997,
            "gross_profit": 478297,
            "gross_margin": 23.89,
            "gross_margin_4q_avg": 25.11,
            "net_income": 187631,
            "revenue": 2002431,
            "common_shares": 780866,
            "book_valuer_per_share": 47.89,
            "book_valuer_per_share_4q_avg": 47.23,
            "equity": 3754228,
            "current_ratio": 241.16,
            "debt_ratio": 28.18,
            "inventory_turnover_ratio": 1.36,
            "account_receivable_turnover_ratio": 1.64,
            "reinvestment_rate": 20.02,
            "research_to_sale_ratio": 1.55,
            "price_fair": 302.95,
            "eps_avg_yearly": 9.87,
            "eps_latest_yearly": 9.52,
            "eps_growth_yearly": 20.7
        },
        "20184": {
            "year_quarter": 20184,
            "year": 2018,
            "quarter": 4,
            "eps": 2.12,
            "eps_growth_year": -31.91,
            "eps_4q": 10.79,
            "eps_4q_growth_year": 3.77,
            "roe": 4.38,
            "roe_4q": 23.42,
            "gross_profit": 438751,
            "gross_margin": 24.36,
            "gross_margin_4q_avg": 24.66,
            "net_income": 168014,
            "revenue": 1801479,
            "common_shares": 781661,
            "book_valuer_per_share": 49.89,
            "book_valuer_per_share_4q_avg": 48.32,
            "equity": 3916452,
            "current_ratio": 304.66,
            "debt_ratio": 24.25,
            "inventory_turnover_ratio": 1.54,
            "account_receivable_turnover_ratio": 1.6,
            "reinvestment_rate": 20.15,
            "research_to_sale_ratio": 1.97,
            "price_fair": 155.46,
            "eps_avg_yearly": 9.64,
            "eps_latest_yearly": 8.48,
            "eps_growth_yearly": 6.13
        },
        "20191": {
            "year_quarter": 20191,
            "year": 2019,
            "quarter": 1,
            "eps": 3.24,
            "eps_growth_year": -2.7,
            "eps_4q": 10.85,
            "eps_4q_growth_year": -10.4,
            "roe": 6.3,
            "roe_4q": 22.64,
            "gross_profit": 587876,
            "gross_margin": 30.55,
            "gross_margin_4q_avg": 25.8,
            "net_income": 254732,
            "revenue": 1924527,
            "common_shares": 781661,
            "book_valuer_per_share": 53.19,
            "book_valuer_per_share_4q_avg": 49.43,
            "equity": 4175980,
            "current_ratio": 321.38,
            "debt_ratio": 25.58,
            "inventory_turnover_ratio": 2.02,
            "account_receivable_turnover_ratio": 1.86,
            "reinvestment_rate": 17.19,
            "research_to_sale_ratio": 1.77,
            "price_fair": 349.48,
            "eps_avg_yearly": 9.99,
            "eps_latest_yearly": 12.96,
            "eps_growth_yearly": 29.26
        },
        "20192": {
            "year_quarter": 20192,
            "year": 2019,
            "quarter": 2,
            "eps": 3.06,
            "eps_growth_year": -6.71,
            "eps_4q": 10.58,
            "eps_4q_growth_year": -14.38,
            "roe": 5.97,
            "roe_4q": 21.79,
            "gross_profit": 546615,
            "gross_margin": 32.32,
            "gross_margin_4q_avg": 27.78,
            "net_income": 242701,
            "revenue": 1691087,
            "common_shares": 781661,
            "book_valuer_per_share": 50.34,
            "book_valuer_per_share_4q_avg": 50.33,
            "equity": 3958471,
            "current_ratio": 239.72,
            "debt_ratio": 31.7,
            "inventory_turnover_ratio": 1.87,
            "account_receivable_turnover_ratio": 1.69,
            "reinvestment_rate": 14.8,
            "research_to_sale_ratio": 2.12,
            "price_fair": 359.54,
            "eps_avg_yearly": 10.27,
            "eps_latest_yearly": 12.24,
            "eps_growth_yearly": 26.92
        },
        "20193": {
            "year_quarter": 20193,
            "year": 2019,
            "quarter": 3,
            "eps": 3.66,
            "eps_growth_year": 53.78,
            "eps_4q": 11.92,
            "eps_4q_growth_year": 2.55,
            "roe": 7.22,
            "roe_4q": 23.869999999999997,
            "gross_profit": 610174,
            "gross_margin": 31.83,
            "gross_margin_4q_avg": 29.77,
            "net_income": 296769,
            "revenue": 1917144,
            "common_shares": 797294,
            "book_valuer_per_share": 53.06,
            "book_valuer_per_share_4q_avg": 51.62,
            "equity": 4258538,
            "current_ratio": 309.17,
            "debt_ratio": 25,
            "inventory_turnover_ratio": 1.88,
            "account_receivable_turnover_ratio": 1.82,
            "reinvestment_rate": 12.72,
            "research_to_sale_ratio": 2.02,
            "price_fair": 310.65,
            "eps_avg_yearly": 10.48,
            "eps_latest_yearly": 14.64,
            "eps_growth_yearly": 19.65
        },
        "20194": {
            "year_quarter": 20194,
            "year": 2019,
            "quarter": 4,
            "eps": 2.88,
            "eps_growth_year": 36.02,
            "eps_4q": 12.72,
            "eps_4q_growth_year": 17.94,
            "roe": 5.37,
            "roe_4q": 24.86,
            "gross_profit": 573111,
            "gross_margin": 31.34,
            "gross_margin_4q_avg": 31.51,
            "net_income": 234997,
            "revenue": 1828907,
            "common_shares": 797294,
            "book_valuer_per_share": 55.96,
            "book_valuer_per_share_4q_avg": 53.14,
            "equity": 4495020,
            "current_ratio": 381.32,
            "debt_ratio": 20.41,
            "inventory_turnover_ratio": 1.63,
            "account_receivable_turnover_ratio": 1.72,
            "reinvestment_rate": 14.2,
            "research_to_sale_ratio": 2.16,
            "price_fair": 277.82,
            "eps_avg_yearly": 10.55,
            "eps_latest_yearly": 11.52,
            "eps_growth_yearly": 16.35
        },
        "20201": {
            "year_quarter": 20201,
            "year": 2020,
            "quarter": 1,
            "eps": 3.96,
            "eps_growth_year": 22.22,
            "eps_4q": 13.51,
            "eps_4q_growth_year": 24.43,
            "roe": 6.82,
            "roe_4q": 25.38,
            "gross_profit": 626189,
            "gross_margin": 30.81,
            "gross_margin_4q_avg": 31.58,
            "net_income": 317763,
            "revenue": 2032575,
            "common_shares": 797294,
            "book_valuer_per_share": 59.99,
            "book_valuer_per_share_4q_avg": 54.84,
            "equity": 4818575,
            "current_ratio": 373.29,
            "debt_ratio": 21.32,
            "inventory_turnover_ratio": 1.62,
            "account_receivable_turnover_ratio": 1.77,
            "reinvestment_rate": 13.13,
            "research_to_sale_ratio": 1.87,
            "price_fair": 385.88,
            "eps_avg_yearly": 11.03,
            "eps_latest_yearly": 15.84,
            "eps_growth_yearly": 31.18
        },
        "20202": {
            "year_quarter": 20202,
            "year": 2020,
            "quarter": 2,
            "eps": 3.09,
            "eps_growth_year": 0.98,
            "eps_4q": 13.33,
            "eps_4q_growth_year": 25.94,
            "roe": 5.34,
            "roe_4q": 24.75,
            "gross_profit": 555448,
            "gross_margin": 28.98,
            "gross_margin_4q_avg": 30.74,
            "net_income": 248139,
            "revenue": 1916745,
            "common_shares": 797294,
            "book_valuer_per_share": 55.62,
            "book_valuer_per_share_4q_avg": 56.16,
            "equity": 4476219,
            "current_ratio": 283.56,
            "debt_ratio": 27.39,
            "inventory_turnover_ratio": 1.65,
            "account_receivable_turnover_ratio": 1.5,
            "reinvestment_rate": 13.5,
            "research_to_sale_ratio": 1.98,
            "price_fair": 399.79,
            "eps_avg_yearly": 11.42,
            "eps_latest_yearly": 12.36,
            "eps_growth_yearly": 32.31
        },
        "20203": {
            "year_quarter": 20203,
            "year": 2020,
            "quarter": 3,
            "eps": 2.39,
            "eps_growth_year": -34.7,
            "eps_4q": 12.12,
            "eps_4q_growth_year": 1.74,
            "roe": 4.27,
            "roe_4q": 21.8,
            "gross_profit": 493122,
            "gross_margin": 30.3,
            "gross_margin_4q_avg": 30.36,
            "net_income": 195432,
            "revenue": 1627205,
            "common_shares": 813240,
            "book_valuer_per_share": 56.99,
            "book_valuer_per_share_4q_avg": 57.14,
            "equity": 4679420,
            "current_ratio": 458.14,
            "debt_ratio": 18.54,
            "inventory_turnover_ratio": 1.73,
            "account_receivable_turnover_ratio": 1.45,
            "reinvestment_rate": 10.95,
            "research_to_sale_ratio": 2.46,
            "price_fair": 400.35,
            "eps_avg_yearly": 11.61,
            "eps_latest_yearly": 9.56,
            "eps_growth_yearly": 24.48
        },
        "20204": {
            "year_quarter": 20204,
            "year": 2020,
            "quarter": 4,
            "eps": 2.16,
            "eps_growth_year": -25.12,
            "eps_4q": 11.46,
            "eps_4q_growth_year": -9.94,
            "roe": 3.76,
            "roe_4q": 20.189999999999998,
            "gross_profit": 458968,
            "gross_margin": 29.13,
            "gross_margin_4q_avg": 29.81,
            "net_income": 179199,
            "revenue": 1575490,
            "common_shares": 813240,
            "book_valuer_per_share": 59.22,
            "book_valuer_per_share_4q_avg": 57.96,
            "equity": 4865061,
            "current_ratio": 385.04,
            "debt_ratio": 21.76,
            "inventory_turnover_ratio": 1.57,
            "account_receivable_turnover_ratio": 1.67,
            "reinvestment_rate": 10.43,
            "research_to_sale_ratio": 2.54,
            "price_fair": 296.47,
            "eps_avg_yearly": 11.64,
            "eps_latest_yearly": 8.64,
            "eps_growth_yearly": 15.48
        },
        "20211": {
            "year_quarter": 20211,
            "year": 2021,
            "quarter": 1,
            "eps": 3.17,
            "eps_growth_year": -19.95,
            "eps_4q": 10.62,
            "eps_4q_growth_year": -21.39,
            "roe": 5.17,
            "roe_4q": 18.54,
            "gross_profit": 551203,
            "gross_margin": 28.41,
            "gross_margin_4q_avg": 29.21,
            "net_income": 260926,
            "revenue": 1939920,
            "common_shares": 824590,
            "book_valuer_per_share": 62.85,
            "book_valuer_per_share_4q_avg": 58.67,
            "equity": 5233040,
            "current_ratio": 381.8,
            "debt_ratio": 22.31,
            "inventory_turnover_ratio": 1.55,
            "account_receivable_turnover_ratio": 1.86,
            "reinvestment_rate": 9.41,
            "research_to_sale_ratio": 2.09,
            "price_fair": 420.88,
            "eps_avg_yearly": 12.03,
            "eps_latest_yearly": 12.68,
            "eps_growth_yearly": 32.5
        },
        "20212": {
            "year_quarter": 20212,
            "year": 2021,
            "quarter": 2,
            "eps": 5.79,
            "eps_growth_year": 87.38,
            "eps_4q": 13.41,
            "eps_4q_growth_year": 0.64,
            "roe": 8.82,
            "roe_4q": 22.02,
            "gross_profit": 888150,
            "gross_margin": 30.78,
            "gross_margin_4q_avg": 29.66,
            "net_income": 483209,
            "revenue": 2885046,
            "common_shares": 825160,
            "book_valuer_per_share": 68.7,
            "book_valuer_per_share_4q_avg": 61.94,
            "equity": 5727440,
            "current_ratio": 353.94,
            "debt_ratio": 24.19,
            "inventory_turnover_ratio": 1.6,
            "account_receivable_turnover_ratio": 1.88,
            "reinvestment_rate": 8.62,
            "research_to_sale_ratio": 1.55,
            "price_fair": 446.34,
            "eps_avg_yearly": 12.75,
            "eps_latest_yearly": 23.16,
            "eps_growth_yearly": 33.72
        },
        "20213": {
            "year_quarter": 20213,
            "year": 2021,
            "quarter": 3,
            "eps": 6.46,
            "eps_growth_year": 170.29,
            "eps_4q": 17.5,
            "eps_4q_growth_year": 44.36,
            "roe": 9.45,
            "roe_4q": 27.199999999999996,
            "gross_profit": 975336,
            "gross_margin": 32.8,
            "gross_margin_4q_avg": 30.28,
            "net_income": 541643,
            "revenue": 2973845,
            "common_shares": 826280,
            "book_valuer_per_share": 68.54,
            "book_valuer_per_share_4q_avg": 64.83,
            "equity": 5730241,
            "current_ratio": 346.72,
            "debt_ratio": 24.29,
            "inventory_turnover_ratio": 1.24,
            "account_receivable_turnover_ratio": 1.59,
            "reinvestment_rate": 8.83,
            "research_to_sale_ratio": 1.7,
            "price_fair": 473.2,
            "eps_avg_yearly": 13.52,
            "eps_latest_yearly": 25.84,
            "eps_growth_yearly": 32.19
        },
        "20214": {
            "year_quarter": 20214,
            "year": 2021,
            "quarter": 4,
            "eps": 3.51,
            "eps_growth_year": 62.74,
            "eps_4q": 18.88,
            "eps_4q_growth_year": 64.81,
            "roe": 5.03,
            "roe_4q": 28.47,
            "gross_profit": 677529,
            "gross_margin": 28.27,
            "gross_margin_4q_avg": 30.07,
            "net_income": 296103,
            "revenue": 2396847,
            "common_shares": 826680,
            "book_valuer_per_share": 72.11,
            "book_valuer_per_share_4q_avg": 68.05,
            "equity": 6033510,
            "current_ratio": 326.16,
            "debt_ratio": 26.7,
            "inventory_turnover_ratio": 1.01,
            "account_receivable_turnover_ratio": 1.4,
            "reinvestment_rate": 10.22,
            "research_to_sale_ratio": 2.42,
            "price_fair": 447.24,
            "eps_avg_yearly": 13.62,
            "eps_latest_yearly": 14.04,
            "eps_growth_yearly": 22.84
        },
        "20221": {
            "year_quarter": 20221,
            "year": 2022,
            "quarter": 1,
            "eps": 4.64,
            "eps_growth_year": 46.37,
            "eps_4q": 20.15,
            "eps_4q_growth_year": 89.81,
            "roe": 6.2,
            "roe_4q": 29.5,
            "gross_profit": 735407,
            "gross_margin": 28.4,
            "gross_margin_4q_avg": 30.06,
            "net_income": 389376,
            "revenue": 2589737,
            "common_shares": 837225,
            "book_valuer_per_share": 77.14,
            "book_valuer_per_share_4q_avg": 71.62,
            "equity": 6534131,
            "current_ratio": 388.54,
            "debt_ratio": 25.16,
            "inventory_turnover_ratio": 1.07,
            "account_receivable_turnover_ratio": 1.63,
            "reinvestment_rate": 16.25,
            "research_to_sale_ratio": 2.73,
            "price_fair": 488.16,
            "eps_avg_yearly": 13.95,
            "eps_latest_yearly": 18.56,
            "eps_growth_yearly": 29.12
        },
        "20222": {
            "year_quarter": 20222,
            "year": 2022,
            "quarter": 2,
            "eps": 6.41,
            "eps_growth_year": 10.71,
            "eps_4q": 20.22,
            "eps_4q_growth_year": 50.76,
            "roe": 8.64,
            "roe_4q": 29.32,
            "gross_profit": 947502,
            "gross_margin": 33.05,
            "gross_margin_4q_avg": 30.63,
            "net_income": 547551,
            "revenue": 2866579,
            "common_shares": 838950,
            "book_valuer_per_share": 72.04,
            "book_valuer_per_share_4q_avg": 72.46,
            "equity": 6134060,
            "current_ratio": 284.71,
            "debt_ratio": 31.85,
            "inventory_turnover_ratio": 1.22,
            "account_receivable_turnover_ratio": 1.66,
            "reinvestment_rate": 14.57,
            "research_to_sale_ratio": 2.72,
            "price_fair": 515.55,
            "eps_avg_yearly": 14.73,
            "eps_latest_yearly": 25.64,
            "eps_growth_yearly": 39.03
        },
        "20223": {
            "year_quarter": 20223,
            "year": 2022,
            "quarter": 3,
            "eps": 6.28,
            "eps_growth_year": -2.79,
            "eps_4q": 20.3,
            "eps_4q_growth_year": 15.99,
            "roe": 8.63,
            "roe_4q": 28.500000000000004,
            "gross_profit": 914902,
            "gross_margin": 35.73,
            "gross_margin_4q_avg": 31.36,
            "net_income": 554198,
            "revenue": 2560341,
            "common_shares": 864706,
            "book_valuer_per_share": 76.47,
            "book_valuer_per_share_4q_avg": 74.44,
            "equity": 6713443,
            "current_ratio": 524.49,
            "debt_ratio": 20.45,
            "inventory_turnover_ratio": 1.27,
            "account_receivable_turnover_ratio": 1.47,
            "reinvestment_rate": 13.07,
            "research_to_sale_ratio": 3.47,
            "price_fair": 549.68,
            "eps_avg_yearly": 15.71,
            "eps_latest_yearly": 25.12,
            "eps_growth_yearly": 45.38
        },
        "20224": {
            "year_quarter": 20224,
            "year": 2022,
            "quarter": 4,
            "eps": 4.45,
            "eps_growth_year": 26.71,
            "eps_4q": 21.38,
            "eps_4q_growth_year": 13.21,
            "roe": 5.64,
            "roe_4q": 29.11,
            "gross_profit": 860807,
            "gross_margin": 37.65,
            "gross_margin_4q_avg": 33.71,
            "net_income": 390163,
            "revenue": 2286572,
            "common_shares": 865531,
            "book_valuer_per_share": 81.02,
            "book_valuer_per_share_4q_avg": 76.67,
            "equity": 7119437,
            "current_ratio": 393.12,
            "debt_ratio": 23.45,
            "inventory_turnover_ratio": 1.18,
            "account_receivable_turnover_ratio": 1.49,
            "reinvestment_rate": 13.03,
            "research_to_sale_ratio": 4.13,
            "price_fair": 570.06,
            "eps_avg_yearly": 16.29,
            "eps_latest_yearly": 17.8,
            "eps_growth_yearly": 40.83
        },
        "20231": {
            "year_quarter": 20231,
            "year": 2023,
            "quarter": 1,
            "eps": 4.02,
            "eps_growth_year": -13.36,
            "eps_4q": 20.91,
            "eps_4q_growth_year": 3.77,
            "roe": 4.78,
            "roe_4q": 27.69,
            "gross_profit": 814910,
            "gross_margin": 36.05,
            "gross_margin_4q_avg": 35.62,
            "net_income": 348943,
            "revenue": 2260206,
            "common_shares": 866666,
            "book_valuer_per_share": 85.19,
            "book_valuer_per_share_4q_avg": 78.68,
            "equity": 7490160,
            "current_ratio": 455.77,
            "debt_ratio": 19.59,
            "inventory_turnover_ratio": 1.29,
            "account_receivable_turnover_ratio": 1.59,
            "reinvestment_rate": 15.8,
            "research_to_sale_ratio": 4.3,
            "price_fair": 576.89,
            "eps_avg_yearly": 16.48,
            "eps_latest_yearly": 16.08,
            "eps_growth_yearly": 25.2
        },
        "20232": {
            "year_quarter": 20232,
            "year": 2023,
            "quarter": 2,
            "eps": 2.66,
            "eps_growth_year": -58.5,
            "eps_4q": 17.04,
            "eps_4q_growth_year": -15.7,
            "roe": 3.26,
            "roe_4q": 22.310000000000002,
            "gross_profit": 636105,
            "gross_margin": 32.95,
            "gross_margin_4q_avg": 35.6,
            "net_income": 229026,
            "revenue": 1930516,
            "common_shares": 866666,
            "book_valuer_per_share": 74.23,
            "book_valuer_per_share_4q_avg": 79.23,
            "equity": 6542828,
            "current_ratio": 255.43,
            "debt_ratio": 30.22,
            "inventory_turnover_ratio": 1.26,
            "account_receivable_turnover_ratio": 1.43,
            "reinvestment_rate": 23.07,
            "research_to_sale_ratio": 5.27,
            "price_fair": 460.93,
            "eps_avg_yearly": 16.38,
            "eps_latest_yearly": 10.64,
            "eps_growth_yearly": 18.14
        }
    },
    "months": {
        "2012-10": {
            "month": "2012-10",
            "price": "55.11",
            "revenue": 152321
        },
        "2012-11": {
            "month": "2012-11",
            "price": "46.42",
            "revenue": 178005
        },
        "2012-12": {
            "month": "2012-12",
            "price": "45.94",
            "revenue": 150648
        },
        "2013-01": {
            "month": "2013-01",
            "price": "51.53",
            "revenue": 208438
        },
        "2013-02": {
            "month": "2013-02",
            "price": "56.90",
            "revenue": 160407
        },
        "2013-03": {
            "month": "2013-03",
            "price": "55.80",
            "revenue": 229704
        },
        "2013-04": {
            "month": "2013-04",
            "price": "60.39",
            "revenue": 230260
        },
        "2013-05": {
            "month": "2013-05",
            "price": "59.78",
            "revenue": 252508
        },
        "2013-06": {
            "month": "2013-06",
            "price": "64.14",
            "revenue": 250911
        },
        "2013-07": {
            "month": "2013-07",
            "price": "70.01",
            "revenue": 261294
        },
        "2013-08": {
            "month": "2013-08",
            "price": "70.26",
            "revenue": 240962
        },
        "2013-09": {
            "month": "2013-09",
            "price": "73.53",
            "revenue": 255870
        },
        "2013-10": {
            "month": "2013-10",
            "price": "71.39",
            "revenue": 255213
        },
        "2013-11": {
            "month": "2013-11",
            "price": "62.53",
            "revenue": 248670
        },
        "2013-12": {
            "month": "2013-12",
            "price": "67.12",
            "revenue": 203023
        },
        "2014-01": {
            "month": "2014-01",
            "price": "72.54",
            "revenue": 257092
        },
        "2014-02": {
            "month": "2014-02",
            "price": "71.04",
            "revenue": 217645
        },
        "2014-03": {
            "month": "2014-03",
            "price": "69.86",
            "revenue": 267440
        },
        "2014-04": {
            "month": "2014-04",
            "price": "71.95",
            "revenue": 246310
        },
        "2014-05": {
            "month": "2014-05",
            "price": "76.76",
            "revenue": 274690
        },
        "2014-06": {
            "month": "2014-06",
            "price": "87.84",
            "revenue": 300767
        },
        "2014-07": {
            "month": "2014-07",
            "price": "92.34",
            "revenue": 344726
        },
        "2014-08": {
            "month": "2014-08",
            "price": "100.70",
            "revenue": 298166
        },
        "2014-09": {
            "month": "2014-09",
            "price": "94.11",
            "revenue": 307410
        },
        "2014-10": {
            "month": "2014-10",
            "price": "82.64",
            "revenue": 378097
        },
        "2014-11": {
            "month": "2014-11",
            "price": "84.92",
            "revenue": 340808
        },
        "2014-12": {
            "month": "2014-12",
            "price": "92.61",
            "revenue": 296604
        },
        "2015-01": {
            "month": "2015-01",
            "price": "91.69",
            "revenue": 361562
        },
        "2015-02": {
            "month": "2015-02",
            "price": "92.29",
            "revenue": 260854
        },
        "2015-03": {
            "month": "2015-03",
            "price": "109.87",
            "revenue": 353999
        },
        "2015-04": {
            "month": "2015-04",
            "price": "122.52",
            "revenue": 335668
        },
        "2015-05": {
            "month": "2015-05",
            "price": "109.88",
            "revenue": 403862
        },
        "2015-06": {
            "month": "2015-06",
            "price": "112.60",
            "revenue": 312320
        },
        "2015-07": {
            "month": "2015-07",
            "price": "97.19",
            "revenue": 383817
        },
        "2015-08": {
            "month": "2015-08",
            "price": "77.12",
            "revenue": 411680
        },
        "2015-09": {
            "month": "2015-09",
            "price": "81.98",
            "revenue": 403075
        },
        "2015-10": {
            "month": "2015-10",
            "price": "94.01",
            "revenue": 371324
        },
        "2015-11": {
            "month": "2015-11",
            "price": "96.12",
            "revenue": 395674
        },
        "2015-12": {
            "month": "2015-12",
            "price": "92.13",
            "revenue": 392148
        },
        "2016-01": {
            "month": "2016-01",
            "price": "85.39",
            "revenue": 380877
        },
        "2016-02": {
            "month": "2016-02",
            "price": "101.05",
            "revenue": 289033
        },
        "2016-03": {
            "month": "2016-03",
            "price": "113.96",
            "revenue": 422202
        },
        "2016-04": {
            "month": "2016-04",
            "price": "115.26",
            "revenue": 328552
        },
        "2016-05": {
            "month": "2016-05",
            "price": "102.60",
            "revenue": 376025
        },
        "2016-06": {
            "month": "2016-06",
            "price": "103.44",
            "revenue": 343701
        },
        "2016-07": {
            "month": "2016-07",
            "price": "105.00",
            "revenue": 387792
        },
        "2016-08": {
            "month": "2016-08",
            "price": "99.70",
            "revenue": 416802
        },
        "2016-09": {
            "month": "2016-09",
            "price": "91.95",
            "revenue": 375043
        },
        "2016-10": {
            "month": "2016-10",
            "price": "85.32",
            "revenue": 467912
        },
        "2016-11": {
            "month": "2016-11",
            "price": "81.64",
            "revenue": 441315
        },
        "2016-12": {
            "month": "2016-12",
            "price": "86.88",
            "revenue": 416302
        },
        "2017-01": {
            "month": "2017-01",
            "price": "84.40",
            "revenue": 445621
        },
        "2017-02": {
            "month": "2017-02",
            "price": "88.33",
            "revenue": 436274
        },
        "2017-03": {
            "month": "2017-03",
            "price": "93.11",
            "revenue": 522458
        },
        "2017-04": {
            "month": "2017-04",
            "price": "101.04",
            "revenue": 546423
        },
        "2017-05": {
            "month": "2017-05",
            "price": "107.08",
            "revenue": 543639
        },
        "2017-06": {
            "month": "2017-06",
            "price": "99.04",
            "revenue": 543561
        },
        "2017-07": {
            "month": "2017-07",
            "price": "100.86",
            "revenue": 555802
        },
        "2017-08": {
            "month": "2017-08",
            "price": "114.74",
            "revenue": 553509
        },
        "2017-09": {
            "month": "2017-09",
            "price": "110.39",
            "revenue": 557082
        },
        "2017-10": {
            "month": "2017-10",
            "price": "109.63",
            "revenue": 613594
        },
        "2017-11": {
            "month": "2017-11",
            "price": "128.48",
            "revenue": 716365
        },
        "2017-12": {
            "month": "2017-12",
            "price": "126.40",
            "revenue": 509878
        },
        "2018-01": {
            "month": "2018-01",
            "price": "120.93",
            "revenue": 729801
        },
        "2018-02": {
            "month": "2018-02",
            "price": "118.38",
            "revenue": 581099
        },
        "2018-03": {
            "month": "2018-03",
            "price": "124.70",
            "revenue": 702235
        },
        "2018-04": {
            "month": "2018-04",
            "price": "128.56",
            "revenue": 718135
        },
        "2018-05": {
            "month": "2018-05",
            "price": "149.91",
            "revenue": 679073
        },
        "2018-06": {
            "month": "2018-06",
            "price": "149.28",
            "revenue": 651997
        },
        "2018-07": {
            "month": "2018-07",
            "price": "140.55",
            "revenue": 683081
        },
        "2018-08": {
            "month": "2018-08",
            "price": "144.33",
            "revenue": 655727
        },
        "2018-09": {
            "month": "2018-09",
            "price": "124.97",
            "revenue": 663623
        },
        "2018-10": {
            "month": "2018-10",
            "price": "108.70",
            "revenue": 627352
        },
        "2018-11": {
            "month": "2018-11",
            "price": "103.50",
            "revenue": 670787
        },
        "2018-12": {
            "month": "2018-12",
            "price": "103.17",
            "revenue": 503340
        },
        "2019-01": {
            "month": "2019-01",
            "price": "101.95",
            "revenue": 748876
        },
        "2019-02": {
            "month": "2019-02",
            "price": "116.23",
            "revenue": 571404
        },
        "2019-03": {
            "month": "2019-03",
            "price": "120.40",
            "revenue": 604247
        },
        "2019-04": {
            "month": "2019-04",
            "price": "120.80",
            "revenue": 559778
        },
        "2019-05": {
            "month": "2019-05",
            "price": "115.32",
            "revenue": 564739
        },
        "2019-06": {
            "month": "2019-06",
            "price": "115.50",
            "revenue": 566568
        },
        "2019-07": {
            "month": "2019-07",
            "price": "122.30",
            "revenue": 597901
        },
        "2019-08": {
            "month": "2019-08",
            "price": "127.71",
            "revenue": 676545
        },
        "2019-09": {
            "month": "2019-09",
            "price": "139.92",
            "revenue": 642698
        },
        "2019-10": {
            "month": "2019-10",
            "price": "137.29",
            "revenue": 733630
        },
        "2019-11": {
            "month": "2019-11",
            "price": "147.43",
            "revenue": 598454
        },
        "2019-12": {
            "month": "2019-12",
            "price": "160.36",
            "revenue": 496821
        },
        "2020-01": {
            "month": "2020-01",
            "price": "179.13",
            "revenue": 661403
        },
        "2020-02": {
            "month": "2020-02",
            "price": "191.42",
            "revenue": 629417
        },
        "2020-03": {
            "month": "2020-03",
            "price": "159.32",
            "revenue": 741756
        },
        "2020-04": {
            "month": "2020-04",
            "price": "172.20",
            "revenue": 724402
        },
        "2020-05": {
            "month": "2020-05",
            "price": "184.72",
            "revenue": 623825
        },
        "2020-06": {
            "month": "2020-06",
            "price": "181.25",
            "revenue": 568518
        },
        "2020-07": {
            "month": "2020-07",
            "price": "183.89",
            "revenue": 584367
        },
        "2020-08": {
            "month": "2020-08",
            "price": "170.64",
            "revenue": 532725
        },
        "2020-09": {
            "month": "2020-09",
            "price": "154.36",
            "revenue": 510113
        },
        "2020-10": {
            "month": "2020-10",
            "price": "152.11",
            "revenue": 537806
        },
        "2020-11": {
            "month": "2020-11",
            "price": "158.40",
            "revenue": 548878
        },
        "2020-12": {
            "month": "2020-12",
            "price": "167.91",
            "revenue": 488806
        },
        "2021-01": {
            "month": "2021-01",
            "price": "167.10",
            "revenue": 609013
        },
        "2021-02": {
            "month": "2021-02",
            "price": "164.81",
            "revenue": 529034
        },
        "2021-03": {
            "month": "2021-03",
            "price": "167.61",
            "revenue": 801873
        },
        "2021-04": {
            "month": "2021-04",
            "price": "179.11",
            "revenue": 857087
        },
        "2021-05": {
            "month": "2021-05",
            "price": "169.12",
            "revenue": 978982
        },
        "2021-06": {
            "month": "2021-06",
            "price": "181.29",
            "revenue": 1048977
        },
        "2021-07": {
            "month": "2021-07",
            "price": "212.61",
            "revenue": 1103400
        },
        "2021-08": {
            "month": "2021-08",
            "price": "230.59",
            "revenue": 929788
        },
        "2021-09": {
            "month": "2021-09",
            "price": "202.82",
            "revenue": 940658
        },
        "2021-10": {
            "month": "2021-10",
            "price": "187.12",
            "revenue": 800528
        },
        "2021-11": {
            "month": "2021-11",
            "price": "199.25",
            "revenue": 897990
        },
        "2021-12": {
            "month": "2021-12",
            "price": "201.77",
            "revenue": 698328
        },
        "2022-01": {
            "month": "2022-01",
            "price": "196.64",
            "revenue": 895208
        },
        "2022-02": {
            "month": "2022-02",
            "price": "198.80",
            "revenue": 761159
        },
        "2022-03": {
            "month": "2022-03",
            "price": "208.54",
            "revenue": 933370
        },
        "2022-04": {
            "month": "2022-04",
            "price": "210.42",
            "revenue": 1005918
        },
        "2022-05": {
            "month": "2022-05",
            "price": "200.21",
            "revenue": 947052
        },
        "2022-06": {
            "month": "2022-06",
            "price": "180.38",
            "revenue": 913609
        },
        "2022-07": {
            "month": "2022-07",
            "price": "172.83",
            "revenue": 913998
        },
        "2022-08": {
            "month": "2022-08",
            "price": "173.54",
            "revenue": 797376
        },
        "2022-09": {
            "month": "2022-09",
            "price": "166.40",
            "revenue": 848966
        },
        "2022-10": {
            "month": "2022-10",
            "price": "160.18",
            "revenue": 863758
        },
        "2022-11": {
            "month": "2022-11",
            "price": "178.30",
            "revenue": 777590
        },
        "2022-12": {
            "month": "2022-12",
            "price": "186.98",
            "revenue": 645224
        },
        "2023-01": {
            "month": "2023-01",
            "price": "185.54",
            "revenue": 724317
        },
        "2023-02": {
            "month": "2023-02",
            "price": "200.11",
            "revenue": 679721
        },
        "2023-03": {
            "month": "2023-03",
            "price": "256.43",
            "revenue": 856167
        },
        "2023-04": {
            "month": "2023-04",
            "price": "303.03",
            "revenue": 641158
        },
        "2023-05": {
            "month": "2023-05",
            "price": "302.30",
            "revenue": 671986
        },
        "2023-06": {
            "month": "2023-06",
            "price": "329.45",
            "revenue": 617372
        },
        "2023-07": {
            "month": "2023-07",
            "price": "316.95",
            "revenue": 655798
        },
        "2023-08": {
            "month": "2023-08",
            "price": "264.55",
            "revenue": 640699
        }
    }
}
