{
    "summary": {
        "stock_name": "邑昇",
        "stock_id": "5291",
        "category": "電子零組件",
        "main_business": "印刷電路板<br>光電產品",
        "website_url": "http://www.eiso.com.tw",
        "ceo": "李上治",
        "pe_ratio": 12,
        "report_year_from": 2012,
        "report_year_to": 2023,
        "age": 11,
        "eps_negative_percentage": 18,
        "eps_growth_avg": {
            "last_all": 11.31,
            "last_2y": 32.32,
            "last_4y": 41.95,
            "last_8y": 11.31,
            "last_12y": null,
            "last_16y": null,
            "last_20y": null,
            "at_2006_last_3y": null,
            "at_2007_last_3y": null,
            "at_2008_last_3y": null,
            "at_2009_last_3y": null,
            "at_2010_last_3y": null,
            "at_2011_last_3y": null,
            "at_2012_last_3y": null,
            "at_2013_last_3y": null,
            "at_2014_last_3y": null,
            "at_2015_last_3y": null,
            "at_2016_last_3y": null,
            "at_2017_last_3y": -29.53,
            "at_2018_last_3y": -94.3,
            "at_2019_last_3y": -14.58,
            "at_2020_last_3y": 30.78,
            "at_2021_last_3y": 53.86,
            "at_2022_last_3y": 41.95,
            "at_2023_last_3y": 41.95,
            "at_2006_last_all": null,
            "at_2007_last_all": null,
            "at_2008_last_all": null,
            "at_2009_last_all": null,
            "at_2010_last_all": null,
            "at_2011_last_all": null,
            "at_2012_last_all": null,
            "at_2013_last_all": null,
            "at_2014_last_all": null,
            "at_2015_last_all": 5.7,
            "at_2016_last_all": -29.53,
            "at_2017_last_all": -29.53,
            "at_2018_last_all": -29.53,
            "at_2019_last_all": -4.44,
            "at_2020_last_all": -5.41,
            "at_2021_last_all": 12.16,
            "at_2022_last_all": 11.31,
            "at_2023_last_all": 11.31
        },
        "latest_eps": 2.25,
        "latest_price": 26.8,
        "latest_roe": 9.29,
        "latest_gross_margin": 21.19,
        "latest_equity": 977624,
        "latest_revenue": 218649,
        "latest_gross_profit": 46322,
        "latest_net_income": 7205,
        "latest_debt_ratio": 32.05,
        "latest_current_ratio": 196.87,
        "latest_account_receivable_turnover_ratio": 0.71,
        "latest_inventory_turnover_ratio": 0.81,
        "latest_reinvestment_rate": -5.85,
        "latest_research_to_sale_ratio": 3.13
    },
    "eps_dividends": {
        "2001": {
            "cash": 0,
            "stock": 0,
            "eps": 0
        },
        "2002": {
            "cash": 0,
            "stock": 0,
            "eps": 0
        },
        "2003": {
            "cash": 0,
            "stock": 0,
            "eps": 0
        },
        "2004": {
            "cash": 0,
            "stock": 0,
            "eps": 0
        },
        "2005": {
            "cash": 0,
            "stock": 0,
            "eps": 0
        },
        "2006": {
            "cash": 0,
            "stock": 0,
            "eps": 0
        },
        "2007": {
            "cash": 0,
            "stock": 0,
            "eps": 0
        },
        "2008": {
            "cash": 0,
            "stock": 0,
            "eps": 0
        },
        "2009": {
            "cash": 0,
            "stock": 0,
            "eps": 0
        },
        "2010": {
            "cash": 0,
            "stock": 0,
            "eps": 0
        },
        "2011": {
            "cash": 0,
            "stock": 0,
            "eps": 0
        },
        "2012": {
            "cash": 0,
            "stock": 0,
            "eps": 0
        },
        "2013": {
            "cash": 1.5,
            "stock": 0,
            "eps": 0.7
        },
        "2014": {
            "cash": 1.8,
            "stock": 0,
            "eps": 3.07
        },
        "2015": {
            "cash": 1.8,
            "stock": 0,
            "eps": 0.35
        },
        "2016": {
            "cash": 0.3,
            "stock": 0,
            "eps": -0.34
        },
        "2017": {
            "cash": 0,
            "stock": 0,
            "eps": -0.76
        },
        "2018": {
            "cash": 0,
            "stock": 0,
            "eps": 1.2
        },
        "2019": {
            "cash": 0.8,
            "stock": 0,
            "eps": 2.05
        },
        "2020": {
            "cash": 1.2,
            "stock": 0,
            "eps": 1.86
        },
        "2021": {
            "cash": 1.1,
            "stock": 0,
            "eps": 4.17
        },
        "2022": {
            "cash": 2.1,
            "stock": 0,
            "eps": 4.43
        },
        "2023": {
            "cash": 2.7,
            "stock": 0,
            "eps": 0.46
        }
    },
    "dividends": {
        "2013-05-08": {
            "cash": 1.5,
            "stock": 0
        },
        "2014-09-12": {
            "cash": 1.8,
            "stock": 0
        },
        "2015-09-21": {
            "cash": 1.8,
            "stock": 0
        },
        "2016-10-21": {
            "cash": 0.3,
            "stock": 0
        },
        "2019-08-15": {
            "cash": 0.8,
            "stock": 0
        },
        "2020-08-17": {
            "cash": 1.2,
            "stock": 0
        },
        "2021-09-28": {
            "cash": 1.1,
            "stock": 0
        },
        "2022-08-17": {
            "cash": 2.1,
            "stock": 0
        },
        "2023-08-04": {
            "cash": 2.7,
            "stock": 0
        }
    },
    "prices": {
        "200101": "無",
        "200102": "無",
        "200103": "無",
        "200104": "無",
        "200105": "無",
        "200106": "無",
        "200107": "無",
        "200108": "無",
        "200109": "無",
        "200110": "無",
        "200111": "無",
        "200112": "無",
        "200201": "無",
        "200202": "無",
        "200203": "無",
        "200204": "無",
        "200205": "無",
        "200206": "無",
        "200207": "無",
        "200208": "無",
        "200209": "無",
        "200210": "無",
        "200211": "無",
        "200212": "無",
        "200301": "無",
        "200302": "無",
        "200303": "無",
        "200304": "無",
        "200305": "無",
        "200306": "無",
        "200307": "無",
        "200308": "無",
        "200309": "無",
        "200310": "無",
        "200311": "無",
        "200312": "無",
        "200401": "無",
        "200402": "無",
        "200403": "無",
        "200404": "無",
        "200405": "無",
        "200406": "無",
        "200407": "無",
        "200408": "無",
        "200409": "無",
        "200410": "無",
        "200411": "無",
        "200412": "無",
        "200501": "無",
        "200502": "無",
        "200503": "無",
        "200504": "無",
        "200505": "無",
        "200506": "無",
        "200507": "無",
        "200508": "無",
        "200509": "無",
        "200510": "無",
        "200511": "無",
        "200512": "無",
        "200601": "無",
        "200602": "無",
        "200603": "無",
        "200604": "無",
        "200605": "無",
        "200606": "無",
        "200607": "無",
        "200608": "無",
        "200609": "無",
        "200610": "無",
        "200611": "無",
        "200612": "無",
        "200701": "無",
        "200702": "無",
        "200703": "無",
        "200704": "無",
        "200705": "無",
        "200706": "無",
        "200707": "無",
        "200708": "無",
        "200709": "無",
        "200710": "無",
        "200711": "無",
        "200712": "無",
        "200801": "無",
        "200802": "無",
        "200803": "無",
        "200804": "無",
        "200805": "無",
        "200806": "無",
        "200807": "無",
        "200808": "無",
        "200809": "無",
        "200810": "無",
        "200811": "無",
        "200812": "無",
        "200901": "無",
        "200902": "無",
        "200903": "無",
        "200904": "無",
        "200905": "無",
        "200906": "無",
        "200907": "無",
        "200908": "無",
        "200909": "無",
        "200910": "無",
        "200911": "無",
        "200912": "無",
        "201001": "無",
        "201002": "無",
        "201003": "無",
        "201004": "無",
        "201005": "無",
        "201006": "無",
        "201007": "無",
        "201008": "無",
        "201009": "無",
        "201010": "無",
        "201011": "無",
        "201012": "無",
        "201101": "無",
        "201102": "無",
        "201103": "無",
        "201104": "無",
        "201105": "無",
        "201106": "無",
        "201107": "無",
        "201108": "無",
        "201109": "無",
        "201110": "無",
        "201111": "無",
        "201112": "無",
        "201201": "無",
        "201202": "無",
        "201203": "無",
        "201204": "無",
        "201205": "無",
        "201206": "無",
        "201207": "無",
        "201208": "無",
        "201209": "無",
        "201210": "無",
        "201211": "無",
        "201212": "無",
        "201301": "無",
        "201302": "無",
        "201303": "無",
        "201304": "無",
        "201305": "無",
        "201306": "無",
        "201307": "無",
        "201308": "32.12",
        "201309": "24.16",
        "201310": "23.65",
        "201311": "23.03",
        "201312": "23.01",
        "201401": "23.97",
        "201402": "28.46",
        "201403": "32.24",
        "201404": "38.19",
        "201405": "39.49",
        "201406": "47.81",
        "201407": "50.92",
        "201408": "57.73",
        "201409": "51.49",
        "201410": "48.92",
        "201411": "44.15",
        "201412": "38.73",
        "201501": "36.52",
        "201502": "34.37",
        "201503": "33.96",
        "201504": "28.83",
        "201505": "26.17",
        "201506": "27.90",
        "201507": "24.11",
        "201508": "18.77",
        "201509": "16.39",
        "201510": "17.41",
        "201511": "17.77",
        "201512": "16.67",
        "201601": "15.77",
        "201602": "15.25",
        "201603": "17.41",
        "201604": "16.12",
        "201605": "15.46",
        "201606": "14.22",
        "201607": "13.29",
        "201608": "14.95",
        "201609": "14.37",
        "201610": "13.95",
        "201611": "13.69",
        "201612": "13.96",
        "201701": "14.01",
        "201702": "14.24",
        "201703": "14.26",
        "201704": "13.53",
        "201705": "14.51",
        "201706": "17.97",
        "201707": "15.98",
        "201708": "15.94",
        "201709": "17.05",
        "201710": "16.13",
        "201711": "15.75",
        "201712": "15.07",
        "201801": "14.44",
        "201802": "13.75",
        "201803": "14.09",
        "201804": "13.55",
        "201805": "13.77",
        "201806": "14.28",
        "201807": "14.48",
        "201808": "15.92",
        "201809": "15.82",
        "201810": "14.76",
        "201811": "14.99",
        "201812": "16.10",
        "201901": "16.11",
        "201902": "17.07",
        "201903": "18.26",
        "201904": "20.98",
        "201905": "18.91",
        "201906": "18.55",
        "201907": "18.99",
        "201908": "23.95",
        "201909": "26.17",
        "201910": "26.07",
        "201911": "28.89",
        "201912": "29.61",
        "202001": "30.49",
        "202002": "26.90",
        "202003": "20.80",
        "202004": "20.92",
        "202005": "22.50",
        "202006": "22.29",
        "202007": "22.60",
        "202008": "22.16",
        "202009": "23.10",
        "202010": "22.68",
        "202011": "23.09",
        "202012": "23.91",
        "202101": "23.62",
        "202102": "23.87",
        "202103": "24.77",
        "202104": "29.64",
        "202105": "29.40",
        "202106": "35.06",
        "202107": "47.44",
        "202108": "44.62",
        "202109": "36.22",
        "202110": "32.60",
        "202111": "36.03",
        "202112": "36.35",
        "202201": "35.64",
        "202202": "39.02",
        "202203": "39.06",
        "202204": "38.07",
        "202205": "39.55",
        "202206": "39.09",
        "202207": "36.20",
        "202208": "38.56",
        "202209": "37.42",
        "202210": "34.20",
        "202211": "34.55",
        "202212": "33.39",
        "202301": "31.27",
        "202302": "32.36",
        "202303": "34.06",
        "202304": "34.54",
        "202305": "32.57",
        "202306": "32.96",
        "202307": "30.14",
        "202308": "28.32",
        "202309": "27.50",
        "202310": "27.03"
    },
    "quarters": {
        "20011": {
            "year_quarter": 20011,
            "year": 2001,
            "quarter": 1,
            "eps": null,
            "eps_growth_year": null,
            "eps_4q": null,
            "eps_4q_growth_year": null,
            "roe": null,
            "roe_4q": 0,
            "gross_profit": null,
            "gross_margin": null,
            "gross_margin_4q_avg": 0,
            "net_income": null,
            "net_income_4q": null,
            "revenue": null,
            "revenue_4q": null,
            "common_shares": null,
            "book_valuer_per_share": null,
            "book_valuer_per_share_4q_avg": 0,
            "equity": null,
            "current_ratio": null,
            "debt_ratio": null,
            "inventory_turnover_ratio": null,
            "account_receivable_turnover_ratio": null,
            "reinvestment_rate": null,
            "research_to_sale_ratio": null,
            "price_fair": 0,
            "eps_avg_yearly": 0,
            "eps_latest_yearly": 0,
            "eps_growth_yearly": 0
        },
        "20012": {
            "year_quarter": 20012,
            "year": 2001,
            "quarter": 2,
            "eps": null,
            "eps_growth_year": null,
            "eps_4q": null,
            "eps_4q_growth_year": null,
            "roe": null,
            "roe_4q": 0,
            "gross_profit": null,
            "gross_margin": null,
            "gross_margin_4q_avg": 0,
            "net_income": null,
            "net_income_4q": null,
            "revenue": null,
            "revenue_4q": null,
            "common_shares": null,
            "book_valuer_per_share": null,
            "book_valuer_per_share_4q_avg": 0,
            "equity": null,
            "current_ratio": null,
            "debt_ratio": null,
            "inventory_turnover_ratio": null,
            "account_receivable_turnover_ratio": null,
            "reinvestment_rate": null,
            "research_to_sale_ratio": null,
            "price_fair": 0,
            "eps_avg_yearly": 0,
            "eps_latest_yearly": 0,
            "eps_growth_yearly": 0
        },
        "20013": {
            "year_quarter": 20013,
            "year": 2001,
            "quarter": 3,
            "eps": null,
            "eps_growth_year": null,
            "eps_4q": null,
            "eps_4q_growth_year": null,
            "roe": null,
            "roe_4q": 0,
            "gross_profit": null,
            "gross_margin": null,
            "gross_margin_4q_avg": 0,
            "net_income": null,
            "net_income_4q": null,
            "revenue": null,
            "revenue_4q": null,
            "common_shares": null,
            "book_valuer_per_share": null,
            "book_valuer_per_share_4q_avg": 0,
            "equity": null,
            "current_ratio": null,
            "debt_ratio": null,
            "inventory_turnover_ratio": null,
            "account_receivable_turnover_ratio": null,
            "reinvestment_rate": null,
            "research_to_sale_ratio": null,
            "price_fair": 0,
            "eps_avg_yearly": 0,
            "eps_latest_yearly": 0,
            "eps_growth_yearly": 0
        },
        "20014": {
            "year_quarter": 20014,
            "year": 2001,
            "quarter": 4,
            "eps": null,
            "eps_growth_year": null,
            "eps_4q": null,
            "eps_4q_growth_year": null,
            "roe": null,
            "roe_4q": 0,
            "gross_profit": null,
            "gross_margin": null,
            "gross_margin_4q_avg": 0,
            "net_income": null,
            "net_income_4q": null,
            "revenue": null,
            "revenue_4q": null,
            "common_shares": null,
            "book_valuer_per_share": null,
            "book_valuer_per_share_4q_avg": 0,
            "equity": null,
            "current_ratio": null,
            "debt_ratio": null,
            "inventory_turnover_ratio": null,
            "account_receivable_turnover_ratio": null,
            "reinvestment_rate": null,
            "research_to_sale_ratio": null,
            "price_fair": 0,
            "eps_avg_yearly": 0,
            "eps_latest_yearly": 0,
            "eps_growth_yearly": 0
        },
        "20021": {
            "year_quarter": 20021,
            "year": 2002,
            "quarter": 1,
            "eps": null,
            "eps_growth_year": null,
            "eps_4q": null,
            "eps_4q_growth_year": null,
            "roe": null,
            "roe_4q": 0,
            "gross_profit": null,
            "gross_margin": null,
            "gross_margin_4q_avg": 0,
            "net_income": null,
            "net_income_4q": null,
            "revenue": null,
            "revenue_4q": null,
            "common_shares": null,
            "book_valuer_per_share": null,
            "book_valuer_per_share_4q_avg": 0,
            "equity": null,
            "current_ratio": null,
            "debt_ratio": null,
            "inventory_turnover_ratio": null,
            "account_receivable_turnover_ratio": null,
            "reinvestment_rate": null,
            "research_to_sale_ratio": null,
            "price_fair": 0,
            "eps_avg_yearly": 0,
            "eps_latest_yearly": 0,
            "eps_growth_yearly": 0
        },
        "20022": {
            "year_quarter": 20022,
            "year": 2002,
            "quarter": 2,
            "eps": null,
            "eps_growth_year": null,
            "eps_4q": null,
            "eps_4q_growth_year": null,
            "roe": null,
            "roe_4q": 0,
            "gross_profit": null,
            "gross_margin": null,
            "gross_margin_4q_avg": 0,
            "net_income": null,
            "net_income_4q": null,
            "revenue": null,
            "revenue_4q": null,
            "common_shares": null,
            "book_valuer_per_share": null,
            "book_valuer_per_share_4q_avg": 0,
            "equity": null,
            "current_ratio": null,
            "debt_ratio": null,
            "inventory_turnover_ratio": null,
            "account_receivable_turnover_ratio": null,
            "reinvestment_rate": null,
            "research_to_sale_ratio": null,
            "price_fair": 0,
            "eps_avg_yearly": 0,
            "eps_latest_yearly": 0,
            "eps_growth_yearly": 0
        },
        "20023": {
            "year_quarter": 20023,
            "year": 2002,
            "quarter": 3,
            "eps": null,
            "eps_growth_year": null,
            "eps_4q": null,
            "eps_4q_growth_year": null,
            "roe": null,
            "roe_4q": 0,
            "gross_profit": null,
            "gross_margin": null,
            "gross_margin_4q_avg": 0,
            "net_income": null,
            "net_income_4q": null,
            "revenue": null,
            "revenue_4q": null,
            "common_shares": null,
            "book_valuer_per_share": null,
            "book_valuer_per_share_4q_avg": 0,
            "equity": null,
            "current_ratio": null,
            "debt_ratio": null,
            "inventory_turnover_ratio": null,
            "account_receivable_turnover_ratio": null,
            "reinvestment_rate": null,
            "research_to_sale_ratio": null,
            "price_fair": 0,
            "eps_avg_yearly": 0,
            "eps_latest_yearly": 0,
            "eps_growth_yearly": 0
        },
        "20024": {
            "year_quarter": 20024,
            "year": 2002,
            "quarter": 4,
            "eps": null,
            "eps_growth_year": null,
            "eps_4q": null,
            "eps_4q_growth_year": null,
            "roe": null,
            "roe_4q": 0,
            "gross_profit": null,
            "gross_margin": null,
            "gross_margin_4q_avg": 0,
            "net_income": null,
            "net_income_4q": null,
            "revenue": null,
            "revenue_4q": null,
            "common_shares": null,
            "book_valuer_per_share": null,
            "book_valuer_per_share_4q_avg": 0,
            "equity": null,
            "current_ratio": null,
            "debt_ratio": null,
            "inventory_turnover_ratio": null,
            "account_receivable_turnover_ratio": null,
            "reinvestment_rate": null,
            "research_to_sale_ratio": null,
            "price_fair": 0,
            "eps_avg_yearly": 0,
            "eps_latest_yearly": 0,
            "eps_growth_yearly": 0
        },
        "20031": {
            "year_quarter": 20031,
            "year": 2003,
            "quarter": 1,
            "eps": null,
            "eps_growth_year": null,
            "eps_4q": null,
            "eps_4q_growth_year": null,
            "roe": null,
            "roe_4q": 0,
            "gross_profit": null,
            "gross_margin": null,
            "gross_margin_4q_avg": 0,
            "net_income": null,
            "net_income_4q": null,
            "revenue": null,
            "revenue_4q": null,
            "common_shares": null,
            "book_valuer_per_share": null,
            "book_valuer_per_share_4q_avg": 0,
            "equity": null,
            "current_ratio": null,
            "debt_ratio": null,
            "inventory_turnover_ratio": null,
            "account_receivable_turnover_ratio": null,
            "reinvestment_rate": null,
            "research_to_sale_ratio": null,
            "price_fair": 0,
            "eps_avg_yearly": 0,
            "eps_latest_yearly": 0,
            "eps_growth_yearly": 0
        },
        "20032": {
            "year_quarter": 20032,
            "year": 2003,
            "quarter": 2,
            "eps": null,
            "eps_growth_year": null,
            "eps_4q": null,
            "eps_4q_growth_year": null,
            "roe": null,
            "roe_4q": 0,
            "gross_profit": null,
            "gross_margin": null,
            "gross_margin_4q_avg": 0,
            "net_income": null,
            "net_income_4q": null,
            "revenue": null,
            "revenue_4q": null,
            "common_shares": null,
            "book_valuer_per_share": null,
            "book_valuer_per_share_4q_avg": 0,
            "equity": null,
            "current_ratio": null,
            "debt_ratio": null,
            "inventory_turnover_ratio": null,
            "account_receivable_turnover_ratio": null,
            "reinvestment_rate": null,
            "research_to_sale_ratio": null,
            "price_fair": 0,
            "eps_avg_yearly": 0,
            "eps_latest_yearly": 0,
            "eps_growth_yearly": 0
        },
        "20033": {
            "year_quarter": 20033,
            "year": 2003,
            "quarter": 3,
            "eps": null,
            "eps_growth_year": null,
            "eps_4q": null,
            "eps_4q_growth_year": null,
            "roe": null,
            "roe_4q": 0,
            "gross_profit": null,
            "gross_margin": null,
            "gross_margin_4q_avg": 0,
            "net_income": null,
            "net_income_4q": null,
            "revenue": null,
            "revenue_4q": null,
            "common_shares": null,
            "book_valuer_per_share": null,
            "book_valuer_per_share_4q_avg": 0,
            "equity": null,
            "current_ratio": null,
            "debt_ratio": null,
            "inventory_turnover_ratio": null,
            "account_receivable_turnover_ratio": null,
            "reinvestment_rate": null,
            "research_to_sale_ratio": null,
            "price_fair": 0,
            "eps_avg_yearly": 0,
            "eps_latest_yearly": 0,
            "eps_growth_yearly": 0
        },
        "20034": {
            "year_quarter": 20034,
            "year": 2003,
            "quarter": 4,
            "eps": null,
            "eps_growth_year": null,
            "eps_4q": null,
            "eps_4q_growth_year": null,
            "roe": null,
            "roe_4q": 0,
            "gross_profit": null,
            "gross_margin": null,
            "gross_margin_4q_avg": 0,
            "net_income": null,
            "net_income_4q": null,
            "revenue": null,
            "revenue_4q": null,
            "common_shares": null,
            "book_valuer_per_share": null,
            "book_valuer_per_share_4q_avg": 0,
            "equity": null,
            "current_ratio": null,
            "debt_ratio": null,
            "inventory_turnover_ratio": null,
            "account_receivable_turnover_ratio": null,
            "reinvestment_rate": null,
            "research_to_sale_ratio": null,
            "price_fair": 0,
            "eps_avg_yearly": 0,
            "eps_latest_yearly": 0,
            "eps_growth_yearly": 0
        },
        "20041": {
            "year_quarter": 20041,
            "year": 2004,
            "quarter": 1,
            "eps": null,
            "eps_growth_year": null,
            "eps_4q": null,
            "eps_4q_growth_year": null,
            "roe": null,
            "roe_4q": 0,
            "gross_profit": null,
            "gross_margin": null,
            "gross_margin_4q_avg": 0,
            "net_income": null,
            "net_income_4q": null,
            "revenue": null,
            "revenue_4q": null,
            "common_shares": null,
            "book_valuer_per_share": null,
            "book_valuer_per_share_4q_avg": 0,
            "equity": null,
            "current_ratio": null,
            "debt_ratio": null,
            "inventory_turnover_ratio": null,
            "account_receivable_turnover_ratio": null,
            "reinvestment_rate": null,
            "research_to_sale_ratio": null,
            "price_fair": 0,
            "eps_avg_yearly": 0,
            "eps_latest_yearly": 0,
            "eps_growth_yearly": 0
        },
        "20042": {
            "year_quarter": 20042,
            "year": 2004,
            "quarter": 2,
            "eps": null,
            "eps_growth_year": null,
            "eps_4q": null,
            "eps_4q_growth_year": null,
            "roe": null,
            "roe_4q": 0,
            "gross_profit": null,
            "gross_margin": null,
            "gross_margin_4q_avg": 0,
            "net_income": null,
            "net_income_4q": null,
            "revenue": null,
            "revenue_4q": null,
            "common_shares": null,
            "book_valuer_per_share": null,
            "book_valuer_per_share_4q_avg": 0,
            "equity": null,
            "current_ratio": null,
            "debt_ratio": null,
            "inventory_turnover_ratio": null,
            "account_receivable_turnover_ratio": null,
            "reinvestment_rate": null,
            "research_to_sale_ratio": null,
            "price_fair": 0,
            "eps_avg_yearly": 0,
            "eps_latest_yearly": 0,
            "eps_growth_yearly": 0
        },
        "20043": {
            "year_quarter": 20043,
            "year": 2004,
            "quarter": 3,
            "eps": null,
            "eps_growth_year": null,
            "eps_4q": null,
            "eps_4q_growth_year": null,
            "roe": null,
            "roe_4q": 0,
            "gross_profit": null,
            "gross_margin": null,
            "gross_margin_4q_avg": 0,
            "net_income": null,
            "net_income_4q": null,
            "revenue": null,
            "revenue_4q": null,
            "common_shares": null,
            "book_valuer_per_share": null,
            "book_valuer_per_share_4q_avg": 0,
            "equity": null,
            "current_ratio": null,
            "debt_ratio": null,
            "inventory_turnover_ratio": null,
            "account_receivable_turnover_ratio": null,
            "reinvestment_rate": null,
            "research_to_sale_ratio": null,
            "price_fair": 0,
            "eps_avg_yearly": 0,
            "eps_latest_yearly": 0,
            "eps_growth_yearly": 0
        },
        "20044": {
            "year_quarter": 20044,
            "year": 2004,
            "quarter": 4,
            "eps": null,
            "eps_growth_year": null,
            "eps_4q": null,
            "eps_4q_growth_year": null,
            "roe": null,
            "roe_4q": 0,
            "gross_profit": null,
            "gross_margin": null,
            "gross_margin_4q_avg": 0,
            "net_income": null,
            "net_income_4q": null,
            "revenue": null,
            "revenue_4q": null,
            "common_shares": null,
            "book_valuer_per_share": null,
            "book_valuer_per_share_4q_avg": 0,
            "equity": null,
            "current_ratio": null,
            "debt_ratio": null,
            "inventory_turnover_ratio": null,
            "account_receivable_turnover_ratio": null,
            "reinvestment_rate": null,
            "research_to_sale_ratio": null,
            "price_fair": 0,
            "eps_avg_yearly": 0,
            "eps_latest_yearly": 0,
            "eps_growth_yearly": 0
        },
        "20051": {
            "year_quarter": 20051,
            "year": 2005,
            "quarter": 1,
            "eps": null,
            "eps_growth_year": null,
            "eps_4q": null,
            "eps_4q_growth_year": null,
            "roe": null,
            "roe_4q": 0,
            "gross_profit": null,
            "gross_margin": null,
            "gross_margin_4q_avg": 0,
            "net_income": null,
            "net_income_4q": null,
            "revenue": null,
            "revenue_4q": null,
            "common_shares": null,
            "book_valuer_per_share": null,
            "book_valuer_per_share_4q_avg": 0,
            "equity": null,
            "current_ratio": null,
            "debt_ratio": null,
            "inventory_turnover_ratio": null,
            "account_receivable_turnover_ratio": null,
            "reinvestment_rate": null,
            "research_to_sale_ratio": null,
            "price_fair": 0,
            "eps_avg_yearly": 0,
            "eps_latest_yearly": 0,
            "eps_growth_yearly": 0
        },
        "20052": {
            "year_quarter": 20052,
            "year": 2005,
            "quarter": 2,
            "eps": null,
            "eps_growth_year": null,
            "eps_4q": null,
            "eps_4q_growth_year": null,
            "roe": null,
            "roe_4q": 0,
            "gross_profit": null,
            "gross_margin": null,
            "gross_margin_4q_avg": 0,
            "net_income": null,
            "net_income_4q": null,
            "revenue": null,
            "revenue_4q": null,
            "common_shares": null,
            "book_valuer_per_share": null,
            "book_valuer_per_share_4q_avg": 0,
            "equity": null,
            "current_ratio": null,
            "debt_ratio": null,
            "inventory_turnover_ratio": null,
            "account_receivable_turnover_ratio": null,
            "reinvestment_rate": null,
            "research_to_sale_ratio": null,
            "price_fair": 0,
            "eps_avg_yearly": 0,
            "eps_latest_yearly": 0,
            "eps_growth_yearly": 0
        },
        "20053": {
            "year_quarter": 20053,
            "year": 2005,
            "quarter": 3,
            "eps": null,
            "eps_growth_year": null,
            "eps_4q": null,
            "eps_4q_growth_year": null,
            "roe": null,
            "roe_4q": 0,
            "gross_profit": null,
            "gross_margin": null,
            "gross_margin_4q_avg": 0,
            "net_income": null,
            "net_income_4q": null,
            "revenue": null,
            "revenue_4q": null,
            "common_shares": null,
            "book_valuer_per_share": null,
            "book_valuer_per_share_4q_avg": 0,
            "equity": null,
            "current_ratio": null,
            "debt_ratio": null,
            "inventory_turnover_ratio": null,
            "account_receivable_turnover_ratio": null,
            "reinvestment_rate": null,
            "research_to_sale_ratio": null,
            "price_fair": 0,
            "eps_avg_yearly": 0,
            "eps_latest_yearly": 0,
            "eps_growth_yearly": 0
        },
        "20054": {
            "year_quarter": 20054,
            "year": 2005,
            "quarter": 4,
            "eps": null,
            "eps_growth_year": null,
            "eps_4q": null,
            "eps_4q_growth_year": null,
            "roe": null,
            "roe_4q": 0,
            "gross_profit": null,
            "gross_margin": null,
            "gross_margin_4q_avg": 0,
            "net_income": null,
            "net_income_4q": null,
            "revenue": null,
            "revenue_4q": null,
            "common_shares": null,
            "book_valuer_per_share": null,
            "book_valuer_per_share_4q_avg": 0,
            "equity": null,
            "current_ratio": null,
            "debt_ratio": null,
            "inventory_turnover_ratio": null,
            "account_receivable_turnover_ratio": null,
            "reinvestment_rate": null,
            "research_to_sale_ratio": null,
            "price_fair": 0,
            "eps_avg_yearly": 0,
            "eps_latest_yearly": 0,
            "eps_growth_yearly": 0
        },
        "20061": {
            "year_quarter": 20061,
            "year": 2006,
            "quarter": 1,
            "eps": null,
            "eps_growth_year": null,
            "eps_4q": null,
            "eps_4q_growth_year": null,
            "roe": null,
            "roe_4q": 0,
            "gross_profit": null,
            "gross_margin": null,
            "gross_margin_4q_avg": 0,
            "net_income": null,
            "net_income_4q": null,
            "revenue": null,
            "revenue_4q": null,
            "common_shares": null,
            "book_valuer_per_share": null,
            "book_valuer_per_share_4q_avg": 0,
            "equity": null,
            "current_ratio": null,
            "debt_ratio": null,
            "inventory_turnover_ratio": null,
            "account_receivable_turnover_ratio": null,
            "reinvestment_rate": null,
            "research_to_sale_ratio": null,
            "price_fair": 0,
            "eps_avg_yearly": 0,
            "eps_latest_yearly": 0,
            "eps_growth_yearly": 0
        },
        "20062": {
            "year_quarter": 20062,
            "year": 2006,
            "quarter": 2,
            "eps": null,
            "eps_growth_year": null,
            "eps_4q": null,
            "eps_4q_growth_year": null,
            "roe": null,
            "roe_4q": 0,
            "gross_profit": null,
            "gross_margin": null,
            "gross_margin_4q_avg": 0,
            "net_income": null,
            "net_income_4q": null,
            "revenue": null,
            "revenue_4q": null,
            "common_shares": null,
            "book_valuer_per_share": null,
            "book_valuer_per_share_4q_avg": 0,
            "equity": null,
            "current_ratio": null,
            "debt_ratio": null,
            "inventory_turnover_ratio": null,
            "account_receivable_turnover_ratio": null,
            "reinvestment_rate": null,
            "research_to_sale_ratio": null,
            "price_fair": 0,
            "eps_avg_yearly": 0,
            "eps_latest_yearly": 0,
            "eps_growth_yearly": 0
        },
        "20063": {
            "year_quarter": 20063,
            "year": 2006,
            "quarter": 3,
            "eps": null,
            "eps_growth_year": null,
            "eps_4q": null,
            "eps_4q_growth_year": null,
            "roe": null,
            "roe_4q": 0,
            "gross_profit": null,
            "gross_margin": null,
            "gross_margin_4q_avg": 0,
            "net_income": null,
            "net_income_4q": null,
            "revenue": null,
            "revenue_4q": null,
            "common_shares": null,
            "book_valuer_per_share": null,
            "book_valuer_per_share_4q_avg": 0,
            "equity": null,
            "current_ratio": null,
            "debt_ratio": null,
            "inventory_turnover_ratio": null,
            "account_receivable_turnover_ratio": null,
            "reinvestment_rate": null,
            "research_to_sale_ratio": null,
            "price_fair": 0,
            "eps_avg_yearly": 0,
            "eps_latest_yearly": 0,
            "eps_growth_yearly": 0
        },
        "20064": {
            "year_quarter": 20064,
            "year": 2006,
            "quarter": 4,
            "eps": null,
            "eps_growth_year": null,
            "eps_4q": null,
            "eps_4q_growth_year": null,
            "roe": null,
            "roe_4q": 0,
            "gross_profit": null,
            "gross_margin": null,
            "gross_margin_4q_avg": 0,
            "net_income": null,
            "net_income_4q": null,
            "revenue": null,
            "revenue_4q": null,
            "common_shares": null,
            "book_valuer_per_share": null,
            "book_valuer_per_share_4q_avg": 0,
            "equity": null,
            "current_ratio": null,
            "debt_ratio": null,
            "inventory_turnover_ratio": null,
            "account_receivable_turnover_ratio": null,
            "reinvestment_rate": null,
            "research_to_sale_ratio": null,
            "price_fair": 0,
            "eps_avg_yearly": 0,
            "eps_latest_yearly": 0,
            "eps_growth_yearly": 0
        },
        "20071": {
            "year_quarter": 20071,
            "year": 2007,
            "quarter": 1,
            "eps": null,
            "eps_growth_year": null,
            "eps_4q": null,
            "eps_4q_growth_year": null,
            "roe": null,
            "roe_4q": 0,
            "gross_profit": null,
            "gross_margin": null,
            "gross_margin_4q_avg": 0,
            "net_income": null,
            "net_income_4q": null,
            "revenue": null,
            "revenue_4q": null,
            "common_shares": null,
            "book_valuer_per_share": null,
            "book_valuer_per_share_4q_avg": 0,
            "equity": null,
            "current_ratio": null,
            "debt_ratio": null,
            "inventory_turnover_ratio": null,
            "account_receivable_turnover_ratio": null,
            "reinvestment_rate": null,
            "research_to_sale_ratio": null,
            "price_fair": 0,
            "eps_avg_yearly": 0,
            "eps_latest_yearly": 0,
            "eps_growth_yearly": 0
        },
        "20072": {
            "year_quarter": 20072,
            "year": 2007,
            "quarter": 2,
            "eps": null,
            "eps_growth_year": null,
            "eps_4q": null,
            "eps_4q_growth_year": null,
            "roe": null,
            "roe_4q": 0,
            "gross_profit": null,
            "gross_margin": null,
            "gross_margin_4q_avg": 0,
            "net_income": null,
            "net_income_4q": null,
            "revenue": null,
            "revenue_4q": null,
            "common_shares": null,
            "book_valuer_per_share": null,
            "book_valuer_per_share_4q_avg": 0,
            "equity": null,
            "current_ratio": null,
            "debt_ratio": null,
            "inventory_turnover_ratio": null,
            "account_receivable_turnover_ratio": null,
            "reinvestment_rate": null,
            "research_to_sale_ratio": null,
            "price_fair": 0,
            "eps_avg_yearly": 0,
            "eps_latest_yearly": 0,
            "eps_growth_yearly": 0
        },
        "20073": {
            "year_quarter": 20073,
            "year": 2007,
            "quarter": 3,
            "eps": null,
            "eps_growth_year": null,
            "eps_4q": null,
            "eps_4q_growth_year": null,
            "roe": null,
            "roe_4q": 0,
            "gross_profit": null,
            "gross_margin": null,
            "gross_margin_4q_avg": 0,
            "net_income": null,
            "net_income_4q": null,
            "revenue": null,
            "revenue_4q": null,
            "common_shares": null,
            "book_valuer_per_share": null,
            "book_valuer_per_share_4q_avg": 0,
            "equity": null,
            "current_ratio": null,
            "debt_ratio": null,
            "inventory_turnover_ratio": null,
            "account_receivable_turnover_ratio": null,
            "reinvestment_rate": null,
            "research_to_sale_ratio": null,
            "price_fair": 0,
            "eps_avg_yearly": 0,
            "eps_latest_yearly": 0,
            "eps_growth_yearly": 0
        },
        "20074": {
            "year_quarter": 20074,
            "year": 2007,
            "quarter": 4,
            "eps": null,
            "eps_growth_year": null,
            "eps_4q": null,
            "eps_4q_growth_year": null,
            "roe": null,
            "roe_4q": 0,
            "gross_profit": null,
            "gross_margin": null,
            "gross_margin_4q_avg": 0,
            "net_income": null,
            "net_income_4q": null,
            "revenue": null,
            "revenue_4q": null,
            "common_shares": 172466,
            "book_valuer_per_share": 13.36,
            "book_valuer_per_share_4q_avg": 3.34,
            "equity": 230354,
            "current_ratio": 72.49,
            "debt_ratio": 67.91,
            "inventory_turnover_ratio": null,
            "account_receivable_turnover_ratio": null,
            "reinvestment_rate": null,
            "research_to_sale_ratio": null,
            "price_fair": 0,
            "eps_avg_yearly": 0,
            "eps_latest_yearly": 0,
            "eps_growth_yearly": 0
        },
        "20081": {
            "year_quarter": 20081,
            "year": 2008,
            "quarter": 1,
            "eps": null,
            "eps_growth_year": null,
            "eps_4q": null,
            "eps_4q_growth_year": null,
            "roe": null,
            "roe_4q": 0,
            "gross_profit": null,
            "gross_margin": null,
            "gross_margin_4q_avg": 0,
            "net_income": null,
            "net_income_4q": null,
            "revenue": null,
            "revenue_4q": null,
            "common_shares": null,
            "book_valuer_per_share": null,
            "book_valuer_per_share_4q_avg": 3.34,
            "equity": null,
            "current_ratio": null,
            "debt_ratio": null,
            "inventory_turnover_ratio": null,
            "account_receivable_turnover_ratio": null,
            "reinvestment_rate": null,
            "research_to_sale_ratio": null,
            "price_fair": 0,
            "eps_avg_yearly": 0,
            "eps_latest_yearly": 0,
            "eps_growth_yearly": 0
        },
        "20082": {
            "year_quarter": 20082,
            "year": 2008,
            "quarter": 2,
            "eps": null,
            "eps_growth_year": null,
            "eps_4q": null,
            "eps_4q_growth_year": null,
            "roe": null,
            "roe_4q": 0,
            "gross_profit": null,
            "gross_margin": null,
            "gross_margin_4q_avg": 0,
            "net_income": null,
            "net_income_4q": null,
            "revenue": null,
            "revenue_4q": null,
            "common_shares": null,
            "book_valuer_per_share": null,
            "book_valuer_per_share_4q_avg": 3.34,
            "equity": null,
            "current_ratio": null,
            "debt_ratio": null,
            "inventory_turnover_ratio": null,
            "account_receivable_turnover_ratio": null,
            "reinvestment_rate": null,
            "research_to_sale_ratio": null,
            "price_fair": 0,
            "eps_avg_yearly": 0,
            "eps_latest_yearly": 0,
            "eps_growth_yearly": 0
        },
        "20083": {
            "year_quarter": 20083,
            "year": 2008,
            "quarter": 3,
            "eps": null,
            "eps_growth_year": null,
            "eps_4q": null,
            "eps_4q_growth_year": null,
            "roe": null,
            "roe_4q": 0,
            "gross_profit": null,
            "gross_margin": null,
            "gross_margin_4q_avg": 0,
            "net_income": null,
            "net_income_4q": null,
            "revenue": null,
            "revenue_4q": null,
            "common_shares": null,
            "book_valuer_per_share": null,
            "book_valuer_per_share_4q_avg": 3.34,
            "equity": null,
            "current_ratio": null,
            "debt_ratio": null,
            "inventory_turnover_ratio": null,
            "account_receivable_turnover_ratio": null,
            "reinvestment_rate": null,
            "research_to_sale_ratio": null,
            "price_fair": 0,
            "eps_avg_yearly": 0,
            "eps_latest_yearly": 0,
            "eps_growth_yearly": 0
        },
        "20084": {
            "year_quarter": 20084,
            "year": 2008,
            "quarter": 4,
            "eps": null,
            "eps_growth_year": null,
            "eps_4q": null,
            "eps_4q_growth_year": null,
            "roe": null,
            "roe_4q": 0,
            "gross_profit": null,
            "gross_margin": null,
            "gross_margin_4q_avg": 0,
            "net_income": null,
            "net_income_4q": null,
            "revenue": null,
            "revenue_4q": null,
            "common_shares": 186264,
            "book_valuer_per_share": 12.87,
            "book_valuer_per_share_4q_avg": 3.22,
            "equity": 239631,
            "current_ratio": 88.32,
            "debt_ratio": 66.39,
            "inventory_turnover_ratio": null,
            "account_receivable_turnover_ratio": null,
            "reinvestment_rate": null,
            "research_to_sale_ratio": null,
            "price_fair": 0,
            "eps_avg_yearly": 0,
            "eps_latest_yearly": 0,
            "eps_growth_yearly": 0
        },
        "20091": {
            "year_quarter": 20091,
            "year": 2009,
            "quarter": 1,
            "eps": null,
            "eps_growth_year": null,
            "eps_4q": null,
            "eps_4q_growth_year": null,
            "roe": null,
            "roe_4q": 0,
            "gross_profit": null,
            "gross_margin": null,
            "gross_margin_4q_avg": 0,
            "net_income": null,
            "net_income_4q": null,
            "revenue": null,
            "revenue_4q": null,
            "common_shares": null,
            "book_valuer_per_share": null,
            "book_valuer_per_share_4q_avg": 3.22,
            "equity": null,
            "current_ratio": null,
            "debt_ratio": null,
            "inventory_turnover_ratio": null,
            "account_receivable_turnover_ratio": null,
            "reinvestment_rate": null,
            "research_to_sale_ratio": null,
            "price_fair": 0,
            "eps_avg_yearly": 0,
            "eps_latest_yearly": 0,
            "eps_growth_yearly": 0
        },
        "20092": {
            "year_quarter": 20092,
            "year": 2009,
            "quarter": 2,
            "eps": null,
            "eps_growth_year": null,
            "eps_4q": null,
            "eps_4q_growth_year": null,
            "roe": null,
            "roe_4q": 0,
            "gross_profit": null,
            "gross_margin": null,
            "gross_margin_4q_avg": 0,
            "net_income": null,
            "net_income_4q": null,
            "revenue": null,
            "revenue_4q": null,
            "common_shares": null,
            "book_valuer_per_share": null,
            "book_valuer_per_share_4q_avg": 3.22,
            "equity": null,
            "current_ratio": null,
            "debt_ratio": null,
            "inventory_turnover_ratio": null,
            "account_receivable_turnover_ratio": null,
            "reinvestment_rate": null,
            "research_to_sale_ratio": null,
            "price_fair": 0,
            "eps_avg_yearly": 0,
            "eps_latest_yearly": 0,
            "eps_growth_yearly": 0
        },
        "20093": {
            "year_quarter": 20093,
            "year": 2009,
            "quarter": 3,
            "eps": null,
            "eps_growth_year": null,
            "eps_4q": null,
            "eps_4q_growth_year": null,
            "roe": null,
            "roe_4q": 0,
            "gross_profit": null,
            "gross_margin": null,
            "gross_margin_4q_avg": 0,
            "net_income": null,
            "net_income_4q": null,
            "revenue": null,
            "revenue_4q": null,
            "common_shares": null,
            "book_valuer_per_share": null,
            "book_valuer_per_share_4q_avg": 3.22,
            "equity": null,
            "current_ratio": null,
            "debt_ratio": null,
            "inventory_turnover_ratio": null,
            "account_receivable_turnover_ratio": null,
            "reinvestment_rate": null,
            "research_to_sale_ratio": null,
            "price_fair": 0,
            "eps_avg_yearly": 0,
            "eps_latest_yearly": 0,
            "eps_growth_yearly": 0
        },
        "20094": {
            "year_quarter": 20094,
            "year": 2009,
            "quarter": 4,
            "eps": null,
            "eps_growth_year": null,
            "eps_4q": null,
            "eps_4q_growth_year": null,
            "roe": null,
            "roe_4q": 0,
            "gross_profit": null,
            "gross_margin": null,
            "gross_margin_4q_avg": 0,
            "net_income": null,
            "net_income_4q": null,
            "revenue": null,
            "revenue_4q": null,
            "common_shares": 186264,
            "book_valuer_per_share": 14.32,
            "book_valuer_per_share_4q_avg": 3.58,
            "equity": 266659,
            "current_ratio": 104.96,
            "debt_ratio": 67.22,
            "inventory_turnover_ratio": null,
            "account_receivable_turnover_ratio": null,
            "reinvestment_rate": null,
            "research_to_sale_ratio": null,
            "price_fair": 0,
            "eps_avg_yearly": 0,
            "eps_latest_yearly": 0,
            "eps_growth_yearly": 0
        },
        "20101": {
            "year_quarter": 20101,
            "year": 2010,
            "quarter": 1,
            "eps": null,
            "eps_growth_year": null,
            "eps_4q": null,
            "eps_4q_growth_year": null,
            "roe": null,
            "roe_4q": 0,
            "gross_profit": null,
            "gross_margin": null,
            "gross_margin_4q_avg": 0,
            "net_income": null,
            "net_income_4q": null,
            "revenue": null,
            "revenue_4q": null,
            "common_shares": null,
            "book_valuer_per_share": null,
            "book_valuer_per_share_4q_avg": 3.58,
            "equity": null,
            "current_ratio": null,
            "debt_ratio": null,
            "inventory_turnover_ratio": null,
            "account_receivable_turnover_ratio": null,
            "reinvestment_rate": null,
            "research_to_sale_ratio": null,
            "price_fair": 0,
            "eps_avg_yearly": 0,
            "eps_latest_yearly": 0,
            "eps_growth_yearly": 0
        },
        "20102": {
            "year_quarter": 20102,
            "year": 2010,
            "quarter": 2,
            "eps": null,
            "eps_growth_year": null,
            "eps_4q": null,
            "eps_4q_growth_year": null,
            "roe": null,
            "roe_4q": 0,
            "gross_profit": null,
            "gross_margin": null,
            "gross_margin_4q_avg": 0,
            "net_income": null,
            "net_income_4q": null,
            "revenue": null,
            "revenue_4q": null,
            "common_shares": null,
            "book_valuer_per_share": null,
            "book_valuer_per_share_4q_avg": 3.58,
            "equity": null,
            "current_ratio": null,
            "debt_ratio": null,
            "inventory_turnover_ratio": null,
            "account_receivable_turnover_ratio": null,
            "reinvestment_rate": null,
            "research_to_sale_ratio": null,
            "price_fair": 0,
            "eps_avg_yearly": 0,
            "eps_latest_yearly": 0,
            "eps_growth_yearly": 0
        },
        "20103": {
            "year_quarter": 20103,
            "year": 2010,
            "quarter": 3,
            "eps": null,
            "eps_growth_year": null,
            "eps_4q": null,
            "eps_4q_growth_year": null,
            "roe": null,
            "roe_4q": 0,
            "gross_profit": null,
            "gross_margin": null,
            "gross_margin_4q_avg": 0,
            "net_income": null,
            "net_income_4q": null,
            "revenue": null,
            "revenue_4q": null,
            "common_shares": null,
            "book_valuer_per_share": null,
            "book_valuer_per_share_4q_avg": 3.58,
            "equity": null,
            "current_ratio": null,
            "debt_ratio": null,
            "inventory_turnover_ratio": null,
            "account_receivable_turnover_ratio": null,
            "reinvestment_rate": null,
            "research_to_sale_ratio": null,
            "price_fair": 0,
            "eps_avg_yearly": 0,
            "eps_latest_yearly": 0,
            "eps_growth_yearly": 0
        },
        "20104": {
            "year_quarter": 20104,
            "year": 2010,
            "quarter": 4,
            "eps": null,
            "eps_growth_year": null,
            "eps_4q": null,
            "eps_4q_growth_year": null,
            "roe": null,
            "roe_4q": 0,
            "gross_profit": null,
            "gross_margin": null,
            "gross_margin_4q_avg": 0,
            "net_income": null,
            "net_income_4q": null,
            "revenue": null,
            "revenue_4q": null,
            "common_shares": 271703,
            "book_valuer_per_share": 13.87,
            "book_valuer_per_share_4q_avg": 3.47,
            "equity": 376839,
            "current_ratio": 135.2,
            "debt_ratio": 66.22,
            "inventory_turnover_ratio": null,
            "account_receivable_turnover_ratio": null,
            "reinvestment_rate": null,
            "research_to_sale_ratio": null,
            "price_fair": 0,
            "eps_avg_yearly": 0,
            "eps_latest_yearly": 0,
            "eps_growth_yearly": 0
        },
        "20111": {
            "year_quarter": 20111,
            "year": 2011,
            "quarter": 1,
            "eps": null,
            "eps_growth_year": null,
            "eps_4q": null,
            "eps_4q_growth_year": null,
            "roe": null,
            "roe_4q": 0,
            "gross_profit": null,
            "gross_margin": null,
            "gross_margin_4q_avg": 0,
            "net_income": null,
            "net_income_4q": null,
            "revenue": null,
            "revenue_4q": null,
            "common_shares": null,
            "book_valuer_per_share": null,
            "book_valuer_per_share_4q_avg": 3.47,
            "equity": null,
            "current_ratio": null,
            "debt_ratio": null,
            "inventory_turnover_ratio": null,
            "account_receivable_turnover_ratio": null,
            "reinvestment_rate": null,
            "research_to_sale_ratio": null,
            "price_fair": 0,
            "eps_avg_yearly": 0,
            "eps_latest_yearly": 0,
            "eps_growth_yearly": 0
        },
        "20112": {
            "year_quarter": 20112,
            "year": 2011,
            "quarter": 2,
            "eps": null,
            "eps_growth_year": null,
            "eps_4q": null,
            "eps_4q_growth_year": null,
            "roe": null,
            "roe_4q": 0,
            "gross_profit": null,
            "gross_margin": null,
            "gross_margin_4q_avg": 0,
            "net_income": null,
            "net_income_4q": null,
            "revenue": null,
            "revenue_4q": null,
            "common_shares": null,
            "book_valuer_per_share": null,
            "book_valuer_per_share_4q_avg": 3.47,
            "equity": null,
            "current_ratio": null,
            "debt_ratio": null,
            "inventory_turnover_ratio": null,
            "account_receivable_turnover_ratio": null,
            "reinvestment_rate": null,
            "research_to_sale_ratio": null,
            "price_fair": 0,
            "eps_avg_yearly": 0,
            "eps_latest_yearly": 0,
            "eps_growth_yearly": 0
        },
        "20113": {
            "year_quarter": 20113,
            "year": 2011,
            "quarter": 3,
            "eps": null,
            "eps_growth_year": null,
            "eps_4q": null,
            "eps_4q_growth_year": null,
            "roe": null,
            "roe_4q": 0,
            "gross_profit": null,
            "gross_margin": null,
            "gross_margin_4q_avg": 0,
            "net_income": null,
            "net_income_4q": null,
            "revenue": null,
            "revenue_4q": null,
            "common_shares": null,
            "book_valuer_per_share": null,
            "book_valuer_per_share_4q_avg": 3.47,
            "equity": null,
            "current_ratio": null,
            "debt_ratio": null,
            "inventory_turnover_ratio": null,
            "account_receivable_turnover_ratio": null,
            "reinvestment_rate": null,
            "research_to_sale_ratio": null,
            "price_fair": 0,
            "eps_avg_yearly": 0,
            "eps_latest_yearly": 0,
            "eps_growth_yearly": 0
        },
        "20114": {
            "year_quarter": 20114,
            "year": 2011,
            "quarter": 4,
            "eps": null,
            "eps_growth_year": null,
            "eps_4q": null,
            "eps_4q_growth_year": null,
            "roe": null,
            "roe_4q": 0,
            "gross_profit": null,
            "gross_margin": null,
            "gross_margin_4q_avg": 0,
            "net_income": null,
            "net_income_4q": null,
            "revenue": null,
            "revenue_4q": null,
            "common_shares": 271703,
            "book_valuer_per_share": 14.11,
            "book_valuer_per_share_4q_avg": 3.53,
            "equity": 383364,
            "current_ratio": 160.67,
            "debt_ratio": 61.01,
            "inventory_turnover_ratio": null,
            "account_receivable_turnover_ratio": null,
            "reinvestment_rate": null,
            "research_to_sale_ratio": null,
            "price_fair": 0,
            "eps_avg_yearly": 0,
            "eps_latest_yearly": 0,
            "eps_growth_yearly": 0
        },
        "20121": {
            "year_quarter": 20121,
            "year": 2012,
            "quarter": 1,
            "eps": null,
            "eps_growth_year": null,
            "eps_4q": null,
            "eps_4q_growth_year": null,
            "roe": null,
            "roe_4q": 0,
            "gross_profit": null,
            "gross_margin": null,
            "gross_margin_4q_avg": 0,
            "net_income": null,
            "net_income_4q": null,
            "revenue": null,
            "revenue_4q": null,
            "common_shares": null,
            "book_valuer_per_share": null,
            "book_valuer_per_share_4q_avg": 3.53,
            "equity": null,
            "current_ratio": null,
            "debt_ratio": null,
            "inventory_turnover_ratio": null,
            "account_receivable_turnover_ratio": null,
            "reinvestment_rate": null,
            "research_to_sale_ratio": null,
            "price_fair": 0,
            "eps_avg_yearly": 0,
            "eps_latest_yearly": 0,
            "eps_growth_yearly": 0
        },
        "20122": {
            "year_quarter": 20122,
            "year": 2012,
            "quarter": 2,
            "eps": null,
            "eps_growth_year": null,
            "eps_4q": null,
            "eps_4q_growth_year": null,
            "roe": null,
            "roe_4q": 0,
            "gross_profit": null,
            "gross_margin": null,
            "gross_margin_4q_avg": 0,
            "net_income": null,
            "net_income_4q": null,
            "revenue": null,
            "revenue_4q": null,
            "common_shares": 271703,
            "book_valuer_per_share": null,
            "book_valuer_per_share_4q_avg": 3.53,
            "equity": 401472,
            "current_ratio": null,
            "debt_ratio": null,
            "inventory_turnover_ratio": null,
            "account_receivable_turnover_ratio": null,
            "reinvestment_rate": null,
            "research_to_sale_ratio": null,
            "price_fair": 0,
            "eps_avg_yearly": 0,
            "eps_latest_yearly": 0,
            "eps_growth_yearly": 0
        },
        "20123": {
            "year_quarter": 20123,
            "year": 2012,
            "quarter": 3,
            "eps": null,
            "eps_growth_year": null,
            "eps_4q": null,
            "eps_4q_growth_year": null,
            "roe": null,
            "roe_4q": 0,
            "gross_profit": null,
            "gross_margin": null,
            "gross_margin_4q_avg": 0,
            "net_income": null,
            "net_income_4q": null,
            "revenue": null,
            "revenue_4q": null,
            "common_shares": null,
            "book_valuer_per_share": null,
            "book_valuer_per_share_4q_avg": 3.53,
            "equity": null,
            "current_ratio": null,
            "debt_ratio": null,
            "inventory_turnover_ratio": null,
            "account_receivable_turnover_ratio": null,
            "reinvestment_rate": null,
            "research_to_sale_ratio": null,
            "price_fair": 0,
            "eps_avg_yearly": 0,
            "eps_latest_yearly": 0,
            "eps_growth_yearly": 0
        },
        "20124": {
            "year_quarter": 20124,
            "year": 2012,
            "quarter": 4,
            "eps": null,
            "eps_growth_year": null,
            "eps_4q": null,
            "eps_4q_growth_year": null,
            "roe": null,
            "roe_4q": 0,
            "gross_profit": null,
            "gross_margin": null,
            "gross_margin_4q_avg": 0,
            "net_income": null,
            "net_income_4q": null,
            "revenue": null,
            "revenue_4q": null,
            "common_shares": 271703,
            "book_valuer_per_share": 16.81,
            "book_valuer_per_share_4q_avg": 4.2,
            "equity": 456620,
            "current_ratio": 141.39,
            "debt_ratio": 64.46,
            "inventory_turnover_ratio": null,
            "account_receivable_turnover_ratio": null,
            "reinvestment_rate": null,
            "research_to_sale_ratio": null,
            "price_fair": 0,
            "eps_avg_yearly": 0,
            "eps_latest_yearly": 0,
            "eps_growth_yearly": 0
        },
        "20131": {
            "year_quarter": 20131,
            "year": 2013,
            "quarter": 1,
            "eps": null,
            "eps_growth_year": null,
            "eps_4q": null,
            "eps_4q_growth_year": null,
            "roe": null,
            "roe_4q": 0,
            "gross_profit": 53427,
            "gross_margin": null,
            "gross_margin_4q_avg": 0,
            "net_income": 25544,
            "net_income_4q": null,
            "revenue": 348732,
            "revenue_4q": null,
            "common_shares": 271703,
            "book_valuer_per_share": 17.57,
            "book_valuer_per_share_4q_avg": 8.6,
            "equity": 477505,
            "current_ratio": 154.44,
            "debt_ratio": 60.31,
            "inventory_turnover_ratio": null,
            "account_receivable_turnover_ratio": null,
            "reinvestment_rate": null,
            "research_to_sale_ratio": null,
            "price_fair": 0,
            "eps_avg_yearly": 0,
            "eps_latest_yearly": 0,
            "eps_growth_yearly": 0
        },
        "20132": {
            "year_quarter": 20132,
            "year": 2013,
            "quarter": 2,
            "eps": 0.7,
            "eps_growth_year": null,
            "eps_4q": null,
            "eps_4q_growth_year": null,
            "roe": 4.09,
            "roe_4q": 4.09,
            "gross_profit": 59781,
            "gross_margin": 14.49,
            "gross_margin_4q_avg": 3.62,
            "net_income": 19126,
            "net_income_4q": null,
            "revenue": 412526,
            "revenue_4q": null,
            "common_shares": 271703,
            "book_valuer_per_share": 16.81,
            "book_valuer_per_share_4q_avg": 12.8,
            "equity": 456846,
            "current_ratio": 139.4,
            "debt_ratio": 65.29,
            "inventory_turnover_ratio": 5.81,
            "account_receivable_turnover_ratio": 1.1,
            "reinvestment_rate": null,
            "research_to_sale_ratio": null,
            "price_fair": 0,
            "eps_avg_yearly": 0,
            "eps_latest_yearly": 0,
            "eps_growth_yearly": 0
        },
        "20133": {
            "year_quarter": 20133,
            "year": 2013,
            "quarter": 3,
            "eps": null,
            "eps_growth_year": null,
            "eps_4q": null,
            "eps_4q_growth_year": null,
            "roe": null,
            "roe_4q": 4.09,
            "gross_profit": 70090,
            "gross_margin": null,
            "gross_margin_4q_avg": 3.62,
            "net_income": 19574,
            "net_income_4q": null,
            "revenue": 377394,
            "revenue_4q": null,
            "common_shares": 291703,
            "book_valuer_per_share": 17.84,
            "book_valuer_per_share_4q_avg": 17.26,
            "equity": 520523,
            "current_ratio": 145.5,
            "debt_ratio": 59.7,
            "inventory_turnover_ratio": null,
            "account_receivable_turnover_ratio": null,
            "reinvestment_rate": null,
            "research_to_sale_ratio": null,
            "price_fair": 0,
            "eps_avg_yearly": 0,
            "eps_latest_yearly": 0,
            "eps_growth_yearly": 0
        },
        "20134": {
            "year_quarter": 20134,
            "year": 2013,
            "quarter": 4,
            "eps": null,
            "eps_growth_year": null,
            "eps_4q": null,
            "eps_4q_growth_year": null,
            "roe": null,
            "roe_4q": 4.09,
            "gross_profit": 65150,
            "gross_margin": null,
            "gross_margin_4q_avg": 3.62,
            "net_income": 23822,
            "net_income_4q": null,
            "revenue": 357646,
            "revenue_4q": null,
            "common_shares": 291703,
            "book_valuer_per_share": 18.69,
            "book_valuer_per_share_4q_avg": 17.73,
            "equity": 545206,
            "current_ratio": 155.07,
            "debt_ratio": 56.69,
            "inventory_turnover_ratio": null,
            "account_receivable_turnover_ratio": null,
            "reinvestment_rate": null,
            "research_to_sale_ratio": null,
            "price_fair": 0,
            "eps_avg_yearly": 0,
            "eps_latest_yearly": 0,
            "eps_growth_yearly": 0
        },
        "20141": {
            "year_quarter": 20141,
            "year": 2014,
            "quarter": 1,
            "eps": 1.34,
            "eps_growth_year": null,
            "eps_4q": 2,
            "eps_4q_growth_year": null,
            "roe": 6.91,
            "roe_4q": 11,
            "gross_profit": 81084,
            "gross_margin": 19.74,
            "gross_margin_4q_avg": 8.56,
            "net_income": 39145,
            "net_income_4q": null,
            "revenue": 410748,
            "revenue_4q": null,
            "common_shares": 291703,
            "book_valuer_per_share": 20.17,
            "book_valuer_per_share_4q_avg": 18.38,
            "equity": 588273,
            "current_ratio": 158.89,
            "debt_ratio": 55.7,
            "inventory_turnover_ratio": 4.2,
            "account_receivable_turnover_ratio": 0.64,
            "reinvestment_rate": null,
            "research_to_sale_ratio": 1.3,
            "price_fair": 0,
            "eps_avg_yearly": 0,
            "eps_latest_yearly": 0,
            "eps_growth_yearly": 0
        },
        "20142": {
            "year_quarter": 20142,
            "year": 2014,
            "quarter": 2,
            "eps": 0.92,
            "eps_growth_year": 30.73,
            "eps_4q": 2.26,
            "eps_4q_growth_year": null,
            "roe": 4.66,
            "roe_4q": 11.57,
            "gross_profit": 92347,
            "gross_margin": 20.5,
            "gross_margin_4q_avg": 10.06,
            "net_income": 26848,
            "net_income_4q": null,
            "revenue": 450565,
            "revenue_4q": null,
            "common_shares": 291703,
            "book_valuer_per_share": 19.31,
            "book_valuer_per_share_4q_avg": 19,
            "equity": 563389,
            "current_ratio": 149.6,
            "debt_ratio": 58.95,
            "inventory_turnover_ratio": 4.22,
            "account_receivable_turnover_ratio": 0.64,
            "reinvestment_rate": null,
            "research_to_sale_ratio": 1.34,
            "price_fair": 11.04,
            "eps_avg_yearly": 3.68,
            "eps_latest_yearly": 3.68,
            "eps_growth_yearly": -125.37
        },
        "20143": {
            "year_quarter": 20143,
            "year": 2014,
            "quarter": 3,
            "eps": 0.89,
            "eps_growth_year": null,
            "eps_4q": 3.16,
            "eps_4q_growth_year": null,
            "roe": 4.5,
            "roe_4q": 16.07,
            "gross_profit": 60835,
            "gross_margin": 16.56,
            "gross_margin_4q_avg": 14.2,
            "net_income": 26054,
            "net_income_4q": null,
            "revenue": 367447,
            "revenue_4q": null,
            "common_shares": 291703,
            "book_valuer_per_share": 20.35,
            "book_valuer_per_share_4q_avg": 19.63,
            "equity": 593637,
            "current_ratio": 165.96,
            "debt_ratio": 53.61,
            "inventory_turnover_ratio": 3.89,
            "account_receivable_turnover_ratio": 0.55,
            "reinvestment_rate": null,
            "research_to_sale_ratio": 1.48,
            "price_fair": 10.86,
            "eps_avg_yearly": 3.62,
            "eps_latest_yearly": 3.56,
            "eps_growth_yearly": -69.21
        },
        "20144": {
            "year_quarter": 20144,
            "year": 2014,
            "quarter": 4,
            "eps": -0.08,
            "eps_growth_year": null,
            "eps_4q": 2.7,
            "eps_4q_growth_year": null,
            "roe": -0.41,
            "roe_4q": 15.66,
            "gross_profit": 36469,
            "gross_margin": 13.44,
            "gross_margin_4q_avg": 17.56,
            "net_income": -2701,
            "net_income_4q": null,
            "revenue": 271427,
            "revenue_4q": null,
            "common_shares": 330703,
            "book_valuer_per_share": 22.01,
            "book_valuer_per_share_4q_avg": 20.46,
            "equity": 728042,
            "current_ratio": 213.83,
            "debt_ratio": 44.49,
            "inventory_turnover_ratio": 2.84,
            "account_receivable_turnover_ratio": 0.52,
            "reinvestment_rate": null,
            "research_to_sale_ratio": 2.2,
            "price_fair": 10.86,
            "eps_avg_yearly": 3.62,
            "eps_latest_yearly": 3.56,
            "eps_growth_yearly": -69.21
        },
        "20151": {
            "year_quarter": 20151,
            "year": 2015,
            "quarter": 1,
            "eps": 0.03,
            "eps_growth_year": -97.76,
            "eps_4q": 1.54,
            "eps_4q_growth_year": -22.71,
            "roe": 0.12,
            "roe_4q": 8.870000000000001,
            "gross_profit": 37708,
            "gross_margin": 14.38,
            "gross_margin_4q_avg": 16.22,
            "net_income": 855,
            "net_income_4q": null,
            "revenue": 262236,
            "revenue_4q": null,
            "common_shares": 330703,
            "book_valuer_per_share": 22.07,
            "book_valuer_per_share_4q_avg": 20.94,
            "equity": 729778,
            "current_ratio": 214.72,
            "debt_ratio": 43.83,
            "inventory_turnover_ratio": 2.75,
            "account_receivable_turnover_ratio": 0.64,
            "reinvestment_rate": null,
            "research_to_sale_ratio": 2.21,
            "price_fair": 10.86,
            "eps_avg_yearly": 3.62,
            "eps_latest_yearly": 3.56,
            "eps_growth_yearly": -69.21
        },
        "20152": {
            "year_quarter": 20152,
            "year": 2015,
            "quarter": 2,
            "eps": 0.04,
            "eps_growth_year": -95.65,
            "eps_4q": 0.78,
            "eps_4q_growth_year": -65.7,
            "roe": 0.23,
            "roe_4q": 4.44,
            "gross_profit": 36770,
            "gross_margin": 13.54,
            "gross_margin_4q_avg": 14.48,
            "net_income": 1588,
            "net_income_4q": null,
            "revenue": 271663,
            "revenue_4q": null,
            "common_shares": 330703,
            "book_valuer_per_share": 20.33,
            "book_valuer_per_share_4q_avg": 21.19,
            "equity": 674475,
            "current_ratio": 184.74,
            "debt_ratio": 48.46,
            "inventory_turnover_ratio": 2.82,
            "account_receivable_turnover_ratio": 0.71,
            "reinvestment_rate": null,
            "research_to_sale_ratio": 2.26,
            "price_fair": 7.4,
            "eps_avg_yearly": 2.47,
            "eps_latest_yearly": 0.16,
            "eps_growth_yearly": -1.69
        },
        "20153": {
            "year_quarter": 20153,
            "year": 2015,
            "quarter": 3,
            "eps": 0.52,
            "eps_growth_year": -41.57,
            "eps_4q": 0.5,
            "eps_4q_growth_year": -84.03,
            "roe": 2.49,
            "roe_4q": 2.43,
            "gross_profit": 28952,
            "gross_margin": 10.82,
            "gross_margin_4q_avg": 13.05,
            "net_income": 17110,
            "net_income_4q": null,
            "revenue": 267487,
            "revenue_4q": null,
            "common_shares": 334433,
            "book_valuer_per_share": 20.99,
            "book_valuer_per_share_4q_avg": 21.35,
            "equity": 701844,
            "current_ratio": 218.09,
            "debt_ratio": 43.16,
            "inventory_turnover_ratio": 3.15,
            "account_receivable_turnover_ratio": 0.69,
            "reinvestment_rate": null,
            "research_to_sale_ratio": 2.36,
            "price_fair": 82.95,
            "eps_avg_yearly": 2.37,
            "eps_latest_yearly": 2.08,
            "eps_growth_yearly": 1198.73
        },
        "20154": {
            "year_quarter": 20154,
            "year": 2015,
            "quarter": 4,
            "eps": -0.24,
            "eps_growth_year": null,
            "eps_4q": 0.34,
            "eps_4q_growth_year": -87.42,
            "roe": -1.17,
            "roe_4q": 1.6700000000000004,
            "gross_profit": 27090,
            "gross_margin": 12.52,
            "gross_margin_4q_avg": 12.82,
            "net_income": -8180,
            "net_income_4q": null,
            "revenue": 216389,
            "revenue_4q": null,
            "common_shares": 334513,
            "book_valuer_per_share": 20.69,
            "book_valuer_per_share_4q_avg": 21.02,
            "equity": 692174,
            "current_ratio": 216.55,
            "debt_ratio": 41.97,
            "inventory_turnover_ratio": 2.76,
            "account_receivable_turnover_ratio": 0.59,
            "reinvestment_rate": null,
            "research_to_sale_ratio": 2.8,
            "price_fair": 82.95,
            "eps_avg_yearly": 2.37,
            "eps_latest_yearly": 2.08,
            "eps_growth_yearly": 1198.73
        },
        "20161": {
            "year_quarter": 20161,
            "year": 2016,
            "quarter": 1,
            "eps": 0.01,
            "eps_growth_year": -66.67,
            "eps_4q": 0.33,
            "eps_4q_growth_year": -78.71,
            "roe": 0.03,
            "roe_4q": 1.5800000000000003,
            "gross_profit": 37208,
            "gross_margin": 14.25,
            "gross_margin_4q_avg": 12.78,
            "net_income": 223,
            "net_income_4q": null,
            "revenue": 261179,
            "revenue_4q": null,
            "common_shares": 334723,
            "book_valuer_per_share": 20.67,
            "book_valuer_per_share_4q_avg": 20.67,
            "equity": 694077,
            "current_ratio": 222.84,
            "debt_ratio": 40.74,
            "inventory_turnover_ratio": 3.1,
            "account_receivable_turnover_ratio": 0.73,
            "reinvestment_rate": null,
            "research_to_sale_ratio": 2.44,
            "price_fair": 82.95,
            "eps_avg_yearly": 2.37,
            "eps_latest_yearly": 2.08,
            "eps_growth_yearly": 1198.73
        },
        "20162": {
            "year_quarter": 20162,
            "year": 2016,
            "quarter": 2,
            "eps": 0.01,
            "eps_growth_year": -75,
            "eps_4q": 0.29,
            "eps_4q_growth_year": -62.82,
            "roe": -0.06,
            "roe_4q": 1.2900000000000003,
            "gross_profit": 36251,
            "gross_margin": 13.37,
            "gross_margin_4q_avg": 12.74,
            "net_income": -387,
            "net_income_4q": null,
            "revenue": 271046,
            "revenue_4q": null,
            "common_shares": 334723,
            "book_valuer_per_share": 20.35,
            "book_valuer_per_share_4q_avg": 20.68,
            "equity": 682615,
            "current_ratio": 185.75,
            "debt_ratio": 45.6,
            "inventory_turnover_ratio": 3.17,
            "account_receivable_turnover_ratio": 0.65,
            "reinvestment_rate": null,
            "research_to_sale_ratio": 2.36,
            "price_fair": 66.64,
            "eps_avg_yearly": 1.9,
            "eps_latest_yearly": 0.04,
            "eps_growth_yearly": 958.98
        },
        "20163": {
            "year_quarter": 20163,
            "year": 2016,
            "quarter": 3,
            "eps": -0.11,
            "eps_growth_year": -121.15,
            "eps_4q": -0.34,
            "eps_4q_growth_year": -166.74,
            "roe": -0.6,
            "roe_4q": -1.7999999999999998,
            "gross_profit": 39517,
            "gross_margin": 15.08,
            "gross_margin_4q_avg": 13.81,
            "net_income": -4057,
            "net_income_4q": null,
            "revenue": 262012,
            "revenue_4q": null,
            "common_shares": 334723,
            "book_valuer_per_share": 20.27,
            "book_valuer_per_share_4q_avg": 20.5,
            "equity": 663819,
            "current_ratio": 183.8,
            "debt_ratio": 45.7,
            "inventory_turnover_ratio": 2.93,
            "account_receivable_turnover_ratio": 0.58,
            "reinvestment_rate": null,
            "research_to_sale_ratio": 2.26,
            "price_fair": 66.64,
            "eps_avg_yearly": 1.9,
            "eps_latest_yearly": 0.04,
            "eps_growth_yearly": 958.98
        },
        "20164": {
            "year_quarter": 20164,
            "year": 2016,
            "quarter": 4,
            "eps": -0.25,
            "eps_growth_year": null,
            "eps_4q": -0.33,
            "eps_4q_growth_year": -197.89,
            "roe": -1.23,
            "roe_4q": -1.86,
            "gross_profit": 26065,
            "gross_margin": 10.81,
            "gross_margin_4q_avg": 13.38,
            "net_income": -8107,
            "net_income_4q": null,
            "revenue": 241132,
            "revenue_4q": null,
            "common_shares": 334723,
            "book_valuer_per_share": 20.03,
            "book_valuer_per_share_4q_avg": 20.33,
            "equity": 656083,
            "current_ratio": 175.84,
            "debt_ratio": 45.67,
            "inventory_turnover_ratio": 2.81,
            "account_receivable_turnover_ratio": 0.54,
            "reinvestment_rate": -24.17,
            "research_to_sale_ratio": 2.05,
            "price_fair": 66.64,
            "eps_avg_yearly": 1.9,
            "eps_latest_yearly": 0.04,
            "eps_growth_yearly": 958.98
        },
        "20171": {
            "year_quarter": 20171,
            "year": 2017,
            "quarter": 1,
            "eps": -0.27,
            "eps_growth_year": -2800,
            "eps_4q": -0.62,
            "eps_4q_growth_year": -289.4,
            "roe": -1.43,
            "roe_4q": -3.3200000000000003,
            "gross_profit": 33874,
            "gross_margin": 14.17,
            "gross_margin_4q_avg": 13.36,
            "net_income": -9263,
            "net_income_4q": null,
            "revenue": 239032,
            "revenue_4q": null,
            "common_shares": 334723,
            "book_valuer_per_share": 19.56,
            "book_valuer_per_share_4q_avg": 20.05,
            "equity": 640478,
            "current_ratio": 169.41,
            "debt_ratio": 46.14,
            "inventory_turnover_ratio": 2.44,
            "account_receivable_turnover_ratio": 0.61,
            "reinvestment_rate": 60.6,
            "research_to_sale_ratio": 2.35,
            "price_fair": 66.64,
            "eps_avg_yearly": 1.9,
            "eps_latest_yearly": 0.04,
            "eps_growth_yearly": 958.98
        },
        "20172": {
            "year_quarter": 20172,
            "year": 2017,
            "quarter": 2,
            "eps": 0.34,
            "eps_growth_year": 3300,
            "eps_4q": -0.28,
            "eps_4q_growth_year": -197.38,
            "roe": 1.74,
            "roe_4q": -1.52,
            "gross_profit": 37020,
            "gross_margin": 15.47,
            "gross_margin_4q_avg": 13.88,
            "net_income": 11261,
            "net_income_4q": null,
            "revenue": 239308,
            "revenue_4q": null,
            "common_shares": 334723,
            "book_valuer_per_share": 19.95,
            "book_valuer_per_share_4q_avg": 19.95,
            "equity": 652867,
            "current_ratio": 159.56,
            "debt_ratio": 47.72,
            "inventory_turnover_ratio": 2.16,
            "account_receivable_turnover_ratio": 0.69,
            "reinvestment_rate": 78.17,
            "research_to_sale_ratio": 2.13,
            "price_fair": 66.64,
            "eps_avg_yearly": 1.9,
            "eps_latest_yearly": 0.04,
            "eps_growth_yearly": 958.98
        },
        "20173": {
            "year_quarter": 20173,
            "year": 2017,
            "quarter": 3,
            "eps": -0.05,
            "eps_growth_year": null,
            "eps_4q": -0.22,
            "eps_4q_growth_year": null,
            "roe": -0.27,
            "roe_4q": -1.19,
            "gross_profit": 41824,
            "gross_margin": 14.81,
            "gross_margin_4q_avg": 13.82,
            "net_income": -1734,
            "net_income_4q": null,
            "revenue": 282435,
            "revenue_4q": null,
            "common_shares": 335513,
            "book_valuer_per_share": 19.89,
            "book_valuer_per_share_4q_avg": 19.86,
            "equity": 652444,
            "current_ratio": 170.35,
            "debt_ratio": 51.46,
            "inventory_turnover_ratio": 2.47,
            "account_receivable_turnover_ratio": 0.8,
            "reinvestment_rate": 98.23,
            "research_to_sale_ratio": 1.81,
            "price_fair": 66.64,
            "eps_avg_yearly": 1.9,
            "eps_latest_yearly": 0.04,
            "eps_growth_yearly": 958.98
        },
        "20174": {
            "year_quarter": 20174,
            "year": 2017,
            "quarter": 4,
            "eps": -0.78,
            "eps_growth_year": null,
            "eps_4q": -0.75,
            "eps_4q_growth_year": null,
            "roe": -4.01,
            "roe_4q": -3.969999999999999,
            "gross_profit": 20451,
            "gross_margin": 10.47,
            "gross_margin_4q_avg": 13.73,
            "net_income": -25620,
            "net_income_4q": null,
            "revenue": 195308,
            "revenue_4q": null,
            "common_shares": 335513,
            "book_valuer_per_share": 19.06,
            "book_valuer_per_share_4q_avg": 19.62,
            "equity": 624901,
            "current_ratio": 164.77,
            "debt_ratio": 51.94,
            "inventory_turnover_ratio": 1.84,
            "account_receivable_turnover_ratio": 0.57,
            "reinvestment_rate": 179.31,
            "research_to_sale_ratio": 2.77,
            "price_fair": 66.64,
            "eps_avg_yearly": 1.9,
            "eps_latest_yearly": 0.04,
            "eps_growth_yearly": 958.98
        },
        "20181": {
            "year_quarter": 20181,
            "year": 2018,
            "quarter": 1,
            "eps": -0.03,
            "eps_growth_year": null,
            "eps_4q": -0.51,
            "eps_4q_growth_year": null,
            "roe": -0.24,
            "roe_4q": -2.7799999999999994,
            "gross_profit": 36241,
            "gross_margin": 15.21,
            "gross_margin_4q_avg": 13.99,
            "net_income": -1509,
            "net_income_4q": null,
            "revenue": 238326,
            "revenue_4q": null,
            "common_shares": 335513,
            "book_valuer_per_share": 19.06,
            "book_valuer_per_share_4q_avg": 19.49,
            "equity": 624490,
            "current_ratio": 152.11,
            "debt_ratio": 54.97,
            "inventory_turnover_ratio": 1.94,
            "account_receivable_turnover_ratio": 0.74,
            "reinvestment_rate": 479.5,
            "research_to_sale_ratio": 1.85,
            "price_fair": 66.64,
            "eps_avg_yearly": 1.9,
            "eps_latest_yearly": 0.04,
            "eps_growth_yearly": 958.98
        },
        "20182": {
            "year_quarter": 20182,
            "year": 2018,
            "quarter": 2,
            "eps": 0.41,
            "eps_growth_year": 20.59,
            "eps_4q": -0.45,
            "eps_4q_growth_year": null,
            "roe": 2.13,
            "roe_4q": -2.39,
            "gross_profit": 39602,
            "gross_margin": 15.23,
            "gross_margin_4q_avg": 13.93,
            "net_income": 13443,
            "net_income_4q": null,
            "revenue": 260058,
            "revenue_4q": null,
            "common_shares": 335513,
            "book_valuer_per_share": 19.51,
            "book_valuer_per_share_4q_avg": 19.38,
            "equity": 639392,
            "current_ratio": 157.01,
            "debt_ratio": 53.3,
            "inventory_turnover_ratio": 1.71,
            "account_receivable_turnover_ratio": 0.75,
            "reinvestment_rate": 1083.46,
            "research_to_sale_ratio": 2,
            "price_fair": 51.1,
            "eps_avg_yearly": 1.46,
            "eps_latest_yearly": 0.04,
            "eps_growth_yearly": 1230.07
        },
        "20183": {
            "year_quarter": 20183,
            "year": 2018,
            "quarter": 3,
            "eps": 0.54,
            "eps_growth_year": null,
            "eps_4q": 0.14,
            "eps_4q_growth_year": null,
            "roe": 2.75,
            "roe_4q": 0.6299999999999999,
            "gross_profit": 55373,
            "gross_margin": 18.76,
            "gross_margin_4q_avg": 14.92,
            "net_income": 17821,
            "net_income_4q": null,
            "revenue": 295101,
            "revenue_4q": null,
            "common_shares": 335513,
            "book_valuer_per_share": 20.07,
            "book_valuer_per_share_4q_avg": 19.43,
            "equity": 657651,
            "current_ratio": 149.74,
            "debt_ratio": 54.32,
            "inventory_turnover_ratio": 1.6,
            "account_receivable_turnover_ratio": 0.77,
            "reinvestment_rate": 3796,
            "research_to_sale_ratio": 1.72,
            "price_fair": 38.85,
            "eps_avg_yearly": 1.11,
            "eps_latest_yearly": 2.16,
            "eps_growth_yearly": 1265.04
        },
        "20184": {
            "year_quarter": 20184,
            "year": 2018,
            "quarter": 4,
            "eps": 0.28,
            "eps_growth_year": null,
            "eps_4q": 1.2,
            "eps_4q_growth_year": null,
            "roe": 1.4,
            "roe_4q": 6.04,
            "gross_profit": 45759,
            "gross_margin": 19.11,
            "gross_margin_4q_avg": 17.08,
            "net_income": 9280,
            "net_income_4q": null,
            "revenue": 239499,
            "revenue_4q": null,
            "common_shares": 335513,
            "book_valuer_per_share": 20.4,
            "book_valuer_per_share_4q_avg": 19.76,
            "equity": 668730,
            "current_ratio": 168.52,
            "debt_ratio": 46.41,
            "inventory_turnover_ratio": 1.23,
            "account_receivable_turnover_ratio": 0.67,
            "reinvestment_rate": 821.66,
            "research_to_sale_ratio": 1.82,
            "price_fair": 38.92,
            "eps_avg_yearly": 1.11,
            "eps_latest_yearly": 1.12,
            "eps_growth_yearly": 973.51
        },
        "20191": {
            "year_quarter": 20191,
            "year": 2019,
            "quarter": 1,
            "eps": 0.45,
            "eps_growth_year": null,
            "eps_4q": 1.69,
            "eps_4q_growth_year": null,
            "roe": 2.19,
            "roe_4q": 8.469999999999999,
            "gross_profit": 61845,
            "gross_margin": 20.61,
            "gross_margin_4q_avg": 18.43,
            "net_income": 14763,
            "net_income_4q": null,
            "revenue": 300078,
            "revenue_4q": null,
            "common_shares": 335513,
            "book_valuer_per_share": 20.76,
            "book_valuer_per_share_4q_avg": 20.19,
            "equity": 680461,
            "current_ratio": 164.76,
            "debt_ratio": 47.05,
            "inventory_turnover_ratio": 1.49,
            "account_receivable_turnover_ratio": 0.97,
            "reinvestment_rate": 420.52,
            "research_to_sale_ratio": 1.38,
            "price_fair": 42.93,
            "eps_avg_yearly": 1.23,
            "eps_latest_yearly": 1.8,
            "eps_growth_yearly": 851.74
        },
        "20192": {
            "year_quarter": 20192,
            "year": 2019,
            "quarter": 2,
            "eps": 0.55,
            "eps_growth_year": 34.15,
            "eps_4q": 1.83,
            "eps_4q_growth_year": null,
            "roe": 2.69,
            "roe_4q": 9.03,
            "gross_profit": 62052,
            "gross_margin": 21.34,
            "gross_margin_4q_avg": 19.96,
            "net_income": 18185,
            "net_income_4q": null,
            "revenue": 290801,
            "revenue_4q": null,
            "common_shares": 335513,
            "book_valuer_per_share": 20.42,
            "book_valuer_per_share_4q_avg": 20.41,
            "equity": 669281,
            "current_ratio": 159.07,
            "debt_ratio": 47.79,
            "inventory_turnover_ratio": 1.41,
            "account_receivable_turnover_ratio": 0.95,
            "reinvestment_rate": 231.94,
            "research_to_sale_ratio": 1.65,
            "price_fair": 54.83,
            "eps_avg_yearly": 1.57,
            "eps_latest_yearly": 2.2,
            "eps_growth_yearly": 844.33
        },
        "20193": {
            "year_quarter": 20193,
            "year": 2019,
            "quarter": 3,
            "eps": 0.82,
            "eps_growth_year": 51.85,
            "eps_4q": 1.95,
            "eps_4q_growth_year": 1282.84,
            "roe": 3.9,
            "roe_4q": 10.18,
            "gross_profit": 71442,
            "gross_margin": 22.03,
            "gross_margin_4q_avg": 20.77,
            "net_income": 27672,
            "net_income_4q": null,
            "revenue": 324299,
            "revenue_4q": null,
            "common_shares": 365513,
            "book_valuer_per_share": 20.98,
            "book_valuer_per_share_4q_avg": 20.64,
            "equity": 750542,
            "current_ratio": 174.95,
            "debt_ratio": 42.17,
            "inventory_turnover_ratio": 1.67,
            "account_receivable_turnover_ratio": 0.99,
            "reinvestment_rate": 177.42,
            "research_to_sale_ratio": 1.46,
            "price_fair": 61.83,
            "eps_avg_yearly": 1.77,
            "eps_latest_yearly": 3.28,
            "eps_growth_yearly": 77.06
        },
        "20194": {
            "year_quarter": 20194,
            "year": 2019,
            "quarter": 4,
            "eps": 0.23,
            "eps_growth_year": -19.86,
            "eps_4q": 1.84,
            "eps_4q_growth_year": 53.44,
            "roe": 1.1,
            "roe_4q": 9.879999999999999,
            "gross_profit": 53210,
            "gross_margin": 18.75,
            "gross_margin_4q_avg": 20.68,
            "net_income": 8501,
            "net_income_4q": null,
            "revenue": 283762,
            "revenue_4q": null,
            "common_shares": 382428,
            "book_valuer_per_share": 21.06,
            "book_valuer_per_share_4q_avg": 20.81,
            "equity": 789039,
            "current_ratio": 175.83,
            "debt_ratio": 38.35,
            "inventory_turnover_ratio": 1.7,
            "account_receivable_turnover_ratio": 0.84,
            "reinvestment_rate": 96.53,
            "research_to_sale_ratio": 1.56,
            "price_fair": 57.49,
            "eps_avg_yearly": 1.65,
            "eps_latest_yearly": 0.92,
            "eps_growth_yearly": 24.93
        },
        "20201": {
            "year_quarter": 20201,
            "year": 2020,
            "quarter": 1,
            "eps": 0.35,
            "eps_growth_year": -22.22,
            "eps_4q": 1.77,
            "eps_4q_growth_year": 5.3,
            "roe": 1.63,
            "roe_4q": 9.32,
            "gross_profit": 49821,
            "gross_margin": 18.37,
            "gross_margin_4q_avg": 20.12,
            "net_income": 13031,
            "net_income_4q": null,
            "revenue": 271188,
            "revenue_4q": null,
            "common_shares": 388249,
            "book_valuer_per_share": 21.36,
            "book_valuer_per_share_4q_avg": 20.96,
            "equity": 811223,
            "current_ratio": 186.35,
            "debt_ratio": 39.03,
            "inventory_turnover_ratio": 1.42,
            "account_receivable_turnover_ratio": 0.79,
            "reinvestment_rate": 84.31,
            "research_to_sale_ratio": 1.46,
            "price_fair": 56.53,
            "eps_avg_yearly": 1.62,
            "eps_latest_yearly": 1.4,
            "eps_growth_yearly": 47.9
        },
        "20202": {
            "year_quarter": 20202,
            "year": 2020,
            "quarter": 2,
            "eps": 0.66,
            "eps_growth_year": 20,
            "eps_4q": 1.96,
            "eps_4q_growth_year": 6.81,
            "roe": 3.15,
            "roe_4q": 9.78,
            "gross_profit": 51009,
            "gross_margin": 18.42,
            "gross_margin_4q_avg": 19.39,
            "net_income": 25188,
            "net_income_4q": null,
            "revenue": 276888,
            "revenue_4q": null,
            "common_shares": 388249,
            "book_valuer_per_share": 20.69,
            "book_valuer_per_share_4q_avg": 21.02,
            "equity": 786680,
            "current_ratio": 174.14,
            "debt_ratio": 41.58,
            "inventory_turnover_ratio": 1.27,
            "account_receivable_turnover_ratio": 0.76,
            "reinvestment_rate": 40.39,
            "research_to_sale_ratio": 1.55,
            "price_fair": 67.9,
            "eps_avg_yearly": 1.94,
            "eps_latest_yearly": 2.64,
            "eps_growth_yearly": 92.19
        },
        "20203": {
            "year_quarter": 20203,
            "year": 2020,
            "quarter": 3,
            "eps": 0.36,
            "eps_growth_year": -56.1,
            "eps_4q": 1.59,
            "eps_4q_growth_year": -18.6,
            "roe": 1.73,
            "roe_4q": 7.609999999999999,
            "gross_profit": 56680,
            "gross_margin": 18.08,
            "gross_margin_4q_avg": 18.41,
            "net_income": 13744,
            "net_income_4q": null,
            "revenue": 313568,
            "revenue_4q": null,
            "common_shares": 380229,
            "book_valuer_per_share": 21.01,
            "book_valuer_per_share_4q_avg": 21.03,
            "equity": 798980,
            "current_ratio": 182.26,
            "debt_ratio": 39.7,
            "inventory_turnover_ratio": 1.45,
            "account_receivable_turnover_ratio": 0.86,
            "reinvestment_rate": 30.72,
            "research_to_sale_ratio": 1.57,
            "price_fair": 65.96,
            "eps_avg_yearly": 1.88,
            "eps_latest_yearly": 1.44,
            "eps_growth_yearly": 61.74
        },
        "20204": {
            "year_quarter": 20204,
            "year": 2020,
            "quarter": 4,
            "eps": 0.49,
            "eps_growth_year": 114.74,
            "eps_4q": 1.85,
            "eps_4q_growth_year": 0.16,
            "roe": 2.32,
            "roe_4q": 8.829999999999998,
            "gross_profit": 70377,
            "gross_margin": 20.91,
            "gross_margin_4q_avg": 18.95,
            "net_income": 18608,
            "net_income_4q": null,
            "revenue": 336563,
            "revenue_4q": null,
            "common_shares": 381966,
            "book_valuer_per_share": 21.16,
            "book_valuer_per_share_4q_avg": 21.06,
            "equity": 808304,
            "current_ratio": 154.27,
            "debt_ratio": 43.51,
            "inventory_turnover_ratio": 1.46,
            "account_receivable_turnover_ratio": 0.94,
            "reinvestment_rate": -1.51,
            "research_to_sale_ratio": 1.42,
            "price_fair": 66.22,
            "eps_avg_yearly": 1.89,
            "eps_latest_yearly": 1.96,
            "eps_growth_yearly": 70.01
        },
        "20211": {
            "year_quarter": 20211,
            "year": 2021,
            "quarter": 1,
            "eps": 0.8,
            "eps_growth_year": 128.57,
            "eps_4q": 2.28,
            "eps_4q_growth_year": 28.34,
            "roe": 3.7,
            "roe_4q": 10.9,
            "gross_profit": 77335,
            "gross_margin": 23.58,
            "gross_margin_4q_avg": 20.25,
            "net_income": 30618,
            "net_income_4q": null,
            "revenue": 327998,
            "revenue_4q": null,
            "common_shares": 387071,
            "book_valuer_per_share": 21.91,
            "book_valuer_per_share_4q_avg": 21.19,
            "equity": 848196,
            "current_ratio": 165.75,
            "debt_ratio": 40.64,
            "inventory_turnover_ratio": 1.15,
            "account_receivable_turnover_ratio": 0.95,
            "reinvestment_rate": -4.31,
            "research_to_sale_ratio": 1.71,
            "price_fair": 70.38,
            "eps_avg_yearly": 2.01,
            "eps_latest_yearly": 3.2,
            "eps_growth_yearly": 86.66
        },
        "20212": {
            "year_quarter": 20212,
            "year": 2021,
            "quarter": 2,
            "eps": 1.29,
            "eps_growth_year": 95.45,
            "eps_4q": 2.89,
            "eps_4q_growth_year": 47.79,
            "roe": 5.74,
            "roe_4q": 13.490000000000002,
            "gross_profit": 108436,
            "gross_margin": 24.82,
            "gross_margin_4q_avg": 21.85,
            "net_income": 50370,
            "net_income_4q": null,
            "revenue": 436967,
            "revenue_4q": null,
            "common_shares": 391966,
            "book_valuer_per_share": 23.13,
            "book_valuer_per_share_4q_avg": 21.8,
            "equity": 906522,
            "current_ratio": 163.42,
            "debt_ratio": 41.75,
            "inventory_turnover_ratio": 1.2,
            "account_receivable_turnover_ratio": 1.15,
            "reinvestment_rate": -10.93,
            "research_to_sale_ratio": 1.39,
            "price_fair": 79.57,
            "eps_avg_yearly": 2.27,
            "eps_latest_yearly": 5.16,
            "eps_growth_yearly": 99.85
        },
        "20213": {
            "year_quarter": 20213,
            "year": 2021,
            "quarter": 3,
            "eps": 1.14,
            "eps_growth_year": 216.67,
            "eps_4q": 3.68,
            "eps_4q_growth_year": 131.61,
            "roe": 4.94,
            "roe_4q": 16.7,
            "gross_profit": 92002,
            "gross_margin": 22.82,
            "gross_margin_4q_avg": 23.03,
            "net_income": 44865,
            "net_income_4q": null,
            "revenue": 403222,
            "revenue_4q": null,
            "common_shares": 392229,
            "book_valuer_per_share": 23.21,
            "book_valuer_per_share_4q_avg": 22.35,
            "equity": 910187,
            "current_ratio": 148.52,
            "debt_ratio": 44.35,
            "inventory_turnover_ratio": 1.02,
            "account_receivable_turnover_ratio": 0.97,
            "reinvestment_rate": -7.64,
            "research_to_sale_ratio": 1.55,
            "price_fair": 85.72,
            "eps_avg_yearly": 2.45,
            "eps_latest_yearly": 4.56,
            "eps_growth_yearly": 88.59
        },
        "20214": {
            "year_quarter": 20214,
            "year": 2021,
            "quarter": 4,
            "eps": 0.94,
            "eps_growth_year": 92.96,
            "eps_4q": 4.15,
            "eps_4q_growth_year": 124.5,
            "roe": 3.97,
            "roe_4q": 18.35,
            "gross_profit": 89895,
            "gross_margin": 23.09,
            "gross_margin_4q_avg": 23.58,
            "net_income": 36880,
            "net_income_4q": null,
            "revenue": 389339,
            "revenue_4q": null,
            "common_shares": 392337,
            "book_valuer_per_share": 24.14,
            "book_valuer_per_share_4q_avg": 23.1,
            "equity": 947234,
            "current_ratio": 155.93,
            "debt_ratio": 41.54,
            "inventory_turnover_ratio": 0.99,
            "account_receivable_turnover_ratio": 0.92,
            "reinvestment_rate": -4.8,
            "research_to_sale_ratio": 2.44,
            "price_fair": 89,
            "eps_avg_yearly": 2.54,
            "eps_latest_yearly": 3.76,
            "eps_growth_yearly": 77.25
        },
        "20221": {
            "year_quarter": 20221,
            "year": 2022,
            "quarter": 1,
            "eps": 1.15,
            "eps_growth_year": 43.75,
            "eps_4q": 4.52,
            "eps_4q_growth_year": 98.52,
            "roe": 4.87,
            "roe_4q": 19.520000000000003,
            "gross_profit": 92045,
            "gross_margin": 23.53,
            "gross_margin_4q_avg": 23.57,
            "net_income": 45281,
            "net_income_4q": null,
            "revenue": 391147,
            "revenue_4q": null,
            "common_shares": 392337,
            "book_valuer_per_share": 23.24,
            "book_valuer_per_share_4q_avg": 23.43,
            "equity": 911629,
            "current_ratio": 144.8,
            "debt_ratio": 44,
            "inventory_turnover_ratio": 0.99,
            "account_receivable_turnover_ratio": 0.9,
            "reinvestment_rate": -3.03,
            "research_to_sale_ratio": 1.61,
            "price_fair": 93.8,
            "eps_avg_yearly": 2.68,
            "eps_latest_yearly": 4.6,
            "eps_growth_yearly": 78.06
        },
        "20222": {
            "year_quarter": 20222,
            "year": 2022,
            "quarter": 2,
            "eps": 1.49,
            "eps_growth_year": 15.5,
            "eps_4q": 4.53,
            "eps_4q_growth_year": 56.83,
            "roe": 6.12,
            "roe_4q": 19.900000000000002,
            "gross_profit": 111174,
            "gross_margin": 26.18,
            "gross_margin_4q_avg": 23.91,
            "net_income": 58544,
            "net_income_4q": null,
            "revenue": 424586,
            "revenue_4q": null,
            "common_shares": 409202,
            "book_valuer_per_share": 24.46,
            "book_valuer_per_share_4q_avg": 23.76,
            "equity": 1000772,
            "current_ratio": 162.82,
            "debt_ratio": 40.37,
            "inventory_turnover_ratio": 0.99,
            "account_receivable_turnover_ratio": 0.97,
            "reinvestment_rate": -5.5,
            "research_to_sale_ratio": 1.48,
            "price_fair": 100.98,
            "eps_avg_yearly": 2.89,
            "eps_latest_yearly": 5.96,
            "eps_growth_yearly": 80.57
        },
        "20223": {
            "year_quarter": 20223,
            "year": 2022,
            "quarter": 3,
            "eps": 1.37,
            "eps_growth_year": 20.18,
            "eps_4q": 4.81,
            "eps_4q_growth_year": 30.67,
            "roe": 5.48,
            "roe_4q": 20.44,
            "gross_profit": 102886,
            "gross_margin": 25.79,
            "gross_margin_4q_avg": 24.65,
            "net_income": 56253,
            "net_income_4q": null,
            "revenue": 398981,
            "revenue_4q": null,
            "common_shares": 409256,
            "book_valuer_per_share": 25.71,
            "book_valuer_per_share_4q_avg": 24.39,
            "equity": 1052273,
            "current_ratio": 186.34,
            "debt_ratio": 35.68,
            "inventory_turnover_ratio": 0.97,
            "account_receivable_turnover_ratio": 0.91,
            "reinvestment_rate": -7.19,
            "research_to_sale_ratio": 1.64,
            "price_fair": 108.24,
            "eps_avg_yearly": 3.09,
            "eps_latest_yearly": 5.48,
            "eps_growth_yearly": 70.63
        },
        "20224": {
            "year_quarter": 20224,
            "year": 2022,
            "quarter": 4,
            "eps": 0.42,
            "eps_growth_year": -55.69,
            "eps_4q": 4.33,
            "eps_4q_growth_year": 4.34,
            "roe": 1.61,
            "roe_4q": 18.080000000000002,
            "gross_profit": 75062,
            "gross_margin": 22.66,
            "gross_margin_4q_avg": 24.54,
            "net_income": 17046,
            "net_income_4q": null,
            "revenue": 331195,
            "revenue_4q": null,
            "common_shares": 409256,
            "book_valuer_per_share": 26.18,
            "book_valuer_per_share_4q_avg": 24.9,
            "equity": 1071241,
            "current_ratio": 221.5,
            "debt_ratio": 30.81,
            "inventory_turnover_ratio": 0.98,
            "account_receivable_turnover_ratio": 0.8,
            "reinvestment_rate": -7.12,
            "research_to_sale_ratio": 2.3,
            "price_fair": 109.46,
            "eps_avg_yearly": 3.13,
            "eps_latest_yearly": 1.68,
            "eps_growth_yearly": 65.33
        },
        "20231": {
            "year_quarter": 20231,
            "year": 2023,
            "quarter": 1,
            "eps": 0.28,
            "eps_growth_year": -75.65,
            "eps_4q": 3.5,
            "eps_4q_growth_year": -22.57,
            "roe": 1.12,
            "roe_4q": 14.330000000000002,
            "gross_profit": 61200,
            "gross_margin": 22.51,
            "gross_margin_4q_avg": 24.29,
            "net_income": 11436,
            "net_income_4q": null,
            "revenue": 271822,
            "revenue_4q": null,
            "common_shares": 409256,
            "book_valuer_per_share": 23.73,
            "book_valuer_per_share_4q_avg": 25.02,
            "equity": 971072,
            "current_ratio": 193.18,
            "debt_ratio": 34.41,
            "inventory_turnover_ratio": 0.96,
            "account_receivable_turnover_ratio": 0.76,
            "reinvestment_rate": -8.3,
            "research_to_sale_ratio": 2.54,
            "price_fair": 107.98,
            "eps_avg_yearly": 3.09,
            "eps_latest_yearly": 1.12,
            "eps_growth_yearly": 41.82
        },
        "20232": {
            "year_quarter": 20232,
            "year": 2023,
            "quarter": 2,
            "eps": 0.18,
            "eps_growth_year": -87.92,
            "eps_4q": 2.25,
            "eps_4q_growth_year": -50.46,
            "roe": 0.74,
            "roe_4q": 8.950000000000001,
            "gross_profit": 46322,
            "gross_margin": 21.19,
            "gross_margin_4q_avg": 23.04,
            "net_income": 7205,
            "net_income_4q": null,
            "revenue": 218649,
            "revenue_4q": null,
            "common_shares": 409256,
            "book_valuer_per_share": 23.89,
            "book_valuer_per_share_4q_avg": 24.88,
            "equity": 977624,
            "current_ratio": 196.87,
            "debt_ratio": 32.05,
            "inventory_turnover_ratio": 0.81,
            "account_receivable_turnover_ratio": 0.71,
            "reinvestment_rate": -5.85,
            "research_to_sale_ratio": 3.13,
            "price_fair": 104.74,
            "eps_avg_yearly": 2.99,
            "eps_latest_yearly": 0.72,
            "eps_growth_yearly": 27.34
        }
    },
    "months": {
        "2013-08": {
            "month": "2013-08",
            "price": "32.12",
            "revenue": 127093
        },
        "2013-09": {
            "month": "2013-09",
            "price": "24.16",
            "revenue": 147830
        },
        "2013-10": {
            "month": "2013-10",
            "price": "23.65",
            "revenue": 135029
        },
        "2013-11": {
            "month": "2013-11",
            "price": "23.03",
            "revenue": 115361
        },
        "2013-12": {
            "month": "2013-12",
            "price": "23.01",
            "revenue": 106476
        },
        "2014-01": {
            "month": "2014-01",
            "price": "23.97",
            "revenue": 113495
        },
        "2014-02": {
            "month": "2014-02",
            "price": "28.46",
            "revenue": 119433
        },
        "2014-03": {
            "month": "2014-03",
            "price": "32.24",
            "revenue": 177687
        },
        "2014-04": {
            "month": "2014-04",
            "price": "38.19",
            "revenue": 179227
        },
        "2014-05": {
            "month": "2014-05",
            "price": "39.49",
            "revenue": 145837
        },
        "2014-06": {
            "month": "2014-06",
            "price": "47.81",
            "revenue": 126307
        },
        "2014-07": {
            "month": "2014-07",
            "price": "50.92",
            "revenue": 161989
        },
        "2014-08": {
            "month": "2014-08",
            "price": "57.73",
            "revenue": 115662
        },
        "2014-09": {
            "month": "2014-09",
            "price": "51.49",
            "revenue": 90446
        },
        "2014-10": {
            "month": "2014-10",
            "price": "48.92",
            "revenue": 85982
        },
        "2014-11": {
            "month": "2014-11",
            "price": "44.15",
            "revenue": 95894
        },
        "2014-12": {
            "month": "2014-12",
            "price": "38.73",
            "revenue": 88228
        },
        "2015-01": {
            "month": "2015-01",
            "price": "36.52",
            "revenue": 98379
        },
        "2015-02": {
            "month": "2015-02",
            "price": "34.37",
            "revenue": 73145
        },
        "2015-03": {
            "month": "2015-03",
            "price": "33.96",
            "revenue": 90712
        },
        "2015-04": {
            "month": "2015-04",
            "price": "28.83",
            "revenue": 94773
        },
        "2015-05": {
            "month": "2015-05",
            "price": "26.17",
            "revenue": 92446
        },
        "2015-06": {
            "month": "2015-06",
            "price": "27.90",
            "revenue": 84444
        },
        "2015-07": {
            "month": "2015-07",
            "price": "24.11",
            "revenue": 91588
        },
        "2015-08": {
            "month": "2015-08",
            "price": "18.77",
            "revenue": 88374
        },
        "2015-09": {
            "month": "2015-09",
            "price": "16.39",
            "revenue": 87526
        },
        "2015-10": {
            "month": "2015-10",
            "price": "17.41",
            "revenue": 73048
        },
        "2015-11": {
            "month": "2015-11",
            "price": "17.77",
            "revenue": 82017
        },
        "2015-12": {
            "month": "2015-12",
            "price": "16.67",
            "revenue": 61323
        },
        "2016-01": {
            "month": "2016-01",
            "price": "15.77",
            "revenue": 93928
        },
        "2016-02": {
            "month": "2016-02",
            "price": "15.25",
            "revenue": 63273
        },
        "2016-03": {
            "month": "2016-03",
            "price": "17.41",
            "revenue": 103978
        },
        "2016-04": {
            "month": "2016-04",
            "price": "16.12",
            "revenue": 97353
        },
        "2016-05": {
            "month": "2016-05",
            "price": "15.46",
            "revenue": 93257
        },
        "2016-06": {
            "month": "2016-06",
            "price": "14.22",
            "revenue": 80436
        },
        "2016-07": {
            "month": "2016-07",
            "price": "13.29",
            "revenue": 82034
        },
        "2016-08": {
            "month": "2016-08",
            "price": "14.95",
            "revenue": 97134
        },
        "2016-09": {
            "month": "2016-09",
            "price": "14.37",
            "revenue": 82844
        },
        "2016-10": {
            "month": "2016-10",
            "price": "13.95",
            "revenue": 90654
        },
        "2016-11": {
            "month": "2016-11",
            "price": "13.69",
            "revenue": 83611
        },
        "2016-12": {
            "month": "2016-12",
            "price": "13.96",
            "revenue": 66867
        },
        "2017-01": {
            "month": "2017-01",
            "price": "14.01",
            "revenue": 73016
        },
        "2017-02": {
            "month": "2017-02",
            "price": "14.24",
            "revenue": 64309
        },
        "2017-03": {
            "month": "2017-03",
            "price": "14.26",
            "revenue": 101707
        },
        "2017-04": {
            "month": "2017-04",
            "price": "13.53",
            "revenue": 74036
        },
        "2017-05": {
            "month": "2017-05",
            "price": "14.51",
            "revenue": 84205
        },
        "2017-06": {
            "month": "2017-06",
            "price": "17.97",
            "revenue": 81067
        },
        "2017-07": {
            "month": "2017-07",
            "price": "15.98",
            "revenue": 96157
        },
        "2017-08": {
            "month": "2017-08",
            "price": "15.94",
            "revenue": 99380
        },
        "2017-09": {
            "month": "2017-09",
            "price": "17.05",
            "revenue": 86898
        },
        "2017-10": {
            "month": "2017-10",
            "price": "16.13",
            "revenue": 65462
        },
        "2017-11": {
            "month": "2017-11",
            "price": "15.75",
            "revenue": 74477
        },
        "2017-12": {
            "month": "2017-12",
            "price": "15.07",
            "revenue": 55369
        },
        "2018-01": {
            "month": "2018-01",
            "price": "14.44",
            "revenue": 89737
        },
        "2018-02": {
            "month": "2018-02",
            "price": "13.75",
            "revenue": 59175
        },
        "2018-03": {
            "month": "2018-03",
            "price": "14.09",
            "revenue": 89414
        },
        "2018-04": {
            "month": "2018-04",
            "price": "13.55",
            "revenue": 79158
        },
        "2018-05": {
            "month": "2018-05",
            "price": "13.77",
            "revenue": 93006
        },
        "2018-06": {
            "month": "2018-06",
            "price": "14.28",
            "revenue": 87894
        },
        "2018-07": {
            "month": "2018-07",
            "price": "14.48",
            "revenue": 102769
        },
        "2018-08": {
            "month": "2018-08",
            "price": "15.92",
            "revenue": 102881
        },
        "2018-09": {
            "month": "2018-09",
            "price": "15.82",
            "revenue": 89451
        },
        "2018-10": {
            "month": "2018-10",
            "price": "14.76",
            "revenue": 74454
        },
        "2018-11": {
            "month": "2018-11",
            "price": "14.99",
            "revenue": 90301
        },
        "2018-12": {
            "month": "2018-12",
            "price": "16.10",
            "revenue": 74744
        },
        "2019-01": {
            "month": "2019-01",
            "price": "16.11",
            "revenue": 105814
        },
        "2019-02": {
            "month": "2019-02",
            "price": "17.07",
            "revenue": 79456
        },
        "2019-03": {
            "month": "2019-03",
            "price": "18.26",
            "revenue": 114808
        },
        "2019-04": {
            "month": "2019-04",
            "price": "20.98",
            "revenue": 99243
        },
        "2019-05": {
            "month": "2019-05",
            "price": "18.91",
            "revenue": 97779
        },
        "2019-06": {
            "month": "2019-06",
            "price": "18.55",
            "revenue": 93779
        },
        "2019-07": {
            "month": "2019-07",
            "price": "18.99",
            "revenue": 118092
        },
        "2019-08": {
            "month": "2019-08",
            "price": "23.95",
            "revenue": 110688
        },
        "2019-09": {
            "month": "2019-09",
            "price": "26.17",
            "revenue": 95519
        },
        "2019-10": {
            "month": "2019-10",
            "price": "26.07",
            "revenue": 105458
        },
        "2019-11": {
            "month": "2019-11",
            "price": "28.89",
            "revenue": 92786
        },
        "2019-12": {
            "month": "2019-12",
            "price": "29.61",
            "revenue": 85518
        },
        "2020-01": {
            "month": "2020-01",
            "price": "30.49",
            "revenue": 86930
        },
        "2020-02": {
            "month": "2020-02",
            "price": "26.90",
            "revenue": 82312
        },
        "2020-03": {
            "month": "2020-03",
            "price": "20.80",
            "revenue": 101946
        },
        "2020-04": {
            "month": "2020-04",
            "price": "20.92",
            "revenue": 96333
        },
        "2020-05": {
            "month": "2020-05",
            "price": "22.50",
            "revenue": 94350
        },
        "2020-06": {
            "month": "2020-06",
            "price": "22.29",
            "revenue": 86205
        },
        "2020-07": {
            "month": "2020-07",
            "price": "22.60",
            "revenue": 92689
        },
        "2020-08": {
            "month": "2020-08",
            "price": "22.16",
            "revenue": 105805
        },
        "2020-09": {
            "month": "2020-09",
            "price": "23.10",
            "revenue": 115074
        },
        "2020-10": {
            "month": "2020-10",
            "price": "22.68",
            "revenue": 121153
        },
        "2020-11": {
            "month": "2020-11",
            "price": "23.09",
            "revenue": 103132
        },
        "2020-12": {
            "month": "2020-12",
            "price": "23.91",
            "revenue": 112278
        },
        "2021-01": {
            "month": "2021-01",
            "price": "23.62",
            "revenue": 115088
        },
        "2021-02": {
            "month": "2021-02",
            "price": "23.87",
            "revenue": 90416
        },
        "2021-03": {
            "month": "2021-03",
            "price": "24.77",
            "revenue": 122494
        },
        "2021-04": {
            "month": "2021-04",
            "price": "29.64",
            "revenue": 130289
        },
        "2021-05": {
            "month": "2021-05",
            "price": "29.40",
            "revenue": 152992
        },
        "2021-06": {
            "month": "2021-06",
            "price": "35.06",
            "revenue": 153686
        },
        "2021-07": {
            "month": "2021-07",
            "price": "47.44",
            "revenue": 145213
        },
        "2021-08": {
            "month": "2021-08",
            "price": "44.62",
            "revenue": 131840
        },
        "2021-09": {
            "month": "2021-09",
            "price": "36.22",
            "revenue": 126169
        },
        "2021-10": {
            "month": "2021-10",
            "price": "32.60",
            "revenue": 139161
        },
        "2021-11": {
            "month": "2021-11",
            "price": "36.03",
            "revenue": 127448
        },
        "2021-12": {
            "month": "2021-12",
            "price": "36.35",
            "revenue": 122730
        },
        "2022-01": {
            "month": "2022-01",
            "price": "35.64",
            "revenue": 141899
        },
        "2022-02": {
            "month": "2022-02",
            "price": "39.02",
            "revenue": 112861
        },
        "2022-03": {
            "month": "2022-03",
            "price": "39.06",
            "revenue": 136387
        },
        "2022-04": {
            "month": "2022-04",
            "price": "38.07",
            "revenue": 146954
        },
        "2022-05": {
            "month": "2022-05",
            "price": "39.55",
            "revenue": 129783
        },
        "2022-06": {
            "month": "2022-06",
            "price": "39.09",
            "revenue": 147849
        },
        "2022-07": {
            "month": "2022-07",
            "price": "36.20",
            "revenue": 133465
        },
        "2022-08": {
            "month": "2022-08",
            "price": "38.56",
            "revenue": 129600
        },
        "2022-09": {
            "month": "2022-09",
            "price": "37.42",
            "revenue": 135916
        },
        "2022-10": {
            "month": "2022-10",
            "price": "34.20",
            "revenue": 120312
        },
        "2022-11": {
            "month": "2022-11",
            "price": "34.55",
            "revenue": 118185
        },
        "2022-12": {
            "month": "2022-12",
            "price": "33.39",
            "revenue": 92698
        },
        "2023-01": {
            "month": "2023-01",
            "price": "31.27",
            "revenue": 78686
        },
        "2023-02": {
            "month": "2023-02",
            "price": "32.36",
            "revenue": 87815
        },
        "2023-03": {
            "month": "2023-03",
            "price": "34.06",
            "revenue": 101489
        },
        "2023-04": {
            "month": "2023-04",
            "price": "34.54",
            "revenue": 66768
        },
        "2023-05": {
            "month": "2023-05",
            "price": "32.57",
            "revenue": 82910
        },
        "2023-06": {
            "month": "2023-06",
            "price": "32.96",
            "revenue": 72803
        },
        "2023-07": {
            "month": "2023-07",
            "price": "30.14",
            "revenue": 75536
        },
        "2023-08": {
            "month": "2023-08",
            "price": "28.32",
            "revenue": 86452
        },
        "2023-09": {
            "month": "2023-09",
            "price": "27.50",
            "revenue": 64983
        }
    }
}
