{
    "summary": {
        "stock_name": "杰力",
        "stock_id": "5299",
        "category": "半導體",
        "main_business": "積體電路設計業<br>功率元件<br>電源管理積體電路",
        "website_url": "http://www.excelliancemos.com",
        "ceo": "吳嘉連",
        "pe_ratio": 16,
        "report_year_from": 2011,
        "report_year_to": 2023,
        "age": 12,
        "eps_negative_percentage": 0,
        "eps_growth_avg": {
            "last_all": 41.24,
            "last_2y": 32.34,
            "last_4y": 41.24,
            "last_8y": null,
            "last_12y": null,
            "last_16y": null,
            "last_20y": null,
            "at_2006_last_3y": null,
            "at_2007_last_3y": null,
            "at_2008_last_3y": null,
            "at_2009_last_3y": null,
            "at_2010_last_3y": null,
            "at_2011_last_3y": null,
            "at_2012_last_3y": null,
            "at_2013_last_3y": null,
            "at_2014_last_3y": null,
            "at_2015_last_3y": null,
            "at_2016_last_3y": null,
            "at_2017_last_3y": null,
            "at_2018_last_3y": null,
            "at_2019_last_3y": null,
            "at_2020_last_3y": null,
            "at_2021_last_3y": 54.07,
            "at_2022_last_3y": 26.55,
            "at_2023_last_3y": 26.55,
            "at_2006_last_all": null,
            "at_2007_last_all": null,
            "at_2008_last_all": null,
            "at_2009_last_all": null,
            "at_2010_last_all": null,
            "at_2011_last_all": null,
            "at_2012_last_all": null,
            "at_2013_last_all": null,
            "at_2014_last_all": null,
            "at_2015_last_all": null,
            "at_2016_last_all": null,
            "at_2017_last_all": null,
            "at_2018_last_all": null,
            "at_2019_last_all": 54.59,
            "at_2020_last_all": 41.75,
            "at_2021_last_all": 54.07,
            "at_2022_last_all": 41.24,
            "at_2023_last_all": 41.24
        },
        "latest_eps": 8.54,
        "latest_price": 133.5,
        "latest_roe": 19.9,
        "latest_gross_margin": 29.45,
        "latest_equity": 2936275,
        "latest_revenue": 376723,
        "latest_gross_profit": 110935,
        "latest_net_income": 63198,
        "latest_debt_ratio": 30.77,
        "latest_current_ratio": 291.19,
        "latest_account_receivable_turnover_ratio": 1.45,
        "latest_inventory_turnover_ratio": 0.3,
        "latest_reinvestment_rate": 0.41,
        "latest_research_to_sale_ratio": 9.62
    },
    "eps_dividends": {
        "2001": {
            "cash": 0,
            "stock": 0,
            "eps": 0
        },
        "2002": {
            "cash": 0,
            "stock": 0,
            "eps": 0
        },
        "2003": {
            "cash": 0,
            "stock": 0,
            "eps": 0
        },
        "2004": {
            "cash": 0,
            "stock": 0,
            "eps": 0
        },
        "2005": {
            "cash": 0,
            "stock": 0,
            "eps": 0
        },
        "2006": {
            "cash": 0,
            "stock": 0,
            "eps": 0
        },
        "2007": {
            "cash": 0,
            "stock": 0,
            "eps": 0
        },
        "2008": {
            "cash": 0,
            "stock": 0,
            "eps": 0
        },
        "2009": {
            "cash": 0,
            "stock": 0,
            "eps": 0
        },
        "2010": {
            "cash": 0,
            "stock": 0,
            "eps": 0
        },
        "2011": {
            "cash": 0,
            "stock": 0,
            "eps": 0
        },
        "2012": {
            "cash": 0,
            "stock": 0,
            "eps": 0
        },
        "2013": {
            "cash": 1,
            "stock": 0,
            "eps": 0
        },
        "2014": {
            "cash": 1,
            "stock": 0,
            "eps": 0
        },
        "2015": {
            "cash": 1,
            "stock": 0,
            "eps": 0
        },
        "2016": {
            "cash": 0,
            "stock": 0,
            "eps": 0
        },
        "2017": {
            "cash": 1,
            "stock": 0,
            "eps": 2.77
        },
        "2018": {
            "cash": 3,
            "stock": 0,
            "eps": 7.3
        },
        "2019": {
            "cash": 5,
            "stock": 0,
            "eps": 7.97
        },
        "2020": {
            "cash": 6,
            "stock": 0,
            "eps": 9.25
        },
        "2021": {
            "cash": 7,
            "stock": 0,
            "eps": 17.67
        },
        "2022": {
            "cash": 12,
            "stock": 0,
            "eps": 15.89
        },
        "2023": {
            "cash": 8,
            "stock": 0,
            "eps": 1.24
        }
    },
    "dividends": {
        "2013-05-22": {
            "cash": 1,
            "stock": 0.2
        },
        "2014-09-24": {
            "cash": 0.6,
            "stock": 0
        },
        "2015-10-08": {
            "cash": 0.7,
            "stock": 0
        },
        "2016-09-21": {
            "cash": 0.3,
            "stock": 0
        },
        "2017-09-20": {
            "cash": 0.8,
            "stock": 0
        },
        "2018-10-11": {
            "cash": 2.75,
            "stock": 0
        },
        "2019-09-04": {
            "cash": 5.1,
            "stock": 0
        },
        "2020-09-03": {
            "cash": 5.5,
            "stock": 0
        },
        "2021-09-06": {
            "cash": 6.5,
            "stock": 0
        },
        "2022-08-18": {
            "cash": 11.6,
            "stock": 0
        },
        "2023-08-16": {
            "cash": 8.4,
            "stock": 0
        }
    },
    "prices": {
        "200101": "無",
        "200102": "無",
        "200103": "無",
        "200104": "無",
        "200105": "無",
        "200106": "無",
        "200107": "無",
        "200108": "無",
        "200109": "無",
        "200110": "無",
        "200111": "無",
        "200112": "無",
        "200201": "無",
        "200202": "無",
        "200203": "無",
        "200204": "無",
        "200205": "無",
        "200206": "無",
        "200207": "無",
        "200208": "無",
        "200209": "無",
        "200210": "無",
        "200211": "無",
        "200212": "無",
        "200301": "無",
        "200302": "無",
        "200303": "無",
        "200304": "無",
        "200305": "無",
        "200306": "無",
        "200307": "無",
        "200308": "無",
        "200309": "無",
        "200310": "無",
        "200311": "無",
        "200312": "無",
        "200401": "無",
        "200402": "無",
        "200403": "無",
        "200404": "無",
        "200405": "無",
        "200406": "無",
        "200407": "無",
        "200408": "無",
        "200409": "無",
        "200410": "無",
        "200411": "無",
        "200412": "無",
        "200501": "無",
        "200502": "無",
        "200503": "無",
        "200504": "無",
        "200505": "無",
        "200506": "無",
        "200507": "無",
        "200508": "無",
        "200509": "無",
        "200510": "無",
        "200511": "無",
        "200512": "無",
        "200601": "無",
        "200602": "無",
        "200603": "無",
        "200604": "無",
        "200605": "無",
        "200606": "無",
        "200607": "無",
        "200608": "無",
        "200609": "無",
        "200610": "無",
        "200611": "無",
        "200612": "無",
        "200701": "無",
        "200702": "無",
        "200703": "無",
        "200704": "無",
        "200705": "無",
        "200706": "無",
        "200707": "無",
        "200708": "無",
        "200709": "無",
        "200710": "無",
        "200711": "無",
        "200712": "無",
        "200801": "無",
        "200802": "無",
        "200803": "無",
        "200804": "無",
        "200805": "無",
        "200806": "無",
        "200807": "無",
        "200808": "無",
        "200809": "無",
        "200810": "無",
        "200811": "無",
        "200812": "無",
        "200901": "無",
        "200902": "無",
        "200903": "無",
        "200904": "無",
        "200905": "無",
        "200906": "無",
        "200907": "無",
        "200908": "無",
        "200909": "無",
        "200910": "無",
        "200911": "無",
        "200912": "無",
        "201001": "無",
        "201002": "無",
        "201003": "無",
        "201004": "無",
        "201005": "無",
        "201006": "無",
        "201007": "無",
        "201008": "無",
        "201009": "無",
        "201010": "無",
        "201011": "無",
        "201012": "無",
        "201101": "無",
        "201102": "無",
        "201103": "無",
        "201104": "無",
        "201105": "無",
        "201106": "無",
        "201107": "無",
        "201108": "無",
        "201109": "無",
        "201110": "無",
        "201111": "無",
        "201112": "無",
        "201201": "無",
        "201202": "無",
        "201203": "無",
        "201204": "無",
        "201205": "無",
        "201206": "無",
        "201207": "無",
        "201208": "無",
        "201209": "無",
        "201210": "無",
        "201211": "無",
        "201212": "30.26",
        "201301": "30.83",
        "201302": "27.25",
        "201303": "23.39",
        "201304": "23.13",
        "201305": "22.99",
        "201306": "23.68",
        "201307": "20.08",
        "201308": "19.18",
        "201309": "19.41",
        "201310": "18.06",
        "201311": "17.91",
        "201312": "16.87",
        "201401": "15.61",
        "201402": "15.88",
        "201403": "17.27",
        "201404": "17.27",
        "201405": "18.19",
        "201406": "20.06",
        "201407": "20.22",
        "201408": "20.30",
        "201409": "19.98",
        "201410": "18.51",
        "201411": "18.48",
        "201412": "18.73",
        "201501": "17.99",
        "201502": "18.03",
        "201503": "17.53",
        "201504": "17.63",
        "201505": "16.63",
        "201506": "15.77",
        "201507": "13.33",
        "201508": "10.46",
        "201509": "8.86",
        "201510": "8.97",
        "201511": "8.72",
        "201512": "9.29",
        "201601": "10.16",
        "201602": "10.68",
        "201603": "10.93",
        "201604": "10.71",
        "201605": "11.62",
        "201606": "10.29",
        "201607": "9.45",
        "201608": "10.61",
        "201609": "13.14",
        "201610": "16.02",
        "201611": "14.93",
        "201612": "16.81",
        "201701": "17.40",
        "201702": "22.57",
        "201703": "27.37",
        "201704": "27.97",
        "201705": "36.21",
        "201706": "49.28",
        "201707": "47.44",
        "201708": "48.64",
        "201709": "58.24",
        "201710": "59.61",
        "201711": "73.29",
        "201712": "71.14",
        "201801": "79.60",
        "201802": "95.08",
        "201803": "102.69",
        "201804": "94.70",
        "201805": "92.91",
        "201806": "140.22",
        "201807": "137.73",
        "201808": "135.59",
        "201809": "111.42",
        "201810": "89.50",
        "201811": "91.86",
        "201812": "116.76",
        "201901": "112.55",
        "201902": "121.50",
        "201903": "109.12",
        "201904": "101.28",
        "201905": "100.81",
        "201906": "100.86",
        "201907": "118.00",
        "201908": "116.36",
        "201909": "119.71",
        "201910": "122.93",
        "201911": "116.26",
        "201912": "113.32",
        "202001": "112.60",
        "202002": "101.72",
        "202003": "85.43",
        "202004": "89.75",
        "202005": "114.17",
        "202006": "116.80",
        "202007": "118.54",
        "202008": "110.60",
        "202009": "106.68",
        "202010": "109.29",
        "202011": "110.86",
        "202012": "119.48",
        "202101": "122.15",
        "202102": "122.15",
        "202103": "137.23",
        "202104": "170.58",
        "202105": "145.98",
        "202106": "157.29",
        "202107": "215.34",
        "202108": "212.23",
        "202109": "180.15",
        "202110": "174.28",
        "202111": "190.16",
        "202112": "193.77",
        "202201": "196.97",
        "202202": "189.30",
        "202203": "186.35",
        "202204": "177.24",
        "202205": "179.21",
        "202206": "173.83",
        "202207": "138.12",
        "202208": "127.61",
        "202209": "109.90",
        "202210": "92.61",
        "202211": "109.93",
        "202212": "115.84",
        "202301": "118.46",
        "202302": "131.19",
        "202303": "128.93",
        "202304": "133.88",
        "202305": "129.13"
    },
    "quarters": {
        "20011": {
            "year_quarter": 20011,
            "year": 2001,
            "quarter": 1,
            "eps": null,
            "eps_growth_year": null,
            "eps_4q": null,
            "eps_4q_growth_year": null,
            "roe": null,
            "roe_4q": 0,
            "gross_profit": null,
            "gross_margin": null,
            "gross_margin_4q_avg": 0,
            "net_income": null,
            "revenue": null,
            "common_shares": null,
            "book_valuer_per_share": null,
            "book_valuer_per_share_4q_avg": 0,
            "equity": null,
            "current_ratio": null,
            "debt_ratio": null,
            "inventory_turnover_ratio": null,
            "account_receivable_turnover_ratio": null,
            "reinvestment_rate": null,
            "research_to_sale_ratio": null,
            "price_fair": 0,
            "eps_avg_yearly": 0,
            "eps_latest_yearly": 0,
            "eps_growth_yearly": 0
        },
        "20012": {
            "year_quarter": 20012,
            "year": 2001,
            "quarter": 2,
            "eps": null,
            "eps_growth_year": null,
            "eps_4q": null,
            "eps_4q_growth_year": null,
            "roe": null,
            "roe_4q": 0,
            "gross_profit": null,
            "gross_margin": null,
            "gross_margin_4q_avg": 0,
            "net_income": null,
            "revenue": null,
            "common_shares": null,
            "book_valuer_per_share": null,
            "book_valuer_per_share_4q_avg": 0,
            "equity": null,
            "current_ratio": null,
            "debt_ratio": null,
            "inventory_turnover_ratio": null,
            "account_receivable_turnover_ratio": null,
            "reinvestment_rate": null,
            "research_to_sale_ratio": null,
            "price_fair": 0,
            "eps_avg_yearly": 0,
            "eps_latest_yearly": 0,
            "eps_growth_yearly": 0
        },
        "20013": {
            "year_quarter": 20013,
            "year": 2001,
            "quarter": 3,
            "eps": null,
            "eps_growth_year": null,
            "eps_4q": null,
            "eps_4q_growth_year": null,
            "roe": null,
            "roe_4q": 0,
            "gross_profit": null,
            "gross_margin": null,
            "gross_margin_4q_avg": 0,
            "net_income": null,
            "revenue": null,
            "common_shares": null,
            "book_valuer_per_share": null,
            "book_valuer_per_share_4q_avg": 0,
            "equity": null,
            "current_ratio": null,
            "debt_ratio": null,
            "inventory_turnover_ratio": null,
            "account_receivable_turnover_ratio": null,
            "reinvestment_rate": null,
            "research_to_sale_ratio": null,
            "price_fair": 0,
            "eps_avg_yearly": 0,
            "eps_latest_yearly": 0,
            "eps_growth_yearly": 0
        },
        "20014": {
            "year_quarter": 20014,
            "year": 2001,
            "quarter": 4,
            "eps": null,
            "eps_growth_year": null,
            "eps_4q": null,
            "eps_4q_growth_year": null,
            "roe": null,
            "roe_4q": 0,
            "gross_profit": null,
            "gross_margin": null,
            "gross_margin_4q_avg": 0,
            "net_income": null,
            "revenue": null,
            "common_shares": null,
            "book_valuer_per_share": null,
            "book_valuer_per_share_4q_avg": 0,
            "equity": null,
            "current_ratio": null,
            "debt_ratio": null,
            "inventory_turnover_ratio": null,
            "account_receivable_turnover_ratio": null,
            "reinvestment_rate": null,
            "research_to_sale_ratio": null,
            "price_fair": 0,
            "eps_avg_yearly": 0,
            "eps_latest_yearly": 0,
            "eps_growth_yearly": 0
        },
        "20021": {
            "year_quarter": 20021,
            "year": 2002,
            "quarter": 1,
            "eps": null,
            "eps_growth_year": null,
            "eps_4q": null,
            "eps_4q_growth_year": null,
            "roe": null,
            "roe_4q": 0,
            "gross_profit": null,
            "gross_margin": null,
            "gross_margin_4q_avg": 0,
            "net_income": null,
            "revenue": null,
            "common_shares": null,
            "book_valuer_per_share": null,
            "book_valuer_per_share_4q_avg": 0,
            "equity": null,
            "current_ratio": null,
            "debt_ratio": null,
            "inventory_turnover_ratio": null,
            "account_receivable_turnover_ratio": null,
            "reinvestment_rate": null,
            "research_to_sale_ratio": null,
            "price_fair": 0,
            "eps_avg_yearly": 0,
            "eps_latest_yearly": 0,
            "eps_growth_yearly": 0
        },
        "20022": {
            "year_quarter": 20022,
            "year": 2002,
            "quarter": 2,
            "eps": null,
            "eps_growth_year": null,
            "eps_4q": null,
            "eps_4q_growth_year": null,
            "roe": null,
            "roe_4q": 0,
            "gross_profit": null,
            "gross_margin": null,
            "gross_margin_4q_avg": 0,
            "net_income": null,
            "revenue": null,
            "common_shares": null,
            "book_valuer_per_share": null,
            "book_valuer_per_share_4q_avg": 0,
            "equity": null,
            "current_ratio": null,
            "debt_ratio": null,
            "inventory_turnover_ratio": null,
            "account_receivable_turnover_ratio": null,
            "reinvestment_rate": null,
            "research_to_sale_ratio": null,
            "price_fair": 0,
            "eps_avg_yearly": 0,
            "eps_latest_yearly": 0,
            "eps_growth_yearly": 0
        },
        "20023": {
            "year_quarter": 20023,
            "year": 2002,
            "quarter": 3,
            "eps": null,
            "eps_growth_year": null,
            "eps_4q": null,
            "eps_4q_growth_year": null,
            "roe": null,
            "roe_4q": 0,
            "gross_profit": null,
            "gross_margin": null,
            "gross_margin_4q_avg": 0,
            "net_income": null,
            "revenue": null,
            "common_shares": null,
            "book_valuer_per_share": null,
            "book_valuer_per_share_4q_avg": 0,
            "equity": null,
            "current_ratio": null,
            "debt_ratio": null,
            "inventory_turnover_ratio": null,
            "account_receivable_turnover_ratio": null,
            "reinvestment_rate": null,
            "research_to_sale_ratio": null,
            "price_fair": 0,
            "eps_avg_yearly": 0,
            "eps_latest_yearly": 0,
            "eps_growth_yearly": 0
        },
        "20024": {
            "year_quarter": 20024,
            "year": 2002,
            "quarter": 4,
            "eps": null,
            "eps_growth_year": null,
            "eps_4q": null,
            "eps_4q_growth_year": null,
            "roe": null,
            "roe_4q": 0,
            "gross_profit": null,
            "gross_margin": null,
            "gross_margin_4q_avg": 0,
            "net_income": null,
            "revenue": null,
            "common_shares": null,
            "book_valuer_per_share": null,
            "book_valuer_per_share_4q_avg": 0,
            "equity": null,
            "current_ratio": null,
            "debt_ratio": null,
            "inventory_turnover_ratio": null,
            "account_receivable_turnover_ratio": null,
            "reinvestment_rate": null,
            "research_to_sale_ratio": null,
            "price_fair": 0,
            "eps_avg_yearly": 0,
            "eps_latest_yearly": 0,
            "eps_growth_yearly": 0
        },
        "20031": {
            "year_quarter": 20031,
            "year": 2003,
            "quarter": 1,
            "eps": null,
            "eps_growth_year": null,
            "eps_4q": null,
            "eps_4q_growth_year": null,
            "roe": null,
            "roe_4q": 0,
            "gross_profit": null,
            "gross_margin": null,
            "gross_margin_4q_avg": 0,
            "net_income": null,
            "revenue": null,
            "common_shares": null,
            "book_valuer_per_share": null,
            "book_valuer_per_share_4q_avg": 0,
            "equity": null,
            "current_ratio": null,
            "debt_ratio": null,
            "inventory_turnover_ratio": null,
            "account_receivable_turnover_ratio": null,
            "reinvestment_rate": null,
            "research_to_sale_ratio": null,
            "price_fair": 0,
            "eps_avg_yearly": 0,
            "eps_latest_yearly": 0,
            "eps_growth_yearly": 0
        },
        "20032": {
            "year_quarter": 20032,
            "year": 2003,
            "quarter": 2,
            "eps": null,
            "eps_growth_year": null,
            "eps_4q": null,
            "eps_4q_growth_year": null,
            "roe": null,
            "roe_4q": 0,
            "gross_profit": null,
            "gross_margin": null,
            "gross_margin_4q_avg": 0,
            "net_income": null,
            "revenue": null,
            "common_shares": null,
            "book_valuer_per_share": null,
            "book_valuer_per_share_4q_avg": 0,
            "equity": null,
            "current_ratio": null,
            "debt_ratio": null,
            "inventory_turnover_ratio": null,
            "account_receivable_turnover_ratio": null,
            "reinvestment_rate": null,
            "research_to_sale_ratio": null,
            "price_fair": 0,
            "eps_avg_yearly": 0,
            "eps_latest_yearly": 0,
            "eps_growth_yearly": 0
        },
        "20033": {
            "year_quarter": 20033,
            "year": 2003,
            "quarter": 3,
            "eps": null,
            "eps_growth_year": null,
            "eps_4q": null,
            "eps_4q_growth_year": null,
            "roe": null,
            "roe_4q": 0,
            "gross_profit": null,
            "gross_margin": null,
            "gross_margin_4q_avg": 0,
            "net_income": null,
            "revenue": null,
            "common_shares": null,
            "book_valuer_per_share": null,
            "book_valuer_per_share_4q_avg": 0,
            "equity": null,
            "current_ratio": null,
            "debt_ratio": null,
            "inventory_turnover_ratio": null,
            "account_receivable_turnover_ratio": null,
            "reinvestment_rate": null,
            "research_to_sale_ratio": null,
            "price_fair": 0,
            "eps_avg_yearly": 0,
            "eps_latest_yearly": 0,
            "eps_growth_yearly": 0
        },
        "20034": {
            "year_quarter": 20034,
            "year": 2003,
            "quarter": 4,
            "eps": null,
            "eps_growth_year": null,
            "eps_4q": null,
            "eps_4q_growth_year": null,
            "roe": null,
            "roe_4q": 0,
            "gross_profit": null,
            "gross_margin": null,
            "gross_margin_4q_avg": 0,
            "net_income": null,
            "revenue": null,
            "common_shares": null,
            "book_valuer_per_share": null,
            "book_valuer_per_share_4q_avg": 0,
            "equity": null,
            "current_ratio": null,
            "debt_ratio": null,
            "inventory_turnover_ratio": null,
            "account_receivable_turnover_ratio": null,
            "reinvestment_rate": null,
            "research_to_sale_ratio": null,
            "price_fair": 0,
            "eps_avg_yearly": 0,
            "eps_latest_yearly": 0,
            "eps_growth_yearly": 0
        },
        "20041": {
            "year_quarter": 20041,
            "year": 2004,
            "quarter": 1,
            "eps": null,
            "eps_growth_year": null,
            "eps_4q": null,
            "eps_4q_growth_year": null,
            "roe": null,
            "roe_4q": 0,
            "gross_profit": null,
            "gross_margin": null,
            "gross_margin_4q_avg": 0,
            "net_income": null,
            "revenue": null,
            "common_shares": null,
            "book_valuer_per_share": null,
            "book_valuer_per_share_4q_avg": 0,
            "equity": null,
            "current_ratio": null,
            "debt_ratio": null,
            "inventory_turnover_ratio": null,
            "account_receivable_turnover_ratio": null,
            "reinvestment_rate": null,
            "research_to_sale_ratio": null,
            "price_fair": 0,
            "eps_avg_yearly": 0,
            "eps_latest_yearly": 0,
            "eps_growth_yearly": 0
        },
        "20042": {
            "year_quarter": 20042,
            "year": 2004,
            "quarter": 2,
            "eps": null,
            "eps_growth_year": null,
            "eps_4q": null,
            "eps_4q_growth_year": null,
            "roe": null,
            "roe_4q": 0,
            "gross_profit": null,
            "gross_margin": null,
            "gross_margin_4q_avg": 0,
            "net_income": null,
            "revenue": null,
            "common_shares": null,
            "book_valuer_per_share": null,
            "book_valuer_per_share_4q_avg": 0,
            "equity": null,
            "current_ratio": null,
            "debt_ratio": null,
            "inventory_turnover_ratio": null,
            "account_receivable_turnover_ratio": null,
            "reinvestment_rate": null,
            "research_to_sale_ratio": null,
            "price_fair": 0,
            "eps_avg_yearly": 0,
            "eps_latest_yearly": 0,
            "eps_growth_yearly": 0
        },
        "20043": {
            "year_quarter": 20043,
            "year": 2004,
            "quarter": 3,
            "eps": null,
            "eps_growth_year": null,
            "eps_4q": null,
            "eps_4q_growth_year": null,
            "roe": null,
            "roe_4q": 0,
            "gross_profit": null,
            "gross_margin": null,
            "gross_margin_4q_avg": 0,
            "net_income": null,
            "revenue": null,
            "common_shares": null,
            "book_valuer_per_share": null,
            "book_valuer_per_share_4q_avg": 0,
            "equity": null,
            "current_ratio": null,
            "debt_ratio": null,
            "inventory_turnover_ratio": null,
            "account_receivable_turnover_ratio": null,
            "reinvestment_rate": null,
            "research_to_sale_ratio": null,
            "price_fair": 0,
            "eps_avg_yearly": 0,
            "eps_latest_yearly": 0,
            "eps_growth_yearly": 0
        },
        "20044": {
            "year_quarter": 20044,
            "year": 2004,
            "quarter": 4,
            "eps": null,
            "eps_growth_year": null,
            "eps_4q": null,
            "eps_4q_growth_year": null,
            "roe": null,
            "roe_4q": 0,
            "gross_profit": null,
            "gross_margin": null,
            "gross_margin_4q_avg": 0,
            "net_income": null,
            "revenue": null,
            "common_shares": null,
            "book_valuer_per_share": null,
            "book_valuer_per_share_4q_avg": 0,
            "equity": null,
            "current_ratio": null,
            "debt_ratio": null,
            "inventory_turnover_ratio": null,
            "account_receivable_turnover_ratio": null,
            "reinvestment_rate": null,
            "research_to_sale_ratio": null,
            "price_fair": 0,
            "eps_avg_yearly": 0,
            "eps_latest_yearly": 0,
            "eps_growth_yearly": 0
        },
        "20051": {
            "year_quarter": 20051,
            "year": 2005,
            "quarter": 1,
            "eps": null,
            "eps_growth_year": null,
            "eps_4q": null,
            "eps_4q_growth_year": null,
            "roe": null,
            "roe_4q": 0,
            "gross_profit": null,
            "gross_margin": null,
            "gross_margin_4q_avg": 0,
            "net_income": null,
            "revenue": null,
            "common_shares": null,
            "book_valuer_per_share": null,
            "book_valuer_per_share_4q_avg": 0,
            "equity": null,
            "current_ratio": null,
            "debt_ratio": null,
            "inventory_turnover_ratio": null,
            "account_receivable_turnover_ratio": null,
            "reinvestment_rate": null,
            "research_to_sale_ratio": null,
            "price_fair": 0,
            "eps_avg_yearly": 0,
            "eps_latest_yearly": 0,
            "eps_growth_yearly": 0
        },
        "20052": {
            "year_quarter": 20052,
            "year": 2005,
            "quarter": 2,
            "eps": null,
            "eps_growth_year": null,
            "eps_4q": null,
            "eps_4q_growth_year": null,
            "roe": null,
            "roe_4q": 0,
            "gross_profit": null,
            "gross_margin": null,
            "gross_margin_4q_avg": 0,
            "net_income": null,
            "revenue": null,
            "common_shares": null,
            "book_valuer_per_share": null,
            "book_valuer_per_share_4q_avg": 0,
            "equity": null,
            "current_ratio": null,
            "debt_ratio": null,
            "inventory_turnover_ratio": null,
            "account_receivable_turnover_ratio": null,
            "reinvestment_rate": null,
            "research_to_sale_ratio": null,
            "price_fair": 0,
            "eps_avg_yearly": 0,
            "eps_latest_yearly": 0,
            "eps_growth_yearly": 0
        },
        "20053": {
            "year_quarter": 20053,
            "year": 2005,
            "quarter": 3,
            "eps": null,
            "eps_growth_year": null,
            "eps_4q": null,
            "eps_4q_growth_year": null,
            "roe": null,
            "roe_4q": 0,
            "gross_profit": null,
            "gross_margin": null,
            "gross_margin_4q_avg": 0,
            "net_income": null,
            "revenue": null,
            "common_shares": null,
            "book_valuer_per_share": null,
            "book_valuer_per_share_4q_avg": 0,
            "equity": null,
            "current_ratio": null,
            "debt_ratio": null,
            "inventory_turnover_ratio": null,
            "account_receivable_turnover_ratio": null,
            "reinvestment_rate": null,
            "research_to_sale_ratio": null,
            "price_fair": 0,
            "eps_avg_yearly": 0,
            "eps_latest_yearly": 0,
            "eps_growth_yearly": 0
        },
        "20054": {
            "year_quarter": 20054,
            "year": 2005,
            "quarter": 4,
            "eps": null,
            "eps_growth_year": null,
            "eps_4q": null,
            "eps_4q_growth_year": null,
            "roe": null,
            "roe_4q": 0,
            "gross_profit": null,
            "gross_margin": null,
            "gross_margin_4q_avg": 0,
            "net_income": null,
            "revenue": null,
            "common_shares": null,
            "book_valuer_per_share": null,
            "book_valuer_per_share_4q_avg": 0,
            "equity": null,
            "current_ratio": null,
            "debt_ratio": null,
            "inventory_turnover_ratio": null,
            "account_receivable_turnover_ratio": null,
            "reinvestment_rate": null,
            "research_to_sale_ratio": null,
            "price_fair": 0,
            "eps_avg_yearly": 0,
            "eps_latest_yearly": 0,
            "eps_growth_yearly": 0
        },
        "20061": {
            "year_quarter": 20061,
            "year": 2006,
            "quarter": 1,
            "eps": null,
            "eps_growth_year": null,
            "eps_4q": null,
            "eps_4q_growth_year": null,
            "roe": null,
            "roe_4q": 0,
            "gross_profit": null,
            "gross_margin": null,
            "gross_margin_4q_avg": 0,
            "net_income": null,
            "revenue": null,
            "common_shares": null,
            "book_valuer_per_share": null,
            "book_valuer_per_share_4q_avg": 0,
            "equity": null,
            "current_ratio": null,
            "debt_ratio": null,
            "inventory_turnover_ratio": null,
            "account_receivable_turnover_ratio": null,
            "reinvestment_rate": null,
            "research_to_sale_ratio": null,
            "price_fair": 0,
            "eps_avg_yearly": 0,
            "eps_latest_yearly": 0,
            "eps_growth_yearly": 0
        },
        "20062": {
            "year_quarter": 20062,
            "year": 2006,
            "quarter": 2,
            "eps": null,
            "eps_growth_year": null,
            "eps_4q": null,
            "eps_4q_growth_year": null,
            "roe": null,
            "roe_4q": 0,
            "gross_profit": null,
            "gross_margin": null,
            "gross_margin_4q_avg": 0,
            "net_income": null,
            "revenue": null,
            "common_shares": null,
            "book_valuer_per_share": null,
            "book_valuer_per_share_4q_avg": 0,
            "equity": null,
            "current_ratio": null,
            "debt_ratio": null,
            "inventory_turnover_ratio": null,
            "account_receivable_turnover_ratio": null,
            "reinvestment_rate": null,
            "research_to_sale_ratio": null,
            "price_fair": 0,
            "eps_avg_yearly": 0,
            "eps_latest_yearly": 0,
            "eps_growth_yearly": 0
        },
        "20063": {
            "year_quarter": 20063,
            "year": 2006,
            "quarter": 3,
            "eps": null,
            "eps_growth_year": null,
            "eps_4q": null,
            "eps_4q_growth_year": null,
            "roe": null,
            "roe_4q": 0,
            "gross_profit": null,
            "gross_margin": null,
            "gross_margin_4q_avg": 0,
            "net_income": null,
            "revenue": null,
            "common_shares": null,
            "book_valuer_per_share": null,
            "book_valuer_per_share_4q_avg": 0,
            "equity": null,
            "current_ratio": null,
            "debt_ratio": null,
            "inventory_turnover_ratio": null,
            "account_receivable_turnover_ratio": null,
            "reinvestment_rate": null,
            "research_to_sale_ratio": null,
            "price_fair": 0,
            "eps_avg_yearly": 0,
            "eps_latest_yearly": 0,
            "eps_growth_yearly": 0
        },
        "20064": {
            "year_quarter": 20064,
            "year": 2006,
            "quarter": 4,
            "eps": null,
            "eps_growth_year": null,
            "eps_4q": null,
            "eps_4q_growth_year": null,
            "roe": null,
            "roe_4q": 0,
            "gross_profit": null,
            "gross_margin": null,
            "gross_margin_4q_avg": 0,
            "net_income": null,
            "revenue": null,
            "common_shares": null,
            "book_valuer_per_share": null,
            "book_valuer_per_share_4q_avg": 0,
            "equity": null,
            "current_ratio": null,
            "debt_ratio": null,
            "inventory_turnover_ratio": null,
            "account_receivable_turnover_ratio": null,
            "reinvestment_rate": null,
            "research_to_sale_ratio": null,
            "price_fair": 0,
            "eps_avg_yearly": 0,
            "eps_latest_yearly": 0,
            "eps_growth_yearly": 0
        },
        "20071": {
            "year_quarter": 20071,
            "year": 2007,
            "quarter": 1,
            "eps": null,
            "eps_growth_year": null,
            "eps_4q": null,
            "eps_4q_growth_year": null,
            "roe": null,
            "roe_4q": 0,
            "gross_profit": null,
            "gross_margin": null,
            "gross_margin_4q_avg": 0,
            "net_income": null,
            "revenue": null,
            "common_shares": null,
            "book_valuer_per_share": null,
            "book_valuer_per_share_4q_avg": 0,
            "equity": null,
            "current_ratio": null,
            "debt_ratio": null,
            "inventory_turnover_ratio": null,
            "account_receivable_turnover_ratio": null,
            "reinvestment_rate": null,
            "research_to_sale_ratio": null,
            "price_fair": 0,
            "eps_avg_yearly": 0,
            "eps_latest_yearly": 0,
            "eps_growth_yearly": 0
        },
        "20072": {
            "year_quarter": 20072,
            "year": 2007,
            "quarter": 2,
            "eps": null,
            "eps_growth_year": null,
            "eps_4q": null,
            "eps_4q_growth_year": null,
            "roe": null,
            "roe_4q": 0,
            "gross_profit": null,
            "gross_margin": null,
            "gross_margin_4q_avg": 0,
            "net_income": null,
            "revenue": null,
            "common_shares": null,
            "book_valuer_per_share": null,
            "book_valuer_per_share_4q_avg": 0,
            "equity": null,
            "current_ratio": null,
            "debt_ratio": null,
            "inventory_turnover_ratio": null,
            "account_receivable_turnover_ratio": null,
            "reinvestment_rate": null,
            "research_to_sale_ratio": null,
            "price_fair": 0,
            "eps_avg_yearly": 0,
            "eps_latest_yearly": 0,
            "eps_growth_yearly": 0
        },
        "20073": {
            "year_quarter": 20073,
            "year": 2007,
            "quarter": 3,
            "eps": null,
            "eps_growth_year": null,
            "eps_4q": null,
            "eps_4q_growth_year": null,
            "roe": null,
            "roe_4q": 0,
            "gross_profit": null,
            "gross_margin": null,
            "gross_margin_4q_avg": 0,
            "net_income": null,
            "revenue": null,
            "common_shares": null,
            "book_valuer_per_share": null,
            "book_valuer_per_share_4q_avg": 0,
            "equity": null,
            "current_ratio": null,
            "debt_ratio": null,
            "inventory_turnover_ratio": null,
            "account_receivable_turnover_ratio": null,
            "reinvestment_rate": null,
            "research_to_sale_ratio": null,
            "price_fair": 0,
            "eps_avg_yearly": 0,
            "eps_latest_yearly": 0,
            "eps_growth_yearly": 0
        },
        "20074": {
            "year_quarter": 20074,
            "year": 2007,
            "quarter": 4,
            "eps": null,
            "eps_growth_year": null,
            "eps_4q": null,
            "eps_4q_growth_year": null,
            "roe": null,
            "roe_4q": 0,
            "gross_profit": null,
            "gross_margin": null,
            "gross_margin_4q_avg": 0,
            "net_income": null,
            "revenue": null,
            "common_shares": null,
            "book_valuer_per_share": null,
            "book_valuer_per_share_4q_avg": 0,
            "equity": null,
            "current_ratio": null,
            "debt_ratio": null,
            "inventory_turnover_ratio": null,
            "account_receivable_turnover_ratio": null,
            "reinvestment_rate": null,
            "research_to_sale_ratio": null,
            "price_fair": 0,
            "eps_avg_yearly": 0,
            "eps_latest_yearly": 0,
            "eps_growth_yearly": 0
        },
        "20081": {
            "year_quarter": 20081,
            "year": 2008,
            "quarter": 1,
            "eps": null,
            "eps_growth_year": null,
            "eps_4q": null,
            "eps_4q_growth_year": null,
            "roe": null,
            "roe_4q": 0,
            "gross_profit": null,
            "gross_margin": null,
            "gross_margin_4q_avg": 0,
            "net_income": null,
            "revenue": null,
            "common_shares": null,
            "book_valuer_per_share": null,
            "book_valuer_per_share_4q_avg": 0,
            "equity": null,
            "current_ratio": null,
            "debt_ratio": null,
            "inventory_turnover_ratio": null,
            "account_receivable_turnover_ratio": null,
            "reinvestment_rate": null,
            "research_to_sale_ratio": null,
            "price_fair": 0,
            "eps_avg_yearly": 0,
            "eps_latest_yearly": 0,
            "eps_growth_yearly": 0
        },
        "20082": {
            "year_quarter": 20082,
            "year": 2008,
            "quarter": 2,
            "eps": null,
            "eps_growth_year": null,
            "eps_4q": null,
            "eps_4q_growth_year": null,
            "roe": null,
            "roe_4q": 0,
            "gross_profit": null,
            "gross_margin": null,
            "gross_margin_4q_avg": 0,
            "net_income": null,
            "revenue": null,
            "common_shares": null,
            "book_valuer_per_share": null,
            "book_valuer_per_share_4q_avg": 0,
            "equity": null,
            "current_ratio": null,
            "debt_ratio": null,
            "inventory_turnover_ratio": null,
            "account_receivable_turnover_ratio": null,
            "reinvestment_rate": null,
            "research_to_sale_ratio": null,
            "price_fair": 0,
            "eps_avg_yearly": 0,
            "eps_latest_yearly": 0,
            "eps_growth_yearly": 0
        },
        "20083": {
            "year_quarter": 20083,
            "year": 2008,
            "quarter": 3,
            "eps": null,
            "eps_growth_year": null,
            "eps_4q": null,
            "eps_4q_growth_year": null,
            "roe": null,
            "roe_4q": 0,
            "gross_profit": null,
            "gross_margin": null,
            "gross_margin_4q_avg": 0,
            "net_income": null,
            "revenue": null,
            "common_shares": null,
            "book_valuer_per_share": null,
            "book_valuer_per_share_4q_avg": 0,
            "equity": null,
            "current_ratio": null,
            "debt_ratio": null,
            "inventory_turnover_ratio": null,
            "account_receivable_turnover_ratio": null,
            "reinvestment_rate": null,
            "research_to_sale_ratio": null,
            "price_fair": 0,
            "eps_avg_yearly": 0,
            "eps_latest_yearly": 0,
            "eps_growth_yearly": 0
        },
        "20084": {
            "year_quarter": 20084,
            "year": 2008,
            "quarter": 4,
            "eps": null,
            "eps_growth_year": null,
            "eps_4q": null,
            "eps_4q_growth_year": null,
            "roe": null,
            "roe_4q": 0,
            "gross_profit": null,
            "gross_margin": null,
            "gross_margin_4q_avg": 0,
            "net_income": null,
            "revenue": null,
            "common_shares": null,
            "book_valuer_per_share": null,
            "book_valuer_per_share_4q_avg": 0,
            "equity": null,
            "current_ratio": null,
            "debt_ratio": null,
            "inventory_turnover_ratio": null,
            "account_receivable_turnover_ratio": null,
            "reinvestment_rate": null,
            "research_to_sale_ratio": null,
            "price_fair": 0,
            "eps_avg_yearly": 0,
            "eps_latest_yearly": 0,
            "eps_growth_yearly": 0
        },
        "20091": {
            "year_quarter": 20091,
            "year": 2009,
            "quarter": 1,
            "eps": null,
            "eps_growth_year": null,
            "eps_4q": null,
            "eps_4q_growth_year": null,
            "roe": null,
            "roe_4q": 0,
            "gross_profit": null,
            "gross_margin": null,
            "gross_margin_4q_avg": 0,
            "net_income": null,
            "revenue": null,
            "common_shares": null,
            "book_valuer_per_share": null,
            "book_valuer_per_share_4q_avg": 0,
            "equity": null,
            "current_ratio": null,
            "debt_ratio": null,
            "inventory_turnover_ratio": null,
            "account_receivable_turnover_ratio": null,
            "reinvestment_rate": null,
            "research_to_sale_ratio": null,
            "price_fair": 0,
            "eps_avg_yearly": 0,
            "eps_latest_yearly": 0,
            "eps_growth_yearly": 0
        },
        "20092": {
            "year_quarter": 20092,
            "year": 2009,
            "quarter": 2,
            "eps": null,
            "eps_growth_year": null,
            "eps_4q": null,
            "eps_4q_growth_year": null,
            "roe": null,
            "roe_4q": 0,
            "gross_profit": null,
            "gross_margin": null,
            "gross_margin_4q_avg": 0,
            "net_income": null,
            "revenue": null,
            "common_shares": null,
            "book_valuer_per_share": null,
            "book_valuer_per_share_4q_avg": 0,
            "equity": null,
            "current_ratio": null,
            "debt_ratio": null,
            "inventory_turnover_ratio": null,
            "account_receivable_turnover_ratio": null,
            "reinvestment_rate": null,
            "research_to_sale_ratio": null,
            "price_fair": 0,
            "eps_avg_yearly": 0,
            "eps_latest_yearly": 0,
            "eps_growth_yearly": 0
        },
        "20093": {
            "year_quarter": 20093,
            "year": 2009,
            "quarter": 3,
            "eps": null,
            "eps_growth_year": null,
            "eps_4q": null,
            "eps_4q_growth_year": null,
            "roe": null,
            "roe_4q": 0,
            "gross_profit": null,
            "gross_margin": null,
            "gross_margin_4q_avg": 0,
            "net_income": null,
            "revenue": null,
            "common_shares": null,
            "book_valuer_per_share": null,
            "book_valuer_per_share_4q_avg": 0,
            "equity": null,
            "current_ratio": null,
            "debt_ratio": null,
            "inventory_turnover_ratio": null,
            "account_receivable_turnover_ratio": null,
            "reinvestment_rate": null,
            "research_to_sale_ratio": null,
            "price_fair": 0,
            "eps_avg_yearly": 0,
            "eps_latest_yearly": 0,
            "eps_growth_yearly": 0
        },
        "20094": {
            "year_quarter": 20094,
            "year": 2009,
            "quarter": 4,
            "eps": null,
            "eps_growth_year": null,
            "eps_4q": null,
            "eps_4q_growth_year": null,
            "roe": null,
            "roe_4q": 0,
            "gross_profit": null,
            "gross_margin": null,
            "gross_margin_4q_avg": 0,
            "net_income": null,
            "revenue": null,
            "common_shares": null,
            "book_valuer_per_share": null,
            "book_valuer_per_share_4q_avg": 0,
            "equity": null,
            "current_ratio": null,
            "debt_ratio": null,
            "inventory_turnover_ratio": null,
            "account_receivable_turnover_ratio": null,
            "reinvestment_rate": null,
            "research_to_sale_ratio": null,
            "price_fair": 0,
            "eps_avg_yearly": 0,
            "eps_latest_yearly": 0,
            "eps_growth_yearly": 0
        },
        "20101": {
            "year_quarter": 20101,
            "year": 2010,
            "quarter": 1,
            "eps": null,
            "eps_growth_year": null,
            "eps_4q": null,
            "eps_4q_growth_year": null,
            "roe": null,
            "roe_4q": 0,
            "gross_profit": null,
            "gross_margin": null,
            "gross_margin_4q_avg": 0,
            "net_income": null,
            "revenue": null,
            "common_shares": null,
            "book_valuer_per_share": null,
            "book_valuer_per_share_4q_avg": 0,
            "equity": null,
            "current_ratio": null,
            "debt_ratio": null,
            "inventory_turnover_ratio": null,
            "account_receivable_turnover_ratio": null,
            "reinvestment_rate": null,
            "research_to_sale_ratio": null,
            "price_fair": 0,
            "eps_avg_yearly": 0,
            "eps_latest_yearly": 0,
            "eps_growth_yearly": 0
        },
        "20102": {
            "year_quarter": 20102,
            "year": 2010,
            "quarter": 2,
            "eps": null,
            "eps_growth_year": null,
            "eps_4q": null,
            "eps_4q_growth_year": null,
            "roe": null,
            "roe_4q": 0,
            "gross_profit": null,
            "gross_margin": null,
            "gross_margin_4q_avg": 0,
            "net_income": null,
            "revenue": null,
            "common_shares": null,
            "book_valuer_per_share": null,
            "book_valuer_per_share_4q_avg": 0,
            "equity": null,
            "current_ratio": null,
            "debt_ratio": null,
            "inventory_turnover_ratio": null,
            "account_receivable_turnover_ratio": null,
            "reinvestment_rate": null,
            "research_to_sale_ratio": null,
            "price_fair": 0,
            "eps_avg_yearly": 0,
            "eps_latest_yearly": 0,
            "eps_growth_yearly": 0
        },
        "20103": {
            "year_quarter": 20103,
            "year": 2010,
            "quarter": 3,
            "eps": null,
            "eps_growth_year": null,
            "eps_4q": null,
            "eps_4q_growth_year": null,
            "roe": null,
            "roe_4q": 0,
            "gross_profit": null,
            "gross_margin": null,
            "gross_margin_4q_avg": 0,
            "net_income": null,
            "revenue": null,
            "common_shares": null,
            "book_valuer_per_share": null,
            "book_valuer_per_share_4q_avg": 0,
            "equity": null,
            "current_ratio": null,
            "debt_ratio": null,
            "inventory_turnover_ratio": null,
            "account_receivable_turnover_ratio": null,
            "reinvestment_rate": null,
            "research_to_sale_ratio": null,
            "price_fair": 0,
            "eps_avg_yearly": 0,
            "eps_latest_yearly": 0,
            "eps_growth_yearly": 0
        },
        "20104": {
            "year_quarter": 20104,
            "year": 2010,
            "quarter": 4,
            "eps": null,
            "eps_growth_year": null,
            "eps_4q": null,
            "eps_4q_growth_year": null,
            "roe": null,
            "roe_4q": 0,
            "gross_profit": null,
            "gross_margin": null,
            "gross_margin_4q_avg": 0,
            "net_income": null,
            "revenue": null,
            "common_shares": 267000,
            "book_valuer_per_share": null,
            "book_valuer_per_share_4q_avg": 0,
            "equity": 333414,
            "current_ratio": null,
            "debt_ratio": null,
            "inventory_turnover_ratio": null,
            "account_receivable_turnover_ratio": null,
            "reinvestment_rate": null,
            "research_to_sale_ratio": null,
            "price_fair": 0,
            "eps_avg_yearly": 0,
            "eps_latest_yearly": 0,
            "eps_growth_yearly": 0
        },
        "20111": {
            "year_quarter": 20111,
            "year": 2011,
            "quarter": 1,
            "eps": null,
            "eps_growth_year": null,
            "eps_4q": null,
            "eps_4q_growth_year": null,
            "roe": null,
            "roe_4q": 0,
            "gross_profit": null,
            "gross_margin": null,
            "gross_margin_4q_avg": 0,
            "net_income": null,
            "revenue": null,
            "common_shares": null,
            "book_valuer_per_share": null,
            "book_valuer_per_share_4q_avg": 0,
            "equity": null,
            "current_ratio": null,
            "debt_ratio": null,
            "inventory_turnover_ratio": null,
            "account_receivable_turnover_ratio": null,
            "reinvestment_rate": null,
            "research_to_sale_ratio": null,
            "price_fair": 0,
            "eps_avg_yearly": 0,
            "eps_latest_yearly": 0,
            "eps_growth_yearly": 0
        },
        "20112": {
            "year_quarter": 20112,
            "year": 2011,
            "quarter": 2,
            "eps": null,
            "eps_growth_year": null,
            "eps_4q": null,
            "eps_4q_growth_year": null,
            "roe": null,
            "roe_4q": 0,
            "gross_profit": null,
            "gross_margin": null,
            "gross_margin_4q_avg": 0,
            "net_income": null,
            "revenue": null,
            "common_shares": 267000,
            "book_valuer_per_share": null,
            "book_valuer_per_share_4q_avg": 0,
            "equity": 364684,
            "current_ratio": null,
            "debt_ratio": null,
            "inventory_turnover_ratio": null,
            "account_receivable_turnover_ratio": null,
            "reinvestment_rate": null,
            "research_to_sale_ratio": null,
            "price_fair": 0,
            "eps_avg_yearly": 0,
            "eps_latest_yearly": 0,
            "eps_growth_yearly": 0
        },
        "20113": {
            "year_quarter": 20113,
            "year": 2011,
            "quarter": 3,
            "eps": null,
            "eps_growth_year": null,
            "eps_4q": null,
            "eps_4q_growth_year": null,
            "roe": null,
            "roe_4q": 0,
            "gross_profit": null,
            "gross_margin": null,
            "gross_margin_4q_avg": 0,
            "net_income": null,
            "revenue": null,
            "common_shares": null,
            "book_valuer_per_share": null,
            "book_valuer_per_share_4q_avg": 0,
            "equity": null,
            "current_ratio": null,
            "debt_ratio": null,
            "inventory_turnover_ratio": null,
            "account_receivable_turnover_ratio": null,
            "reinvestment_rate": null,
            "research_to_sale_ratio": null,
            "price_fair": 0,
            "eps_avg_yearly": 0,
            "eps_latest_yearly": 0,
            "eps_growth_yearly": 0
        },
        "20114": {
            "year_quarter": 20114,
            "year": 2011,
            "quarter": 4,
            "eps": null,
            "eps_growth_year": null,
            "eps_4q": null,
            "eps_4q_growth_year": null,
            "roe": null,
            "roe_4q": 0,
            "gross_profit": null,
            "gross_margin": null,
            "gross_margin_4q_avg": 0,
            "net_income": null,
            "revenue": null,
            "common_shares": 278271,
            "book_valuer_per_share": 14.87,
            "book_valuer_per_share_4q_avg": 3.72,
            "equity": 413812,
            "current_ratio": 276.43,
            "debt_ratio": 35.01,
            "inventory_turnover_ratio": null,
            "account_receivable_turnover_ratio": null,
            "reinvestment_rate": null,
            "research_to_sale_ratio": null,
            "price_fair": 0,
            "eps_avg_yearly": 0,
            "eps_latest_yearly": 0,
            "eps_growth_yearly": 0
        },
        "20121": {
            "year_quarter": 20121,
            "year": 2012,
            "quarter": 1,
            "eps": null,
            "eps_growth_year": null,
            "eps_4q": null,
            "eps_4q_growth_year": null,
            "roe": null,
            "roe_4q": 0,
            "gross_profit": null,
            "gross_margin": null,
            "gross_margin_4q_avg": 0,
            "net_income": null,
            "revenue": null,
            "common_shares": null,
            "book_valuer_per_share": null,
            "book_valuer_per_share_4q_avg": 3.72,
            "equity": null,
            "current_ratio": null,
            "debt_ratio": null,
            "inventory_turnover_ratio": null,
            "account_receivable_turnover_ratio": null,
            "reinvestment_rate": null,
            "research_to_sale_ratio": null,
            "price_fair": 0,
            "eps_avg_yearly": 0,
            "eps_latest_yearly": 0,
            "eps_growth_yearly": 0
        },
        "20122": {
            "year_quarter": 20122,
            "year": 2012,
            "quarter": 2,
            "eps": null,
            "eps_growth_year": null,
            "eps_4q": null,
            "eps_4q_growth_year": null,
            "roe": null,
            "roe_4q": 0,
            "gross_profit": null,
            "gross_margin": null,
            "gross_margin_4q_avg": 0,
            "net_income": null,
            "revenue": null,
            "common_shares": 278271,
            "book_valuer_per_share": 14.95,
            "book_valuer_per_share_4q_avg": 7.46,
            "equity": 416093,
            "current_ratio": 280.78,
            "debt_ratio": 34.3,
            "inventory_turnover_ratio": null,
            "account_receivable_turnover_ratio": null,
            "reinvestment_rate": null,
            "research_to_sale_ratio": null,
            "price_fair": 0,
            "eps_avg_yearly": 0,
            "eps_latest_yearly": 0,
            "eps_growth_yearly": 0
        },
        "20123": {
            "year_quarter": 20123,
            "year": 2012,
            "quarter": 3,
            "eps": null,
            "eps_growth_year": null,
            "eps_4q": null,
            "eps_4q_growth_year": null,
            "roe": null,
            "roe_4q": 0,
            "gross_profit": null,
            "gross_margin": null,
            "gross_margin_4q_avg": 0,
            "net_income": null,
            "revenue": null,
            "common_shares": null,
            "book_valuer_per_share": null,
            "book_valuer_per_share_4q_avg": 7.46,
            "equity": null,
            "current_ratio": null,
            "debt_ratio": null,
            "inventory_turnover_ratio": null,
            "account_receivable_turnover_ratio": null,
            "reinvestment_rate": null,
            "research_to_sale_ratio": null,
            "price_fair": 0,
            "eps_avg_yearly": 0,
            "eps_latest_yearly": 0,
            "eps_growth_yearly": 0
        },
        "20124": {
            "year_quarter": 20124,
            "year": 2012,
            "quarter": 4,
            "eps": null,
            "eps_growth_year": null,
            "eps_4q": null,
            "eps_4q_growth_year": null,
            "roe": null,
            "roe_4q": 0,
            "gross_profit": null,
            "gross_margin": null,
            "gross_margin_4q_avg": 0,
            "net_income": null,
            "revenue": null,
            "common_shares": 300000,
            "book_valuer_per_share": 14.86,
            "book_valuer_per_share_4q_avg": 7.45,
            "equity": 445737,
            "current_ratio": 308.29,
            "debt_ratio": 31.45,
            "inventory_turnover_ratio": null,
            "account_receivable_turnover_ratio": null,
            "reinvestment_rate": null,
            "research_to_sale_ratio": null,
            "price_fair": 0,
            "eps_avg_yearly": 0,
            "eps_latest_yearly": 0,
            "eps_growth_yearly": 0
        },
        "20131": {
            "year_quarter": 20131,
            "year": 2013,
            "quarter": 1,
            "eps": null,
            "eps_growth_year": null,
            "eps_4q": null,
            "eps_4q_growth_year": null,
            "roe": null,
            "roe_4q": 0,
            "gross_profit": null,
            "gross_margin": null,
            "gross_margin_4q_avg": 0,
            "net_income": null,
            "revenue": null,
            "common_shares": null,
            "book_valuer_per_share": null,
            "book_valuer_per_share_4q_avg": 7.45,
            "equity": null,
            "current_ratio": null,
            "debt_ratio": null,
            "inventory_turnover_ratio": null,
            "account_receivable_turnover_ratio": null,
            "reinvestment_rate": null,
            "research_to_sale_ratio": null,
            "price_fair": 0,
            "eps_avg_yearly": 0,
            "eps_latest_yearly": 0,
            "eps_growth_yearly": 0
        },
        "20132": {
            "year_quarter": 20132,
            "year": 2013,
            "quarter": 2,
            "eps": null,
            "eps_growth_year": null,
            "eps_4q": null,
            "eps_4q_growth_year": null,
            "roe": null,
            "roe_4q": 0,
            "gross_profit": null,
            "gross_margin": null,
            "gross_margin_4q_avg": 0,
            "net_income": null,
            "revenue": null,
            "common_shares": 300000,
            "book_valuer_per_share": 14.71,
            "book_valuer_per_share_4q_avg": 7.39,
            "equity": 441269,
            "current_ratio": 374.09,
            "debt_ratio": 25.79,
            "inventory_turnover_ratio": null,
            "account_receivable_turnover_ratio": null,
            "reinvestment_rate": null,
            "research_to_sale_ratio": null,
            "price_fair": 0,
            "eps_avg_yearly": 0,
            "eps_latest_yearly": 0,
            "eps_growth_yearly": 0
        },
        "20133": {
            "year_quarter": 20133,
            "year": 2013,
            "quarter": 3,
            "eps": null,
            "eps_growth_year": null,
            "eps_4q": null,
            "eps_4q_growth_year": null,
            "roe": null,
            "roe_4q": 0,
            "gross_profit": null,
            "gross_margin": null,
            "gross_margin_4q_avg": 0,
            "net_income": null,
            "revenue": null,
            "common_shares": null,
            "book_valuer_per_share": null,
            "book_valuer_per_share_4q_avg": 7.39,
            "equity": null,
            "current_ratio": null,
            "debt_ratio": null,
            "inventory_turnover_ratio": null,
            "account_receivable_turnover_ratio": null,
            "reinvestment_rate": null,
            "research_to_sale_ratio": null,
            "price_fair": 0,
            "eps_avg_yearly": 0,
            "eps_latest_yearly": 0,
            "eps_growth_yearly": 0
        },
        "20134": {
            "year_quarter": 20134,
            "year": 2013,
            "quarter": 4,
            "eps": null,
            "eps_growth_year": null,
            "eps_4q": null,
            "eps_4q_growth_year": null,
            "roe": null,
            "roe_4q": 0,
            "gross_profit": null,
            "gross_margin": null,
            "gross_margin_4q_avg": 0,
            "net_income": null,
            "revenue": null,
            "common_shares": 324405,
            "book_valuer_per_share": 13.82,
            "book_valuer_per_share_4q_avg": 7.13,
            "equity": 448475,
            "current_ratio": 454.92,
            "debt_ratio": 21.54,
            "inventory_turnover_ratio": null,
            "account_receivable_turnover_ratio": null,
            "reinvestment_rate": null,
            "research_to_sale_ratio": null,
            "price_fair": 0,
            "eps_avg_yearly": 0,
            "eps_latest_yearly": 0,
            "eps_growth_yearly": 0
        },
        "20141": {
            "year_quarter": 20141,
            "year": 2014,
            "quarter": 1,
            "eps": null,
            "eps_growth_year": null,
            "eps_4q": null,
            "eps_4q_growth_year": null,
            "roe": null,
            "roe_4q": 0,
            "gross_profit": null,
            "gross_margin": null,
            "gross_margin_4q_avg": 0,
            "net_income": null,
            "revenue": null,
            "common_shares": null,
            "book_valuer_per_share": null,
            "book_valuer_per_share_4q_avg": 7.13,
            "equity": null,
            "current_ratio": null,
            "debt_ratio": null,
            "inventory_turnover_ratio": null,
            "account_receivable_turnover_ratio": null,
            "reinvestment_rate": null,
            "research_to_sale_ratio": null,
            "price_fair": 0,
            "eps_avg_yearly": 0,
            "eps_latest_yearly": 0,
            "eps_growth_yearly": 0
        },
        "20142": {
            "year_quarter": 20142,
            "year": 2014,
            "quarter": 2,
            "eps": null,
            "eps_growth_year": null,
            "eps_4q": null,
            "eps_4q_growth_year": null,
            "roe": null,
            "roe_4q": 0,
            "gross_profit": null,
            "gross_margin": null,
            "gross_margin_4q_avg": 0,
            "net_income": null,
            "revenue": null,
            "common_shares": 323525,
            "book_valuer_per_share": 13.95,
            "book_valuer_per_share_4q_avg": 6.94,
            "equity": 451180,
            "current_ratio": 352.65,
            "debt_ratio": 27.7,
            "inventory_turnover_ratio": null,
            "account_receivable_turnover_ratio": null,
            "reinvestment_rate": null,
            "research_to_sale_ratio": null,
            "price_fair": 0,
            "eps_avg_yearly": 0,
            "eps_latest_yearly": 0,
            "eps_growth_yearly": 0
        },
        "20143": {
            "year_quarter": 20143,
            "year": 2014,
            "quarter": 3,
            "eps": null,
            "eps_growth_year": null,
            "eps_4q": null,
            "eps_4q_growth_year": null,
            "roe": null,
            "roe_4q": 0,
            "gross_profit": null,
            "gross_margin": null,
            "gross_margin_4q_avg": 0,
            "net_income": null,
            "revenue": null,
            "common_shares": null,
            "book_valuer_per_share": null,
            "book_valuer_per_share_4q_avg": 6.94,
            "equity": null,
            "current_ratio": null,
            "debt_ratio": null,
            "inventory_turnover_ratio": null,
            "account_receivable_turnover_ratio": null,
            "reinvestment_rate": null,
            "research_to_sale_ratio": null,
            "price_fair": 0,
            "eps_avg_yearly": 0,
            "eps_latest_yearly": 0,
            "eps_growth_yearly": 0
        },
        "20144": {
            "year_quarter": 20144,
            "year": 2014,
            "quarter": 4,
            "eps": null,
            "eps_growth_year": null,
            "eps_4q": null,
            "eps_4q_growth_year": null,
            "roe": null,
            "roe_4q": 0,
            "gross_profit": null,
            "gross_margin": null,
            "gross_margin_4q_avg": 0,
            "net_income": null,
            "revenue": null,
            "common_shares": 320021,
            "book_valuer_per_share": 14.36,
            "book_valuer_per_share_4q_avg": 7.08,
            "equity": 459591,
            "current_ratio": 363.14,
            "debt_ratio": 32.39,
            "inventory_turnover_ratio": null,
            "account_receivable_turnover_ratio": null,
            "reinvestment_rate": null,
            "research_to_sale_ratio": null,
            "price_fair": 0,
            "eps_avg_yearly": 0,
            "eps_latest_yearly": 0,
            "eps_growth_yearly": 0
        },
        "20151": {
            "year_quarter": 20151,
            "year": 2015,
            "quarter": 1,
            "eps": null,
            "eps_growth_year": null,
            "eps_4q": null,
            "eps_4q_growth_year": null,
            "roe": null,
            "roe_4q": 0,
            "gross_profit": null,
            "gross_margin": null,
            "gross_margin_4q_avg": 0,
            "net_income": null,
            "revenue": null,
            "common_shares": null,
            "book_valuer_per_share": null,
            "book_valuer_per_share_4q_avg": 7.08,
            "equity": null,
            "current_ratio": null,
            "debt_ratio": null,
            "inventory_turnover_ratio": null,
            "account_receivable_turnover_ratio": null,
            "reinvestment_rate": null,
            "research_to_sale_ratio": null,
            "price_fair": 0,
            "eps_avg_yearly": 0,
            "eps_latest_yearly": 0,
            "eps_growth_yearly": 0
        },
        "20152": {
            "year_quarter": 20152,
            "year": 2015,
            "quarter": 2,
            "eps": null,
            "eps_growth_year": null,
            "eps_4q": null,
            "eps_4q_growth_year": null,
            "roe": null,
            "roe_4q": 0,
            "gross_profit": null,
            "gross_margin": null,
            "gross_margin_4q_avg": 0,
            "net_income": null,
            "revenue": null,
            "common_shares": 320021,
            "book_valuer_per_share": 13.12,
            "book_valuer_per_share_4q_avg": 6.87,
            "equity": 419813,
            "current_ratio": 290.36,
            "debt_ratio": 31.55,
            "inventory_turnover_ratio": null,
            "account_receivable_turnover_ratio": null,
            "reinvestment_rate": null,
            "research_to_sale_ratio": null,
            "price_fair": 0,
            "eps_avg_yearly": 0,
            "eps_latest_yearly": 0,
            "eps_growth_yearly": 0
        },
        "20153": {
            "year_quarter": 20153,
            "year": 2015,
            "quarter": 3,
            "eps": null,
            "eps_growth_year": null,
            "eps_4q": null,
            "eps_4q_growth_year": null,
            "roe": null,
            "roe_4q": 0,
            "gross_profit": null,
            "gross_margin": null,
            "gross_margin_4q_avg": 0,
            "net_income": null,
            "revenue": null,
            "common_shares": null,
            "book_valuer_per_share": null,
            "book_valuer_per_share_4q_avg": 6.87,
            "equity": null,
            "current_ratio": null,
            "debt_ratio": null,
            "inventory_turnover_ratio": null,
            "account_receivable_turnover_ratio": null,
            "reinvestment_rate": null,
            "research_to_sale_ratio": null,
            "price_fair": 0,
            "eps_avg_yearly": 0,
            "eps_latest_yearly": 0,
            "eps_growth_yearly": 0
        },
        "20154": {
            "year_quarter": 20154,
            "year": 2015,
            "quarter": 4,
            "eps": null,
            "eps_growth_year": null,
            "eps_4q": null,
            "eps_4q_growth_year": null,
            "roe": null,
            "roe_4q": 0,
            "gross_profit": null,
            "gross_margin": null,
            "gross_margin_4q_avg": 0,
            "net_income": null,
            "revenue": null,
            "common_shares": 316189,
            "book_valuer_per_share": 13.86,
            "book_valuer_per_share_4q_avg": 6.75,
            "equity": 437346,
            "current_ratio": 423.81,
            "debt_ratio": 22.05,
            "inventory_turnover_ratio": null,
            "account_receivable_turnover_ratio": null,
            "reinvestment_rate": null,
            "research_to_sale_ratio": null,
            "price_fair": 0,
            "eps_avg_yearly": 0,
            "eps_latest_yearly": 0,
            "eps_growth_yearly": 0
        },
        "20161": {
            "year_quarter": 20161,
            "year": 2016,
            "quarter": 1,
            "eps": null,
            "eps_growth_year": null,
            "eps_4q": null,
            "eps_4q_growth_year": null,
            "roe": null,
            "roe_4q": 0,
            "gross_profit": null,
            "gross_margin": null,
            "gross_margin_4q_avg": 0,
            "net_income": null,
            "revenue": null,
            "common_shares": null,
            "book_valuer_per_share": null,
            "book_valuer_per_share_4q_avg": 6.75,
            "equity": null,
            "current_ratio": null,
            "debt_ratio": null,
            "inventory_turnover_ratio": null,
            "account_receivable_turnover_ratio": null,
            "reinvestment_rate": null,
            "research_to_sale_ratio": null,
            "price_fair": 0,
            "eps_avg_yearly": 0,
            "eps_latest_yearly": 0,
            "eps_growth_yearly": 0
        },
        "20162": {
            "year_quarter": 20162,
            "year": 2016,
            "quarter": 2,
            "eps": null,
            "eps_growth_year": null,
            "eps_4q": null,
            "eps_4q_growth_year": null,
            "roe": null,
            "roe_4q": 0,
            "gross_profit": null,
            "gross_margin": null,
            "gross_margin_4q_avg": 0,
            "net_income": null,
            "revenue": null,
            "common_shares": 316189,
            "book_valuer_per_share": 13.66,
            "book_valuer_per_share_4q_avg": 6.88,
            "equity": 428741,
            "current_ratio": 347.57,
            "debt_ratio": 25.9,
            "inventory_turnover_ratio": null,
            "account_receivable_turnover_ratio": null,
            "reinvestment_rate": null,
            "research_to_sale_ratio": null,
            "price_fair": 0,
            "eps_avg_yearly": 0,
            "eps_latest_yearly": 0,
            "eps_growth_yearly": 0
        },
        "20163": {
            "year_quarter": 20163,
            "year": 2016,
            "quarter": 3,
            "eps": null,
            "eps_growth_year": null,
            "eps_4q": null,
            "eps_4q_growth_year": null,
            "roe": null,
            "roe_4q": 0,
            "gross_profit": null,
            "gross_margin": null,
            "gross_margin_4q_avg": 0,
            "net_income": null,
            "revenue": null,
            "common_shares": null,
            "book_valuer_per_share": null,
            "book_valuer_per_share_4q_avg": 6.88,
            "equity": null,
            "current_ratio": null,
            "debt_ratio": null,
            "inventory_turnover_ratio": null,
            "account_receivable_turnover_ratio": null,
            "reinvestment_rate": null,
            "research_to_sale_ratio": null,
            "price_fair": 0,
            "eps_avg_yearly": 0,
            "eps_latest_yearly": 0,
            "eps_growth_yearly": 0
        },
        "20164": {
            "year_quarter": 20164,
            "year": 2016,
            "quarter": 4,
            "eps": null,
            "eps_growth_year": null,
            "eps_4q": null,
            "eps_4q_growth_year": null,
            "roe": null,
            "roe_4q": 0,
            "gross_profit": null,
            "gross_margin": null,
            "gross_margin_4q_avg": 0,
            "net_income": null,
            "revenue": null,
            "common_shares": null,
            "book_valuer_per_share": null,
            "book_valuer_per_share_4q_avg": 3.42,
            "equity": null,
            "current_ratio": null,
            "debt_ratio": null,
            "inventory_turnover_ratio": null,
            "account_receivable_turnover_ratio": null,
            "reinvestment_rate": null,
            "research_to_sale_ratio": null,
            "price_fair": 0,
            "eps_avg_yearly": 0,
            "eps_latest_yearly": 0,
            "eps_growth_yearly": 0
        },
        "20171": {
            "year_quarter": 20171,
            "year": 2017,
            "quarter": 1,
            "eps": null,
            "eps_growth_year": null,
            "eps_4q": null,
            "eps_4q_growth_year": null,
            "roe": null,
            "roe_4q": 0,
            "gross_profit": null,
            "gross_margin": null,
            "gross_margin_4q_avg": 0,
            "net_income": null,
            "revenue": null,
            "common_shares": null,
            "book_valuer_per_share": null,
            "book_valuer_per_share_4q_avg": 3.42,
            "equity": null,
            "current_ratio": null,
            "debt_ratio": null,
            "inventory_turnover_ratio": null,
            "account_receivable_turnover_ratio": null,
            "reinvestment_rate": null,
            "research_to_sale_ratio": null,
            "price_fair": 0,
            "eps_avg_yearly": 0,
            "eps_latest_yearly": 0,
            "eps_growth_yearly": 0
        },
        "20172": {
            "year_quarter": 20172,
            "year": 2017,
            "quarter": 2,
            "eps": null,
            "eps_growth_year": null,
            "eps_4q": null,
            "eps_4q_growth_year": null,
            "roe": null,
            "roe_4q": 0,
            "gross_profit": null,
            "gross_margin": null,
            "gross_margin_4q_avg": 0,
            "net_income": null,
            "revenue": null,
            "common_shares": 311560,
            "book_valuer_per_share": 15.17,
            "book_valuer_per_share_4q_avg": 3.79,
            "equity": 471431,
            "current_ratio": 271.79,
            "debt_ratio": 32.88,
            "inventory_turnover_ratio": null,
            "account_receivable_turnover_ratio": null,
            "reinvestment_rate": null,
            "research_to_sale_ratio": null,
            "price_fair": 0,
            "eps_avg_yearly": 0,
            "eps_latest_yearly": 0,
            "eps_growth_yearly": 0
        },
        "20173": {
            "year_quarter": 20173,
            "year": 2017,
            "quarter": 3,
            "eps": 1.59,
            "eps_growth_year": null,
            "eps_4q": null,
            "eps_4q_growth_year": null,
            "roe": 9.96,
            "roe_4q": 9.96,
            "gross_profit": 99510,
            "gross_margin": 32.11,
            "gross_margin_4q_avg": 8.03,
            "net_income": 49424,
            "revenue": 309905,
            "common_shares": 311560,
            "book_valuer_per_share": 16.76,
            "book_valuer_per_share_4q_avg": 7.98,
            "equity": 520880,
            "current_ratio": 285.3,
            "debt_ratio": 31.75,
            "inventory_turnover_ratio": 1.12,
            "account_receivable_turnover_ratio": 1.72,
            "reinvestment_rate": null,
            "research_to_sale_ratio": 7.35,
            "price_fair": 0,
            "eps_avg_yearly": 0,
            "eps_latest_yearly": 0,
            "eps_growth_yearly": 0
        },
        "20174": {
            "year_quarter": 20174,
            "year": 2017,
            "quarter": 4,
            "eps": 1.18,
            "eps_growth_year": null,
            "eps_4q": null,
            "eps_4q_growth_year": null,
            "roe": 6.82,
            "roe_4q": 16.78,
            "gross_profit": 91966,
            "gross_margin": 30.6,
            "gross_margin_4q_avg": 15.68,
            "net_income": 36772,
            "revenue": 300512,
            "common_shares": 311560,
            "book_valuer_per_share": 17.94,
            "book_valuer_per_share_4q_avg": 12.47,
            "equity": 557590,
            "current_ratio": 273.64,
            "debt_ratio": 32.63,
            "inventory_turnover_ratio": 1.12,
            "account_receivable_turnover_ratio": 1.49,
            "reinvestment_rate": null,
            "research_to_sale_ratio": 8.68,
            "price_fair": 14.16,
            "eps_avg_yearly": 4.72,
            "eps_latest_yearly": 4.72,
            "eps_growth_yearly": -103.14
        },
        "20181": {
            "year_quarter": 20181,
            "year": 2018,
            "quarter": 1,
            "eps": 1.32,
            "eps_growth_year": null,
            "eps_4q": null,
            "eps_4q_growth_year": null,
            "roe": 6.59,
            "roe_4q": 23.37,
            "gross_profit": 107959,
            "gross_margin": 32.45,
            "gross_margin_4q_avg": 23.79,
            "net_income": 46674,
            "revenue": 332694,
            "common_shares": 353110,
            "book_valuer_per_share": 24.36,
            "book_valuer_per_share_4q_avg": 18.56,
            "equity": 858047,
            "current_ratio": 364.74,
            "debt_ratio": 24.1,
            "inventory_turnover_ratio": 1.19,
            "account_receivable_turnover_ratio": 1.66,
            "reinvestment_rate": null,
            "research_to_sale_ratio": 7.65,
            "price_fair": 15,
            "eps_avg_yearly": 5,
            "eps_latest_yearly": 5.28,
            "eps_growth_yearly": -27.84
        },
        "20182": {
            "year_quarter": 20182,
            "year": 2018,
            "quarter": 2,
            "eps": 1.89,
            "eps_growth_year": null,
            "eps_4q": 5.67,
            "eps_4q_growth_year": null,
            "roe": 7.91,
            "roe_4q": 31.28,
            "gross_profit": 104963,
            "gross_margin": 30.41,
            "gross_margin_4q_avg": 31.39,
            "net_income": 66719,
            "revenue": 345167,
            "common_shares": 353110,
            "book_valuer_per_share": 23.51,
            "book_valuer_per_share_4q_avg": 20.64,
            "equity": 828099,
            "current_ratio": 273.47,
            "debt_ratio": 31.83,
            "inventory_turnover_ratio": 1.33,
            "account_receivable_turnover_ratio": 1.55,
            "reinvestment_rate": null,
            "research_to_sale_ratio": 8.02,
            "price_fair": 204.87,
            "eps_avg_yearly": 5.85,
            "eps_latest_yearly": 7.56,
            "eps_growth_yearly": 39.01
        },
        "20183": {
            "year_quarter": 20183,
            "year": 2018,
            "quarter": 3,
            "eps": 2.04,
            "eps_growth_year": 28.3,
            "eps_4q": 6.3,
            "eps_4q_growth_year": null,
            "roe": 8.31,
            "roe_4q": 29.63,
            "gross_profit": 141593,
            "gross_margin": 35.95,
            "gross_margin_4q_avg": 32.35,
            "net_income": 71784,
            "revenue": 393910,
            "common_shares": 353110,
            "book_valuer_per_share": 25.54,
            "book_valuer_per_share_4q_avg": 22.84,
            "equity": 899861,
            "current_ratio": 237.09,
            "debt_ratio": 34.81,
            "inventory_turnover_ratio": 1.31,
            "account_receivable_turnover_ratio": 1.58,
            "reinvestment_rate": null,
            "research_to_sale_ratio": 7.96,
            "price_fair": 225.05,
            "eps_avg_yearly": 6.43,
            "eps_latest_yearly": 8.16,
            "eps_growth_yearly": 37.2
        },
        "20184": {
            "year_quarter": 20184,
            "year": 2018,
            "quarter": 4,
            "eps": 2.05,
            "eps_growth_year": 73.02,
            "eps_4q": 7.3,
            "eps_4q_growth_year": null,
            "roe": 7.7,
            "roe_4q": 30.51,
            "gross_profit": 135626,
            "gross_margin": 34.36,
            "gross_margin_4q_avg": 33.29,
            "net_income": 72132,
            "revenue": 394758,
            "common_shares": 353110,
            "book_valuer_per_share": 27.61,
            "book_valuer_per_share_4q_avg": 25.26,
            "equity": 972679,
            "current_ratio": 257.53,
            "debt_ratio": 31.12,
            "inventory_turnover_ratio": 1.02,
            "account_receivable_turnover_ratio": 1.44,
            "reinvestment_rate": null,
            "research_to_sale_ratio": 8.18,
            "price_fair": 237.44,
            "eps_avg_yearly": 6.78,
            "eps_latest_yearly": 8.2,
            "eps_growth_yearly": 30.15
        },
        "20191": {
            "year_quarter": 20191,
            "year": 2019,
            "quarter": 1,
            "eps": 1.98,
            "eps_growth_year": 50,
            "eps_4q": 7.96,
            "eps_4q_growth_year": null,
            "roe": 6.91,
            "roe_4q": 30.830000000000002,
            "gross_profit": 131868,
            "gross_margin": 34.65,
            "gross_margin_4q_avg": 33.84,
            "net_income": 69616,
            "revenue": 380586,
            "common_shares": 353110,
            "book_valuer_per_share": 29.62,
            "book_valuer_per_share_4q_avg": 26.57,
            "equity": 1043379,
            "current_ratio": 274.12,
            "debt_ratio": 29.65,
            "inventory_turnover_ratio": 0.73,
            "account_receivable_turnover_ratio": 1.42,
            "reinvestment_rate": null,
            "research_to_sale_ratio": 7.66,
            "price_fair": 229.06,
            "eps_avg_yearly": 6.97,
            "eps_latest_yearly": 7.92,
            "eps_growth_yearly": 22.85
        },
        "20192": {
            "year_quarter": 20192,
            "year": 2019,
            "quarter": 2,
            "eps": 2.07,
            "eps_growth_year": 9.52,
            "eps_4q": 8.13,
            "eps_4q_growth_year": 43.44,
            "roe": 7.35,
            "roe_4q": 30.270000000000003,
            "gross_profit": 137472,
            "gross_margin": 32.35,
            "gross_margin_4q_avg": 34.33,
            "net_income": 72758,
            "revenue": 424998,
            "common_shares": 352290,
            "book_valuer_per_share": 26.61,
            "book_valuer_per_share_4q_avg": 27.35,
            "equity": 937475,
            "current_ratio": 211.24,
            "debt_ratio": 38.44,
            "inventory_turnover_ratio": 0.75,
            "account_receivable_turnover_ratio": 1.56,
            "reinvestment_rate": null,
            "research_to_sale_ratio": 7.54,
            "price_fair": 230.42,
            "eps_avg_yearly": 7.16,
            "eps_latest_yearly": 8.28,
            "eps_growth_yearly": 22.18
        },
        "20193": {
            "year_quarter": 20193,
            "year": 2019,
            "quarter": 3,
            "eps": 2.19,
            "eps_growth_year": 7.35,
            "eps_4q": 8.28,
            "eps_4q_growth_year": 31.39,
            "roe": 7.9,
            "roe_4q": 29.86,
            "gross_profit": 155935,
            "gross_margin": 32.99,
            "gross_margin_4q_avg": 33.59,
            "net_income": 77116,
            "revenue": 472740,
            "common_shares": 352290,
            "book_valuer_per_share": 28.82,
            "book_valuer_per_share_4q_avg": 28.17,
            "equity": 1015228,
            "current_ratio": 275.84,
            "debt_ratio": 29.32,
            "inventory_turnover_ratio": 0.84,
            "account_receivable_turnover_ratio": 1.58,
            "reinvestment_rate": null,
            "research_to_sale_ratio": 7.58,
            "price_fair": 237.78,
            "eps_avg_yearly": 7.36,
            "eps_latest_yearly": 8.76,
            "eps_growth_yearly": 22.31
        },
        "20194": {
            "year_quarter": 20194,
            "year": 2019,
            "quarter": 4,
            "eps": 1.73,
            "eps_growth_year": -15.3,
            "eps_4q": 7.96,
            "eps_4q_growth_year": 9.05,
            "roe": 5.84,
            "roe_4q": 28,
            "gross_profit": 126599,
            "gross_margin": 34.23,
            "gross_margin_4q_avg": 33.56,
            "net_income": 61094,
            "revenue": 369889,
            "common_shares": 352290,
            "book_valuer_per_share": 30.57,
            "book_valuer_per_share_4q_avg": 28.91,
            "equity": 1076886,
            "current_ratio": 318.08,
            "debt_ratio": 25.63,
            "inventory_turnover_ratio": 0.65,
            "account_receivable_turnover_ratio": 1.38,
            "reinvestment_rate": null,
            "research_to_sale_ratio": 6.84,
            "price_fair": 149.83,
            "eps_avg_yearly": 7.31,
            "eps_latest_yearly": 6.92,
            "eps_growth_yearly": 10.49
        },
        "20201": {
            "year_quarter": 20201,
            "year": 2020,
            "quarter": 1,
            "eps": 1.79,
            "eps_growth_year": -9.6,
            "eps_4q": 7.78,
            "eps_4q_growth_year": -2.25,
            "roe": 6.22,
            "roe_4q": 27.310000000000002,
            "gross_profit": 117402,
            "gross_margin": 33.57,
            "gross_margin_4q_avg": 33.29,
            "net_income": 62988,
            "revenue": 349769,
            "common_shares": 352290,
            "book_valuer_per_share": 26.89,
            "book_valuer_per_share_4q_avg": 28.22,
            "equity": 947165,
            "current_ratio": 230.51,
            "debt_ratio": 35.67,
            "inventory_turnover_ratio": 0.65,
            "account_receivable_turnover_ratio": 1.57,
            "reinvestment_rate": null,
            "research_to_sale_ratio": 7.94,
            "price_fair": 151.99,
            "eps_avg_yearly": 7.3,
            "eps_latest_yearly": 7.16,
            "eps_growth_yearly": 10.83
        },
        "20202": {
            "year_quarter": 20202,
            "year": 2020,
            "quarter": 2,
            "eps": 2.47,
            "eps_growth_year": 19.32,
            "eps_4q": 8.18,
            "eps_4q_growth_year": 0.66,
            "roe": 8.78,
            "roe_4q": 28.740000000000002,
            "gross_profit": 174727,
            "gross_margin": 32.74,
            "gross_margin_4q_avg": 33.38,
            "net_income": 86979,
            "revenue": 533631,
            "common_shares": 352290,
            "book_valuer_per_share": 29.38,
            "book_valuer_per_share_4q_avg": 28.92,
            "equity": 1035032,
            "current_ratio": 212.72,
            "debt_ratio": 39.78,
            "inventory_turnover_ratio": 1.1,
            "account_receivable_turnover_ratio": 1.95,
            "reinvestment_rate": null,
            "research_to_sale_ratio": 5.68,
            "price_fair": 253.5,
            "eps_avg_yearly": 7.53,
            "eps_latest_yearly": 9.88,
            "eps_growth_yearly": 23.66
        },
        "20203": {
            "year_quarter": 20203,
            "year": 2020,
            "quarter": 3,
            "eps": 2.34,
            "eps_growth_year": 6.85,
            "eps_4q": 8.33,
            "eps_4q_growth_year": 0.65,
            "roe": 7.66,
            "roe_4q": 28.499999999999996,
            "gross_profit": 163235,
            "gross_margin": 31.74,
            "gross_margin_4q_avg": 33.07,
            "net_income": 82460,
            "revenue": 514278,
            "common_shares": 352290,
            "book_valuer_per_share": 31.75,
            "book_valuer_per_share_4q_avg": 29.65,
            "equity": 1118349,
            "current_ratio": 274.41,
            "debt_ratio": 30.43,
            "inventory_turnover_ratio": 1.07,
            "account_receivable_turnover_ratio": 1.53,
            "reinvestment_rate": null,
            "research_to_sale_ratio": 6.17,
            "price_fair": 230,
            "eps_avg_yearly": 7.68,
            "eps_latest_yearly": 9.36,
            "eps_growth_yearly": 19.93
        },
        "20204": {
            "year_quarter": 20204,
            "year": 2020,
            "quarter": 4,
            "eps": 2.65,
            "eps_growth_year": 52.9,
            "eps_4q": 9.21,
            "eps_4q_growth_year": 15.61,
            "roe": 8.02,
            "roe_4q": 30.68,
            "gross_profit": 191363,
            "gross_margin": 34.4,
            "gross_margin_4q_avg": 33.11,
            "net_income": 94007,
            "revenue": 556294,
            "common_shares": 354524,
            "book_valuer_per_share": 34.62,
            "book_valuer_per_share_4q_avg": 30.66,
            "equity": 1227260,
            "current_ratio": 267.53,
            "debt_ratio": 30.87,
            "inventory_turnover_ratio": 1.04,
            "account_receivable_turnover_ratio": 1.59,
            "reinvestment_rate": null,
            "research_to_sale_ratio": 6.01,
            "price_fair": 256.82,
            "eps_avg_yearly": 7.91,
            "eps_latest_yearly": 10.6,
            "eps_growth_yearly": 22.48
        },
        "20211": {
            "year_quarter": 20211,
            "year": 2021,
            "quarter": 1,
            "eps": 3.14,
            "eps_growth_year": 75.42,
            "eps_4q": 10.57,
            "eps_4q_growth_year": 35.87,
            "roe": 9.53,
            "roe_4q": 33.989999999999995,
            "gross_profit": 202351,
            "gross_margin": 34.93,
            "gross_margin_4q_avg": 33.45,
            "net_income": 111360,
            "revenue": 579226,
            "common_shares": 354732,
            "book_valuer_per_share": 31.29,
            "book_valuer_per_share_4q_avg": 31.76,
            "equity": 1109911,
            "current_ratio": 199.16,
            "debt_ratio": 42.25,
            "inventory_turnover_ratio": 1.04,
            "account_receivable_turnover_ratio": 1.56,
            "reinvestment_rate": null,
            "research_to_sale_ratio": 5.9,
            "price_fair": 288.4,
            "eps_avg_yearly": 8.24,
            "eps_latest_yearly": 12.56,
            "eps_growth_yearly": 26.15
        },
        "20212": {
            "year_quarter": 20212,
            "year": 2021,
            "quarter": 2,
            "eps": 4.75,
            "eps_growth_year": 92.31,
            "eps_4q": 12.87,
            "eps_4q_growth_year": 57.3,
            "roe": 14.12,
            "roe_4q": 39.33,
            "gross_profit": 307564,
            "gross_margin": 43.85,
            "gross_margin_4q_avg": 36.23,
            "net_income": 168610,
            "revenue": 701352,
            "common_shares": 354732,
            "book_valuer_per_share": 36.05,
            "book_valuer_per_share_4q_avg": 33.43,
            "equity": 1278879,
            "current_ratio": 197.45,
            "debt_ratio": 42.19,
            "inventory_turnover_ratio": 1.05,
            "account_receivable_turnover_ratio": 1.69,
            "reinvestment_rate": 1.34,
            "research_to_sale_ratio": 6.54,
            "price_fair": 313.51,
            "eps_avg_yearly": 8.96,
            "eps_latest_yearly": 19,
            "eps_growth_yearly": 38.08
        },
        "20213": {
            "year_quarter": 20213,
            "year": 2021,
            "quarter": 3,
            "eps": 5.49,
            "eps_growth_year": 134.62,
            "eps_4q": 16.02,
            "eps_4q_growth_year": 92.33,
            "roe": 14.14,
            "roe_4q": 45.81,
            "gross_profit": 339089,
            "gross_margin": 44.87,
            "gross_margin_4q_avg": 39.51,
            "net_income": 194635,
            "revenue": 755783,
            "common_shares": 354830,
            "book_valuer_per_share": 41.56,
            "book_valuer_per_share_4q_avg": 35.88,
            "equity": 1474640,
            "current_ratio": 232.98,
            "debt_ratio": 34.88,
            "inventory_turnover_ratio": 1.04,
            "account_receivable_turnover_ratio": 1.62,
            "reinvestment_rate": 1.53,
            "research_to_sale_ratio": 7.33,
            "price_fair": 341.95,
            "eps_avg_yearly": 9.77,
            "eps_latest_yearly": 21.96,
            "eps_growth_yearly": 39.6
        },
        "20214": {
            "year_quarter": 20214,
            "year": 2021,
            "quarter": 4,
            "eps": 4.29,
            "eps_growth_year": 61.68,
            "eps_4q": 17.56,
            "eps_4q_growth_year": 90.71,
            "roe": 9.83,
            "roe_4q": 47.62,
            "gross_profit": 300538,
            "gross_margin": 41.71,
            "gross_margin_4q_avg": 41.34,
            "net_income": 153307,
            "revenue": 720467,
            "common_shares": 357587,
            "book_valuer_per_share": 46.01,
            "book_valuer_per_share_4q_avg": 38.73,
            "equity": 1645399,
            "current_ratio": 234.86,
            "debt_ratio": 35.34,
            "inventory_turnover_ratio": 0.98,
            "account_receivable_turnover_ratio": 1.54,
            "reinvestment_rate": 1.52,
            "research_to_sale_ratio": 10.03,
            "price_fair": 369.16,
            "eps_avg_yearly": 10.55,
            "eps_latest_yearly": 17.16,
            "eps_growth_yearly": 40.58
        },
        "20221": {
            "year_quarter": 20221,
            "year": 2022,
            "quarter": 1,
            "eps": 5.53,
            "eps_growth_year": 76.11,
            "eps_4q": 19.93,
            "eps_4q_growth_year": 88.67,
            "roe": 12.86,
            "roe_4q": 50.949999999999996,
            "gross_profit": 311763,
            "gross_margin": 42.38,
            "gross_margin_4q_avg": 43.2,
            "net_income": 198094,
            "revenue": 735594,
            "common_shares": 358501,
            "book_valuer_per_share": 40.01,
            "book_valuer_per_share_4q_avg": 40.91,
            "equity": 1434252,
            "current_ratio": 170.27,
            "debt_ratio": 49.8,
            "inventory_turnover_ratio": 0.93,
            "account_receivable_turnover_ratio": 1.65,
            "reinvestment_rate": 1.48,
            "research_to_sale_ratio": 6.6,
            "price_fair": 406,
            "eps_avg_yearly": 11.6,
            "eps_latest_yearly": 22.12,
            "eps_growth_yearly": 44.84
        },
        "20222": {
            "year_quarter": 20222,
            "year": 2022,
            "quarter": 2,
            "eps": 4.97,
            "eps_growth_year": 4.63,
            "eps_4q": 20.2,
            "eps_4q_growth_year": 57.02,
            "roe": 11.7,
            "roe_4q": 48.53,
            "gross_profit": 314824,
            "gross_margin": 41.88,
            "gross_margin_4q_avg": 42.71,
            "net_income": 178283,
            "revenue": 751652,
            "common_shares": 358501,
            "book_valuer_per_share": 44.98,
            "book_valuer_per_share_4q_avg": 43.14,
            "equity": 1612632,
            "current_ratio": 170.52,
            "debt_ratio": 49.97,
            "inventory_turnover_ratio": 0.8,
            "account_receivable_turnover_ratio": 1.63,
            "reinvestment_rate": 1.37,
            "research_to_sale_ratio": 7.58,
            "price_fair": 432.95,
            "eps_avg_yearly": 12.37,
            "eps_latest_yearly": 19.88,
            "eps_growth_yearly": 31.51
        },
        "20223": {
            "year_quarter": 20223,
            "year": 2022,
            "quarter": 3,
            "eps": 4.12,
            "eps_growth_year": -24.95,
            "eps_4q": 18.9,
            "eps_4q_growth_year": 17.93,
            "roe": 8.77,
            "roe_4q": 43.16,
            "gross_profit": 192781,
            "gross_margin": 40.68,
            "gross_margin_4q_avg": 41.66,
            "net_income": 147865,
            "revenue": 473911,
            "common_shares": 358540,
            "book_valuer_per_share": 49.11,
            "book_valuer_per_share_4q_avg": 45.03,
            "equity": 1760886,
            "current_ratio": 214.42,
            "debt_ratio": 39.05,
            "inventory_turnover_ratio": 0.39,
            "account_receivable_turnover_ratio": 1.25,
            "reinvestment_rate": 0.84,
            "research_to_sale_ratio": 8.27,
            "price_fair": 451.15,
            "eps_avg_yearly": 12.89,
            "eps_latest_yearly": 16.48,
            "eps_growth_yearly": 25.25
        },
        "20224": {
            "year_quarter": 20224,
            "year": 2022,
            "quarter": 4,
            "eps": 1.27,
            "eps_growth_year": -70.43,
            "eps_4q": 15.88,
            "eps_4q_growth_year": -9.59,
            "roe": 2.55,
            "roe_4q": 35.879999999999995,
            "gross_profit": 133519,
            "gross_margin": 35.76,
            "gross_margin_4q_avg": 40.18,
            "net_income": 45497,
            "revenue": 373384,
            "common_shares": 358890,
            "book_valuer_per_share": 50.4,
            "book_valuer_per_share_4q_avg": 46.13,
            "equity": 1808762,
            "current_ratio": 245.42,
            "debt_ratio": 34.05,
            "inventory_turnover_ratio": 0.28,
            "account_receivable_turnover_ratio": 1.4,
            "reinvestment_rate": 0.44,
            "research_to_sale_ratio": 9.08,
            "price_fair": 226.45,
            "eps_avg_yearly": 12.7,
            "eps_latest_yearly": 5.08,
            "eps_growth_yearly": 7.84
        },
        "20231": {
            "year_quarter": 20231,
            "year": 2023,
            "quarter": 1,
            "eps": 1.24,
            "eps_growth_year": -77.58,
            "eps_4q": 8.54,
            "eps_4q_growth_year": -57.13,
            "roe": 2.66,
            "roe_4q": 25.68,
            "gross_profit": 110935,
            "gross_margin": 29.45,
            "gross_margin_4q_avg": 36.94,
            "net_income": 63198,
            "revenue": 376723,
            "common_shares": 508890,
            "book_valuer_per_share": 57.7,
            "book_valuer_per_share_4q_avg": 50.55,
            "equity": 2936275,
            "current_ratio": 291.19,
            "debt_ratio": 30.77,
            "inventory_turnover_ratio": 0.3,
            "account_receivable_turnover_ratio": 1.45,
            "reinvestment_rate": 0.41,
            "research_to_sale_ratio": 9.62,
            "price_fair": 226.44,
            "eps_avg_yearly": 12.51,
            "eps_latest_yearly": 4.96,
            "eps_growth_yearly": 8.1
        }
    },
    "months": {
        "2012-12": {
            "month": "2012-12",
            "price": "30.26",
            "revenue": 64083
        },
        "2013-01": {
            "month": "2013-01",
            "price": "30.83",
            "revenue": 82088
        },
        "2013-02": {
            "month": "2013-02",
            "price": "27.25",
            "revenue": 60515
        },
        "2013-03": {
            "month": "2013-03",
            "price": "23.39",
            "revenue": 34362
        },
        "2013-04": {
            "month": "2013-04",
            "price": "23.13",
            "revenue": 43221
        },
        "2013-05": {
            "month": "2013-05",
            "price": "22.99",
            "revenue": 44555
        },
        "2013-06": {
            "month": "2013-06",
            "price": "23.68",
            "revenue": 51621
        },
        "2013-07": {
            "month": "2013-07",
            "price": "20.08",
            "revenue": 65902
        },
        "2013-08": {
            "month": "2013-08",
            "price": "19.18",
            "revenue": 66923
        },
        "2013-09": {
            "month": "2013-09",
            "price": "19.41",
            "revenue": 52385
        },
        "2013-10": {
            "month": "2013-10",
            "price": "18.06",
            "revenue": 49108
        },
        "2013-11": {
            "month": "2013-11",
            "price": "17.91",
            "revenue": 51732
        },
        "2013-12": {
            "month": "2013-12",
            "price": "16.87",
            "revenue": 51785
        },
        "2014-01": {
            "month": "2014-01",
            "price": "15.61",
            "revenue": 52653
        },
        "2014-02": {
            "month": "2014-02",
            "price": "15.88",
            "revenue": 39865
        },
        "2014-03": {
            "month": "2014-03",
            "price": "17.27",
            "revenue": 54311
        },
        "2014-04": {
            "month": "2014-04",
            "price": "17.27",
            "revenue": 61902
        },
        "2014-05": {
            "month": "2014-05",
            "price": "18.19",
            "revenue": 52316
        },
        "2014-06": {
            "month": "2014-06",
            "price": "20.06",
            "revenue": 46229
        },
        "2014-07": {
            "month": "2014-07",
            "price": "20.22",
            "revenue": 55448
        },
        "2014-08": {
            "month": "2014-08",
            "price": "20.30",
            "revenue": 50430
        },
        "2014-09": {
            "month": "2014-09",
            "price": "19.98",
            "revenue": 52119
        },
        "2014-10": {
            "month": "2014-10",
            "price": "18.51",
            "revenue": 46108
        },
        "2014-11": {
            "month": "2014-11",
            "price": "18.48",
            "revenue": 50295
        },
        "2014-12": {
            "month": "2014-12",
            "price": "18.73",
            "revenue": 48350
        },
        "2015-01": {
            "month": "2015-01",
            "price": "17.99",
            "revenue": 52637
        },
        "2015-02": {
            "month": "2015-02",
            "price": "18.03",
            "revenue": 33418
        },
        "2015-03": {
            "month": "2015-03",
            "price": "17.53",
            "revenue": 43999
        },
        "2015-04": {
            "month": "2015-04",
            "price": "17.63",
            "revenue": 40740
        },
        "2015-05": {
            "month": "2015-05",
            "price": "16.63",
            "revenue": 26167
        },
        "2015-06": {
            "month": "2015-06",
            "price": "15.77",
            "revenue": 38738
        },
        "2015-07": {
            "month": "2015-07",
            "price": "13.33",
            "revenue": 42636
        },
        "2015-08": {
            "month": "2015-08",
            "price": "10.46",
            "revenue": 45285
        },
        "2015-09": {
            "month": "2015-09",
            "price": "8.86",
            "revenue": 42012
        },
        "2015-10": {
            "month": "2015-10",
            "price": "8.97",
            "revenue": 44158
        },
        "2015-11": {
            "month": "2015-11",
            "price": "8.72",
            "revenue": 42316
        },
        "2015-12": {
            "month": "2015-12",
            "price": "9.29",
            "revenue": 47369
        },
        "2016-01": {
            "month": "2016-01",
            "price": "10.16",
            "revenue": 41838
        },
        "2016-02": {
            "month": "2016-02",
            "price": "10.68",
            "revenue": 26170
        },
        "2016-03": {
            "month": "2016-03",
            "price": "10.93",
            "revenue": 43065
        },
        "2016-04": {
            "month": "2016-04",
            "price": "10.71",
            "revenue": 36831
        },
        "2016-05": {
            "month": "2016-05",
            "price": "11.62",
            "revenue": 50764
        },
        "2016-06": {
            "month": "2016-06",
            "price": "10.29",
            "revenue": 47632
        },
        "2016-07": {
            "month": "2016-07",
            "price": "9.45",
            "revenue": 57247
        },
        "2016-08": {
            "month": "2016-08",
            "price": "10.61",
            "revenue": 65803
        },
        "2016-09": {
            "month": "2016-09",
            "price": "13.14",
            "revenue": 70015
        },
        "2016-10": {
            "month": "2016-10",
            "price": "16.02",
            "revenue": 51399
        },
        "2016-11": {
            "month": "2016-11",
            "price": "14.93",
            "revenue": 65671
        },
        "2016-12": {
            "month": "2016-12",
            "price": "16.81",
            "revenue": 56304
        },
        "2017-01": {
            "month": "2017-01",
            "price": "17.40",
            "revenue": 66737
        },
        "2017-02": {
            "month": "2017-02",
            "price": "22.57",
            "revenue": 60074
        },
        "2017-03": {
            "month": "2017-03",
            "price": "27.37",
            "revenue": 67363
        },
        "2017-04": {
            "month": "2017-04",
            "price": "27.97",
            "revenue": 67182
        },
        "2017-05": {
            "month": "2017-05",
            "price": "36.21",
            "revenue": 68217
        },
        "2017-06": {
            "month": "2017-06",
            "price": "49.28",
            "revenue": 77891
        },
        "2017-07": {
            "month": "2017-07",
            "price": "47.44",
            "revenue": 83358
        },
        "2017-08": {
            "month": "2017-08",
            "price": "48.64",
            "revenue": 102808
        },
        "2017-09": {
            "month": "2017-09",
            "price": "58.24",
            "revenue": 123737
        },
        "2017-10": {
            "month": "2017-10",
            "price": "59.61",
            "revenue": 112122
        },
        "2017-11": {
            "month": "2017-11",
            "price": "73.29",
            "revenue": 106335
        },
        "2017-12": {
            "month": "2017-12",
            "price": "71.14",
            "revenue": 82055
        },
        "2018-01": {
            "month": "2018-01",
            "price": "79.60",
            "revenue": 124727
        },
        "2018-02": {
            "month": "2018-02",
            "price": "95.08",
            "revenue": 92845
        },
        "2018-03": {
            "month": "2018-03",
            "price": "102.69",
            "revenue": 115122
        },
        "2018-04": {
            "month": "2018-04",
            "price": "94.70",
            "revenue": 111936
        },
        "2018-05": {
            "month": "2018-05",
            "price": "92.91",
            "revenue": 113490
        },
        "2018-06": {
            "month": "2018-06",
            "price": "140.22",
            "revenue": 119740
        },
        "2018-07": {
            "month": "2018-07",
            "price": "137.73",
            "revenue": 129887
        },
        "2018-08": {
            "month": "2018-08",
            "price": "135.59",
            "revenue": 131981
        },
        "2018-09": {
            "month": "2018-09",
            "price": "111.42",
            "revenue": 132041
        },
        "2018-10": {
            "month": "2018-10",
            "price": "89.50",
            "revenue": 123490
        },
        "2018-11": {
            "month": "2018-11",
            "price": "91.86",
            "revenue": 140999
        },
        "2018-12": {
            "month": "2018-12",
            "price": "116.76",
            "revenue": 130269
        },
        "2019-01": {
            "month": "2019-01",
            "price": "112.55",
            "revenue": 130664
        },
        "2019-02": {
            "month": "2019-02",
            "price": "121.50",
            "revenue": 119032
        },
        "2019-03": {
            "month": "2019-03",
            "price": "109.12",
            "revenue": 130890
        },
        "2019-04": {
            "month": "2019-04",
            "price": "101.28",
            "revenue": 132194
        },
        "2019-05": {
            "month": "2019-05",
            "price": "100.81",
            "revenue": 142084
        },
        "2019-06": {
            "month": "2019-06",
            "price": "100.86",
            "revenue": 150720
        },
        "2019-07": {
            "month": "2019-07",
            "price": "118.00",
            "revenue": 153194
        },
        "2019-08": {
            "month": "2019-08",
            "price": "116.36",
            "revenue": 157001
        },
        "2019-09": {
            "month": "2019-09",
            "price": "119.71",
            "revenue": 162545
        },
        "2019-10": {
            "month": "2019-10",
            "price": "122.93",
            "revenue": 130400
        },
        "2019-11": {
            "month": "2019-11",
            "price": "116.26",
            "revenue": 117995
        },
        "2019-12": {
            "month": "2019-12",
            "price": "113.32",
            "revenue": 121493
        },
        "2020-01": {
            "month": "2020-01",
            "price": "112.60",
            "revenue": 126958
        },
        "2020-02": {
            "month": "2020-02",
            "price": "101.72",
            "revenue": 90497
        },
        "2020-03": {
            "month": "2020-03",
            "price": "85.43",
            "revenue": 132314
        },
        "2020-04": {
            "month": "2020-04",
            "price": "89.75",
            "revenue": 186388
        },
        "2020-05": {
            "month": "2020-05",
            "price": "114.17",
            "revenue": 188372
        },
        "2020-06": {
            "month": "2020-06",
            "price": "116.80",
            "revenue": 158870
        },
        "2020-07": {
            "month": "2020-07",
            "price": "118.54",
            "revenue": 156611
        },
        "2020-08": {
            "month": "2020-08",
            "price": "110.60",
            "revenue": 161026
        },
        "2020-09": {
            "month": "2020-09",
            "price": "106.68",
            "revenue": 196641
        },
        "2020-10": {
            "month": "2020-10",
            "price": "109.29",
            "revenue": 181997
        },
        "2020-11": {
            "month": "2020-11",
            "price": "110.86",
            "revenue": 183910
        },
        "2020-12": {
            "month": "2020-12",
            "price": "119.48",
            "revenue": 190388
        },
        "2021-01": {
            "month": "2021-01",
            "price": "122.15",
            "revenue": 193210
        },
        "2021-02": {
            "month": "2021-02",
            "price": "122.15",
            "revenue": 171595
        },
        "2021-03": {
            "month": "2021-03",
            "price": "137.23",
            "revenue": 214421
        },
        "2021-04": {
            "month": "2021-04",
            "price": "170.58",
            "revenue": 222811
        },
        "2021-05": {
            "month": "2021-05",
            "price": "145.98",
            "revenue": 228264
        },
        "2021-06": {
            "month": "2021-06",
            "price": "157.29",
            "revenue": 250277
        },
        "2021-07": {
            "month": "2021-07",
            "price": "215.34",
            "revenue": 251218
        },
        "2021-08": {
            "month": "2021-08",
            "price": "212.23",
            "revenue": 252260
        },
        "2021-09": {
            "month": "2021-09",
            "price": "180.15",
            "revenue": 252305
        },
        "2021-10": {
            "month": "2021-10",
            "price": "174.28",
            "revenue": 240065
        },
        "2021-11": {
            "month": "2021-11",
            "price": "190.16",
            "revenue": 240118
        },
        "2021-12": {
            "month": "2021-12",
            "price": "193.77",
            "revenue": 240284
        },
        "2022-01": {
            "month": "2022-01",
            "price": "196.97",
            "revenue": 241406
        },
        "2022-02": {
            "month": "2022-02",
            "price": "189.30",
            "revenue": 241789
        },
        "2022-03": {
            "month": "2022-03",
            "price": "186.35",
            "revenue": 252398
        },
        "2022-04": {
            "month": "2022-04",
            "price": "177.24",
            "revenue": 255312
        },
        "2022-05": {
            "month": "2022-05",
            "price": "179.21",
            "revenue": 260121
        },
        "2022-06": {
            "month": "2022-06",
            "price": "173.83",
            "revenue": 236219
        },
        "2022-07": {
            "month": "2022-07",
            "price": "138.12",
            "revenue": 190112
        },
        "2022-08": {
            "month": "2022-08",
            "price": "127.61",
            "revenue": 160868
        },
        "2022-09": {
            "month": "2022-09",
            "price": "109.90",
            "revenue": 122932
        },
        "2022-10": {
            "month": "2022-10",
            "price": "92.61",
            "revenue": 126798
        },
        "2022-11": {
            "month": "2022-11",
            "price": "109.93",
            "revenue": 126340
        },
        "2022-12": {
            "month": "2022-12",
            "price": "115.84",
            "revenue": 120246
        },
        "2023-01": {
            "month": "2023-01",
            "price": "118.46",
            "revenue": 119208
        },
        "2023-02": {
            "month": "2023-02",
            "price": "131.19",
            "revenue": 102153
        },
        "2023-03": {
            "month": "2023-03",
            "price": "128.93",
            "revenue": 155362
        },
        "2023-04": {
            "month": "2023-04",
            "price": "133.88",
            "revenue": 180007
        }
    }
}
