{
    "summary": {
        "stock_name": "寶得利",
        "stock_id": "5301",
        "category": "觀光餐旅",
        "main_business": "餐飲服務<br>空運貨物運輸承攬服務<br>珠寶精品及一般禮品",
        "website_url": "http://www.cjwtaiwan.com/",
        "ceo": "張雅琍",
        "pe_ratio": -19,
        "report_year_from": 2001,
        "report_year_to": 2023,
        "age": 23,
        "eps_negative_percentage": 65,
        "eps_growth_avg": {
            "last_all": -57.19,
            "last_2y": null,
            "last_4y": null,
            "last_8y": -80.75,
            "last_12y": -14.39,
            "last_16y": -42.92,
            "last_20y": -51.08,
            "at_2006_last_3y": -100,
            "at_2007_last_3y": -100,
            "at_2008_last_3y": -100,
            "at_2009_last_3y": -100,
            "at_2010_last_3y": -100,
            "at_2011_last_3y": -100,
            "at_2012_last_3y": -100,
            "at_2013_last_3y": 3.95,
            "at_2014_last_3y": 51.97,
            "at_2015_last_3y": 14.15,
            "at_2016_last_3y": -14.39,
            "at_2017_last_3y": -20.5,
            "at_2018_last_3y": -80.75,
            "at_2019_last_3y": -100,
            "at_2020_last_3y": null,
            "at_2021_last_3y": null,
            "at_2022_last_3y": null,
            "at_2023_last_3y": null,
            "at_2024_last_3y": null,
            "at_2006_last_all": -100,
            "at_2007_last_all": -100,
            "at_2008_last_all": -100,
            "at_2009_last_all": -100,
            "at_2010_last_all": -100,
            "at_2011_last_all": -100,
            "at_2012_last_all": -100,
            "at_2013_last_all": -79.21,
            "at_2014_last_all": -49.34,
            "at_2015_last_all": -51.08,
            "at_2016_last_all": -57.19,
            "at_2017_last_all": -57.19,
            "at_2018_last_all": -57.19,
            "at_2019_last_all": -57.19,
            "at_2020_last_all": -57.19,
            "at_2021_last_all": -57.19,
            "at_2022_last_all": -57.19,
            "at_2023_last_all": -57.19,
            "at_2024_last_all": -57.19
        },
        "latest_eps": -0.48,
        "latest_price": 9.04,
        "latest_roe": -11.3,
        "latest_gross_margin": 42.55,
        "latest_equity": 708274,
        "latest_revenue": 68292,
        "latest_gross_profit": 29057,
        "latest_net_income": -12060,
        "latest_debt_ratio": 21.9,
        "latest_current_ratio": 607.95,
        "latest_account_receivable_turnover_ratio": 3.18,
        "latest_inventory_turnover_ratio": 0.06,
        "latest_reinvestment_rate": null,
        "latest_research_to_sale_ratio": null
    },
    "eps_dividends": {
        "1997": {
            "cash": 0,
            "stock": 1.5,
            "eps": 0
        },
        "1998": {
            "cash": 0,
            "stock": 0.7,
            "eps": 0
        },
        "2001": {
            "cash": 0,
            "stock": 0,
            "eps": 0.18
        },
        "2002": {
            "cash": 0,
            "stock": 0,
            "eps": -0.21
        },
        "2003": {
            "cash": 0,
            "stock": 0,
            "eps": 0.36
        },
        "2004": {
            "cash": 0,
            "stock": 0,
            "eps": -3.27
        },
        "2005": {
            "cash": 0,
            "stock": 0,
            "eps": -1.66
        },
        "2006": {
            "cash": 0,
            "stock": 0,
            "eps": 0.65
        },
        "2007": {
            "cash": 0,
            "stock": 0,
            "eps": -1.11
        },
        "2008": {
            "cash": 0,
            "stock": 0,
            "eps": 0.08
        },
        "2009": {
            "cash": 0,
            "stock": 0,
            "eps": -3.63
        },
        "2010": {
            "cash": 0,
            "stock": 0,
            "eps": -4.76
        },
        "2011": {
            "cash": 0,
            "stock": 0,
            "eps": -5.53
        },
        "2012": {
            "cash": 0,
            "stock": 0,
            "eps": 0.76
        },
        "2013": {
            "cash": 0,
            "stock": 0,
            "eps": 0.79
        },
        "2014": {
            "cash": 0,
            "stock": 0,
            "eps": 1.87
        },
        "2015": {
            "cash": 0.15,
            "stock": 1.25,
            "eps": 0.72
        },
        "2016": {
            "cash": 0.15,
            "stock": 1,
            "eps": -1.48
        },
        "2017": {
            "cash": 0,
            "stock": 0,
            "eps": -2.34
        },
        "2018": {
            "cash": 0,
            "stock": 0,
            "eps": -0.24
        },
        "2019": {
            "cash": 0,
            "stock": 0,
            "eps": -3.19
        },
        "2020": {
            "cash": 0,
            "stock": 0,
            "eps": -2.95
        },
        "2021": {
            "cash": 0,
            "stock": 0,
            "eps": -2.09
        },
        "2022": {
            "cash": 0,
            "stock": 0,
            "eps": -0.65
        },
        "2023": {
            "cash": 0,
            "stock": 0,
            "eps": -0.38
        }
    },
    "dividends": {
        "1997-06-21": {
            "cash": 0,
            "stock": 1.5
        },
        "1998-06-29": {
            "cash": 0,
            "stock": 0.7
        },
        "2015-09-23": {
            "cash": 0.15,
            "stock": 1.25
        },
        "2016-10-04": {
            "cash": 0.15,
            "stock": 1
        }
    },
    "prices": {
        "200101": "5.14",
        "200102": "8.00",
        "200103": "9.09",
        "200104": "10.43",
        "200105": "7.63",
        "200106": "6.69",
        "200107": "5.69",
        "200108": "6.54",
        "200109": "5.23",
        "200110": "5.23",
        "200111": "6.07",
        "200112": "10.39",
        "200201": "14.09",
        "200202": "18.55",
        "200203": "21.48",
        "200204": "24.38",
        "200205": "18.92",
        "200206": "21.10",
        "200207": "27.50",
        "200208": "30.52",
        "200209": "31.14",
        "200210": "17.71",
        "200211": "12.01",
        "200212": "10.57",
        "200301": "10.42",
        "200302": "9.70",
        "200303": "8.49",
        "200304": "7.80",
        "200305": "6.91",
        "200306": "8.17",
        "200307": "8.74",
        "200308": "8.22",
        "200309": "8.55",
        "200310": "10.14",
        "200311": "10.10",
        "200312": "9.74",
        "200401": "9.89",
        "200402": "10.59",
        "200403": "10.17",
        "200404": "9.96",
        "200405": "8.09",
        "200406": "6.98",
        "200407": "6.22",
        "200408": "5.12",
        "200409": "4.45",
        "200410": "4.75",
        "200411": "4.29",
        "200412": "4.19",
        "200501": "3.95",
        "200502": "4.09",
        "200503": "4.22",
        "200504": "3.63",
        "200505": "3.07",
        "200506": "3.55",
        "200507": "3.47",
        "200508": "2.99",
        "200509": "3.34",
        "200510": "5.25",
        "200511": "5.31",
        "200512": "5.11",
        "200601": "6.05",
        "200602": "6.05",
        "200603": "5.53",
        "200604": "5.63",
        "200605": "6.04",
        "200606": "6.49",
        "200607": "7.73",
        "200608": "9.73",
        "200609": "13.38",
        "200610": "14.76",
        "200611": "14.93",
        "200612": "15.13",
        "200701": "14.32",
        "200702": "14.18",
        "200703": "13.89",
        "200704": "14.12",
        "200705": "9.32",
        "200706": "9.96",
        "200707": "11.23",
        "200708": "9.88",
        "200709": "10.22",
        "200710": "9.22",
        "200711": "6.51",
        "200712": "5.72",
        "200801": "4.87",
        "200802": "5.26",
        "200803": "6.08",
        "200804": "5.82",
        "200805": "7.01",
        "200806": "5.94",
        "200807": "4.56",
        "200808": "3.93",
        "200809": "3.80",
        "200810": "3.59",
        "200811": "3.01",
        "200812": "2.42",
        "200901": "2.25",
        "200902": "2.38",
        "200903": "3.11",
        "200904": "3.68",
        "200905": "3.30",
        "200906": "3.20",
        "200907": "3.22",
        "200908": "3.38",
        "200909": "4.92",
        "200910": "6.64",
        "200911": "6.52",
        "200912": "6.69",
        "201001": "7.32",
        "201002": "6.68",
        "201003": "6.94",
        "201004": "8.16",
        "201005": "8.20",
        "201006": "7.07",
        "201007": "7.33",
        "201008": "7.18",
        "201009": "4.04",
        "201010": "3.76",
        "201011": "3.26",
        "201012": "3.70",
        "201101": "3.94",
        "201102": "3.76",
        "201103": "5.37",
        "201104": "6.54",
        "201105": "4.22",
        "201106": "3.01",
        "201107": "2.54",
        "201108": "1.86",
        "201109": "1.72",
        "201110": "2.19",
        "201111": "1.72",
        "201112": "無",
        "201201": "2.30",
        "201202": "3.39",
        "201203": "4.55",
        "201204": "4.87",
        "201205": "4.74",
        "201206": "4.05",
        "201207": "3.80",
        "201208": "4.11",
        "201209": "10.70",
        "201210": "13.52",
        "201211": "13.63",
        "201212": "12.21",
        "201301": "12.10",
        "201302": "12.15",
        "201303": "11.55",
        "201304": "11.28",
        "201305": "12.53",
        "201306": "12.17",
        "201307": "11.24",
        "201308": "16.09",
        "201309": "19.37",
        "201310": "17.22",
        "201311": "14.75",
        "201312": "15.63",
        "201401": "16.13",
        "201402": "23.30",
        "201403": "42.55",
        "201404": "60.63",
        "201405": "104.80",
        "201406": "91.30",
        "201407": "81.68",
        "201408": "80.63",
        "201409": "68.59",
        "201410": "62.31",
        "201411": "62.64",
        "201412": "61.15",
        "201501": "59.86",
        "201502": "60.25",
        "201503": "60.20",
        "201504": "76.62",
        "201505": "62.50",
        "201506": "59.60",
        "201507": "55.02",
        "201508": "51.88",
        "201509": "43.44",
        "201510": "43.48",
        "201511": "41.18",
        "201512": "38.11",
        "201601": "35.70",
        "201602": "32.18",
        "201603": "36.05",
        "201604": "32.60",
        "201605": "30.37",
        "201606": "28.76",
        "201607": "29.94",
        "201608": "28.59",
        "201609": "27.02",
        "201610": "27.44",
        "201611": "26.75",
        "201612": "26.48",
        "201701": "26.23",
        "201702": "27.12",
        "201703": "25.58",
        "201704": "25.10",
        "201705": "23.53",
        "201706": "22.73",
        "201707": "21.11",
        "201708": "20.53",
        "201709": "20.30",
        "201710": "20.01",
        "201711": "29.17",
        "201712": "39.60",
        "201801": "41.20",
        "201802": "35.89",
        "201803": "33.08",
        "201804": "30.82",
        "201805": "29.27",
        "201806": "29.06",
        "201807": "27.75",
        "201808": "26.96",
        "201809": "25.85",
        "201810": "23.50",
        "201811": "22.65",
        "201812": "21.96",
        "201901": "20.93",
        "201902": "20.79",
        "201903": "20.78",
        "201904": "28.23",
        "201905": "25.16",
        "201906": "24.20",
        "201907": "22.07",
        "201908": "17.41",
        "201909": "15.41",
        "201910": "13.96",
        "201911": "13.60",
        "201912": "13.43",
        "202001": "13.44",
        "202002": "10.37",
        "202003": "9.00",
        "202004": "8.86",
        "202005": "9.10",
        "202006": "11.56",
        "202007": "9.10",
        "202008": "11.11",
        "202009": "16.24",
        "202010": "12.12",
        "202011": "10.56",
        "202012": "10.63",
        "202101": "9.59",
        "202102": "9.64",
        "202103": "10.73",
        "202104": "10.41",
        "202105": "9.29",
        "202106": "9.83",
        "202107": "10.16",
        "202108": "9.71",
        "202109": "9.26",
        "202110": "8.99",
        "202111": "8.95",
        "202112": "8.62",
        "202201": "8.43",
        "202202": "10.52",
        "202203": "14.38",
        "202204": "12.80",
        "202205": "13.05",
        "202206": "12.68",
        "202207": "11.39",
        "202208": "10.42",
        "202209": "9.68",
        "202210": "9.49",
        "202211": "10.36",
        "202212": "11.61",
        "202301": "10.44",
        "202302": "10.79",
        "202303": "11.49",
        "202304": "12.29",
        "202305": "13.95",
        "202306": "20.32",
        "202307": "15.80",
        "202308": "13.91",
        "202309": "13.63",
        "202310": "11.97",
        "202311": "11.98",
        "202312": "10.82"
    },
    "quarters": {
        "20011": {
            "year_quarter": 20011,
            "year": 2001,
            "quarter": 1,
            "eps": 0.07,
            "eps_growth_year": -76.67,
            "eps_4q": -1.39,
            "eps_4q_growth_year": null,
            "roe": 0.68,
            "roe_4q": 0.68,
            "gross_profit": 30134,
            "gross_margin": 8.97,
            "gross_margin_4q_avg": 8.97,
            "net_income": 4244,
            "net_income_4q": null,
            "revenue": 335947,
            "revenue_4q": null,
            "common_shares": 629160,
            "book_valuer_per_share": 10.02,
            "book_valuer_per_share_4q_avg": 10.02,
            "equity": 630483,
            "current_ratio": 73.7,
            "debt_ratio": 58.74,
            "inventory_turnover_ratio": 1.99,
            "account_receivable_turnover_ratio": null,
            "reinvestment_rate": null,
            "research_to_sale_ratio": null,
            "price_fair": 0,
            "eps_avg_yearly": 0,
            "eps_latest_yearly": 0,
            "eps_growth_yearly": 0
        },
        "20012": {
            "year_quarter": 20012,
            "year": 2001,
            "quarter": 2,
            "eps": -0.69,
            "eps_growth_year": null,
            "eps_4q": -1.5,
            "eps_4q_growth_year": null,
            "roe": -7.13,
            "roe_4q": -6.45,
            "gross_profit": 10488,
            "gross_margin": 4.95,
            "gross_margin_4q_avg": 6.96,
            "net_income": -43476,
            "net_income_4q": null,
            "revenue": 211782,
            "revenue_4q": null,
            "common_shares": 629160,
            "book_valuer_per_share": 9.37,
            "book_valuer_per_share_4q_avg": 9.7,
            "equity": 589653,
            "current_ratio": 70.65,
            "debt_ratio": 59.69,
            "inventory_turnover_ratio": 1.44,
            "account_receivable_turnover_ratio": null,
            "reinvestment_rate": null,
            "research_to_sale_ratio": null,
            "price_fair": 0,
            "eps_avg_yearly": 0,
            "eps_latest_yearly": 0,
            "eps_growth_yearly": 0
        },
        "20013": {
            "year_quarter": 20013,
            "year": 2001,
            "quarter": 3,
            "eps": 0.03,
            "eps_growth_year": null,
            "eps_4q": -1.58,
            "eps_4q_growth_year": null,
            "roe": 0.3,
            "roe_4q": -6.15,
            "gross_profit": 30141,
            "gross_margin": 9.24,
            "gross_margin_4q_avg": 7.72,
            "net_income": 1752,
            "net_income_4q": null,
            "revenue": 326252,
            "revenue_4q": null,
            "common_shares": 629160,
            "book_valuer_per_share": 9.4,
            "book_valuer_per_share_4q_avg": 9.6,
            "equity": 591602,
            "current_ratio": 73.67,
            "debt_ratio": 62.87,
            "inventory_turnover_ratio": 2,
            "account_receivable_turnover_ratio": null,
            "reinvestment_rate": null,
            "research_to_sale_ratio": null,
            "price_fair": 0,
            "eps_avg_yearly": 0,
            "eps_latest_yearly": 0,
            "eps_growth_yearly": 0
        },
        "20014": {
            "year_quarter": 20014,
            "year": 2001,
            "quarter": 4,
            "eps": 0.77,
            "eps_growth_year": null,
            "eps_4q": 0.17,
            "eps_4q_growth_year": null,
            "roe": 7.86,
            "roe_4q": 1.7100000000000004,
            "gross_profit": 63444,
            "gross_margin": 14.44,
            "gross_margin_4q_avg": 9.4,
            "net_income": 48440,
            "net_income_4q": null,
            "revenue": 439366,
            "revenue_4q": null,
            "common_shares": 629160,
            "book_valuer_per_share": 10.18,
            "book_valuer_per_share_4q_avg": 9.74,
            "equity": 640710,
            "current_ratio": 85.1,
            "debt_ratio": 65.54,
            "inventory_turnover_ratio": 2.27,
            "account_receivable_turnover_ratio": null,
            "reinvestment_rate": null,
            "research_to_sale_ratio": null,
            "price_fair": 0,
            "eps_avg_yearly": 0,
            "eps_latest_yearly": 0,
            "eps_growth_yearly": 0
        },
        "20021": {
            "year_quarter": 20021,
            "year": 2002,
            "quarter": 1,
            "eps": 0.2,
            "eps_growth_year": 185.71,
            "eps_4q": 0.31,
            "eps_4q_growth_year": null,
            "roe": 1.96,
            "roe_4q": 2.990000000000001,
            "gross_profit": 45165,
            "gross_margin": 10.92,
            "gross_margin_4q_avg": 9.89,
            "net_income": 12769,
            "net_income_4q": null,
            "revenue": 413732,
            "revenue_4q": null,
            "common_shares": 629160,
            "book_valuer_per_share": 10.53,
            "book_valuer_per_share_4q_avg": 9.87,
            "equity": 662746,
            "current_ratio": 87.6,
            "debt_ratio": 65.21,
            "inventory_turnover_ratio": 2.34,
            "account_receivable_turnover_ratio": null,
            "reinvestment_rate": null,
            "research_to_sale_ratio": null,
            "price_fair": 2.4,
            "eps_avg_yearly": 0.8,
            "eps_latest_yearly": 0.8,
            "eps_growth_yearly": -296.1
        },
        "20022": {
            "year_quarter": 20022,
            "year": 2002,
            "quarter": 2,
            "eps": -0.13,
            "eps_growth_year": null,
            "eps_4q": 0.87,
            "eps_4q_growth_year": null,
            "roe": -1.29,
            "roe_4q": 8.830000000000002,
            "gross_profit": 34314,
            "gross_margin": 11.5,
            "gross_margin_4q_avg": 11.53,
            "net_income": -8491,
            "net_income_4q": null,
            "revenue": 298390,
            "revenue_4q": null,
            "common_shares": 629160,
            "book_valuer_per_share": 10.36,
            "book_valuer_per_share_4q_avg": 10.12,
            "equity": 651896,
            "current_ratio": 87.55,
            "debt_ratio": 61.62,
            "inventory_turnover_ratio": 1.88,
            "account_receivable_turnover_ratio": null,
            "reinvestment_rate": null,
            "research_to_sale_ratio": null,
            "price_fair": 2.4,
            "eps_avg_yearly": 0.8,
            "eps_latest_yearly": 0.8,
            "eps_growth_yearly": -296.1
        },
        "20023": {
            "year_quarter": 20023,
            "year": 2002,
            "quarter": 3,
            "eps": 0.19,
            "eps_growth_year": 533.33,
            "eps_4q": 1.04,
            "eps_4q_growth_year": null,
            "roe": 1.78,
            "roe_4q": 10.31,
            "gross_profit": 63184,
            "gross_margin": 15.02,
            "gross_margin_4q_avg": 12.97,
            "net_income": 11751,
            "net_income_4q": null,
            "revenue": 420650,
            "revenue_4q": null,
            "common_shares": 629160,
            "book_valuer_per_share": 10.58,
            "book_valuer_per_share_4q_avg": 10.41,
            "equity": 665359,
            "current_ratio": 86.26,
            "debt_ratio": 60.07,
            "inventory_turnover_ratio": 2.92,
            "account_receivable_turnover_ratio": null,
            "reinvestment_rate": null,
            "research_to_sale_ratio": null,
            "price_fair": 2.4,
            "eps_avg_yearly": 0.8,
            "eps_latest_yearly": 0.8,
            "eps_growth_yearly": -296.1
        },
        "20024": {
            "year_quarter": 20024,
            "year": 2002,
            "quarter": 4,
            "eps": -0.47,
            "eps_growth_year": -161.04,
            "eps_4q": -0.21,
            "eps_4q_growth_year": -220.54,
            "roe": -4.52,
            "roe_4q": -2.0699999999999994,
            "gross_profit": 19573,
            "gross_margin": 6.61,
            "gross_margin_4q_avg": 11.01,
            "net_income": -29390,
            "net_income_4q": null,
            "revenue": 296226,
            "revenue_4q": null,
            "common_shares": 629160,
            "book_valuer_per_share": 10.11,
            "book_valuer_per_share_4q_avg": 10.4,
            "equity": 635970,
            "current_ratio": 93.07,
            "debt_ratio": 59.94,
            "inventory_turnover_ratio": 2.47,
            "account_receivable_turnover_ratio": null,
            "reinvestment_rate": null,
            "research_to_sale_ratio": null,
            "price_fair": 2.4,
            "eps_avg_yearly": 0.8,
            "eps_latest_yearly": 0.8,
            "eps_growth_yearly": -296.1
        },
        "20031": {
            "year_quarter": 20031,
            "year": 2003,
            "quarter": 1,
            "eps": 0.01,
            "eps_growth_year": -95,
            "eps_4q": -0.41,
            "eps_4q_growth_year": -235.04,
            "roe": 0.1,
            "roe_4q": -3.9299999999999997,
            "gross_profit": 33085,
            "gross_margin": 9.28,
            "gross_margin_4q_avg": 10.6,
            "net_income": 619,
            "net_income_4q": null,
            "revenue": 356344,
            "revenue_4q": null,
            "common_shares": 629160,
            "book_valuer_per_share": 10.12,
            "book_valuer_per_share_4q_avg": 10.29,
            "equity": 636589,
            "current_ratio": 92.34,
            "debt_ratio": 59.93,
            "inventory_turnover_ratio": 2.87,
            "account_receivable_turnover_ratio": null,
            "reinvestment_rate": null,
            "research_to_sale_ratio": null,
            "price_fair": 2.4,
            "eps_avg_yearly": 0.8,
            "eps_latest_yearly": 0.8,
            "eps_growth_yearly": -296.1
        },
        "20032": {
            "year_quarter": 20032,
            "year": 2003,
            "quarter": 2,
            "eps": -0.26,
            "eps_growth_year": null,
            "eps_4q": -0.54,
            "eps_4q_growth_year": -161.81,
            "roe": -2.65,
            "roe_4q": -5.289999999999999,
            "gross_profit": 19447,
            "gross_margin": 7.03,
            "gross_margin_4q_avg": 9.49,
            "net_income": -16649,
            "net_income_4q": null,
            "revenue": 276714,
            "revenue_4q": null,
            "common_shares": 629160,
            "book_valuer_per_share": 9.85,
            "book_valuer_per_share_4q_avg": 10.17,
            "equity": 619940,
            "current_ratio": 90.82,
            "debt_ratio": 58.12,
            "inventory_turnover_ratio": 2.65,
            "account_receivable_turnover_ratio": null,
            "reinvestment_rate": null,
            "research_to_sale_ratio": null,
            "price_fair": 2.4,
            "eps_avg_yearly": 0.8,
            "eps_latest_yearly": 0.8,
            "eps_growth_yearly": -296.1
        },
        "20033": {
            "year_quarter": 20033,
            "year": 2003,
            "quarter": 3,
            "eps": -0.08,
            "eps_growth_year": -142.11,
            "eps_4q": -0.81,
            "eps_4q_growth_year": -177.4,
            "roe": -0.87,
            "roe_4q": -7.9399999999999995,
            "gross_profit": 33158,
            "gross_margin": 7.3,
            "gross_margin_4q_avg": 7.56,
            "net_income": -5342,
            "net_income_4q": null,
            "revenue": 454287,
            "revenue_4q": null,
            "common_shares": 629160,
            "book_valuer_per_share": 9.75,
            "book_valuer_per_share_4q_avg": 9.96,
            "equity": 613247,
            "current_ratio": 96.7,
            "debt_ratio": 61.05,
            "inventory_turnover_ratio": 4.17,
            "account_receivable_turnover_ratio": null,
            "reinvestment_rate": null,
            "research_to_sale_ratio": null,
            "price_fair": 2.4,
            "eps_avg_yearly": 0.8,
            "eps_latest_yearly": 0.8,
            "eps_growth_yearly": -296.1
        },
        "20034": {
            "year_quarter": 20034,
            "year": 2003,
            "quarter": 4,
            "eps": 0.69,
            "eps_growth_year": null,
            "eps_4q": 0.35,
            "eps_4q_growth_year": null,
            "roe": 6.8,
            "roe_4q": 3.38,
            "gross_profit": 51698,
            "gross_margin": 9.75,
            "gross_margin_4q_avg": 8.34,
            "net_income": 43162,
            "net_income_4q": null,
            "revenue": 530087,
            "revenue_4q": null,
            "common_shares": 629160,
            "book_valuer_per_share": 10.44,
            "book_valuer_per_share_4q_avg": 10.04,
            "equity": 656775,
            "current_ratio": 102.47,
            "debt_ratio": 63.45,
            "inventory_turnover_ratio": 4.16,
            "account_receivable_turnover_ratio": null,
            "reinvestment_rate": null,
            "research_to_sale_ratio": null,
            "price_fair": 2.4,
            "eps_avg_yearly": 0.8,
            "eps_latest_yearly": 0.8,
            "eps_growth_yearly": -296.1
        },
        "20041": {
            "year_quarter": 20041,
            "year": 2004,
            "quarter": 1,
            "eps": -0.48,
            "eps_growth_year": -4900,
            "eps_4q": -0.15,
            "eps_4q_growth_year": null,
            "roe": -4.73,
            "roe_4q": -1.4500000000000006,
            "gross_profit": 22237,
            "gross_margin": 5.38,
            "gross_margin_4q_avg": 7.37,
            "net_income": -30354,
            "net_income_4q": null,
            "revenue": 413620,
            "revenue_4q": null,
            "common_shares": 629160,
            "book_valuer_per_share": 9.96,
            "book_valuer_per_share_4q_avg": 10,
            "equity": 626422,
            "current_ratio": 100.16,
            "debt_ratio": 62.1,
            "inventory_turnover_ratio": 3.4,
            "account_receivable_turnover_ratio": null,
            "reinvestment_rate": null,
            "research_to_sale_ratio": null,
            "price_fair": 2.4,
            "eps_avg_yearly": 0.8,
            "eps_latest_yearly": 0.8,
            "eps_growth_yearly": -296.1
        },
        "20042": {
            "year_quarter": 20042,
            "year": 2004,
            "quarter": 2,
            "eps": -1.09,
            "eps_growth_year": null,
            "eps_4q": -0.98,
            "eps_4q_growth_year": null,
            "roe": -11.62,
            "roe_4q": -10.42,
            "gross_profit": 8844,
            "gross_margin": 2.82,
            "gross_margin_4q_avg": 6.31,
            "net_income": -68818,
            "net_income_4q": null,
            "revenue": 313646,
            "revenue_4q": null,
            "common_shares": 629160,
            "book_valuer_per_share": 8.86,
            "book_valuer_per_share_4q_avg": 9.75,
            "equity": 557603,
            "current_ratio": 96.73,
            "debt_ratio": 63.63,
            "inventory_turnover_ratio": 2.45,
            "account_receivable_turnover_ratio": null,
            "reinvestment_rate": null,
            "research_to_sale_ratio": null,
            "price_fair": 2.4,
            "eps_avg_yearly": 0.8,
            "eps_latest_yearly": 0.8,
            "eps_growth_yearly": -296.1
        },
        "20043": {
            "year_quarter": 20043,
            "year": 2004,
            "quarter": 3,
            "eps": 0.09,
            "eps_growth_year": null,
            "eps_4q": -0.84,
            "eps_4q_growth_year": null,
            "roe": 0.96,
            "roe_4q": -8.59,
            "gross_profit": 44857,
            "gross_margin": 10.33,
            "gross_margin_4q_avg": 7.07,
            "net_income": 5407,
            "net_income_4q": null,
            "revenue": 434387,
            "revenue_4q": null,
            "common_shares": 629160,
            "book_valuer_per_share": 8.95,
            "book_valuer_per_share_4q_avg": 9.55,
            "equity": 563011,
            "current_ratio": 94.52,
            "debt_ratio": 66.16,
            "inventory_turnover_ratio": 2.34,
            "account_receivable_turnover_ratio": null,
            "reinvestment_rate": null,
            "research_to_sale_ratio": null,
            "price_fair": 2.4,
            "eps_avg_yearly": 0.8,
            "eps_latest_yearly": 0.8,
            "eps_growth_yearly": -296.1
        },
        "20044": {
            "year_quarter": 20044,
            "year": 2004,
            "quarter": 4,
            "eps": -1.79,
            "eps_growth_year": -359.42,
            "eps_4q": -3.28,
            "eps_4q_growth_year": -1041.61,
            "roe": -22.35,
            "roe_4q": -37.739999999999995,
            "gross_profit": -27981,
            "gross_margin": -6.85,
            "gross_margin_4q_avg": 2.92,
            "net_income": -112800,
            "net_income_4q": null,
            "revenue": 408642,
            "revenue_4q": null,
            "common_shares": 629160,
            "book_valuer_per_share": 7.1,
            "book_valuer_per_share_4q_avg": 8.72,
            "equity": 446449,
            "current_ratio": 83.67,
            "debt_ratio": 70.12,
            "inventory_turnover_ratio": 2.67,
            "account_receivable_turnover_ratio": null,
            "reinvestment_rate": null,
            "research_to_sale_ratio": null,
            "price_fair": 2.4,
            "eps_avg_yearly": 0.8,
            "eps_latest_yearly": 0.8,
            "eps_growth_yearly": -296.1
        },
        "20051": {
            "year_quarter": 20051,
            "year": 2005,
            "quarter": 1,
            "eps": -0.36,
            "eps_growth_year": null,
            "eps_4q": -3.19,
            "eps_4q_growth_year": null,
            "roe": -5.16,
            "roe_4q": -38.17,
            "gross_profit": 19125,
            "gross_margin": 5.01,
            "gross_margin_4q_avg": 2.83,
            "net_income": -22449,
            "net_income_4q": null,
            "revenue": 381399,
            "revenue_4q": null,
            "common_shares": 629160,
            "book_valuer_per_share": 6.73,
            "book_valuer_per_share_4q_avg": 7.91,
            "equity": 423734,
            "current_ratio": 81.77,
            "debt_ratio": 68.89,
            "inventory_turnover_ratio": 3.32,
            "account_receivable_turnover_ratio": null,
            "reinvestment_rate": null,
            "research_to_sale_ratio": null,
            "price_fair": 2.4,
            "eps_avg_yearly": 0.8,
            "eps_latest_yearly": 0.8,
            "eps_growth_yearly": -296.1
        },
        "20052": {
            "year_quarter": 20052,
            "year": 2005,
            "quarter": 2,
            "eps": -0.88,
            "eps_growth_year": null,
            "eps_4q": -2.95,
            "eps_4q_growth_year": null,
            "roe": -14.03,
            "roe_4q": -40.58,
            "gross_profit": -15905,
            "gross_margin": -6.04,
            "gross_margin_4q_avg": 0.61,
            "net_income": -55558,
            "net_income_4q": null,
            "revenue": 263115,
            "revenue_4q": null,
            "common_shares": 629160,
            "book_valuer_per_share": 5.85,
            "book_valuer_per_share_4q_avg": 7.16,
            "equity": 368292,
            "current_ratio": 72.57,
            "debt_ratio": 70.45,
            "inventory_turnover_ratio": 3.46,
            "account_receivable_turnover_ratio": null,
            "reinvestment_rate": null,
            "research_to_sale_ratio": null,
            "price_fair": 2.4,
            "eps_avg_yearly": 0.8,
            "eps_latest_yearly": 0.8,
            "eps_growth_yearly": -296.1
        },
        "20053": {
            "year_quarter": 20053,
            "year": 2005,
            "quarter": 3,
            "eps": -0.09,
            "eps_growth_year": -200,
            "eps_4q": -3.12,
            "eps_4q_growth_year": null,
            "roe": -1.49,
            "roe_4q": -43.03,
            "gross_profit": 20407,
            "gross_margin": 5.52,
            "gross_margin_4q_avg": -0.59,
            "net_income": -5461,
            "net_income_4q": null,
            "revenue": 369866,
            "revenue_4q": null,
            "common_shares": 629160,
            "book_valuer_per_share": 5.81,
            "book_valuer_per_share_4q_avg": 6.37,
            "equity": 365427,
            "current_ratio": 73.15,
            "debt_ratio": 71.98,
            "inventory_turnover_ratio": 4.24,
            "account_receivable_turnover_ratio": null,
            "reinvestment_rate": null,
            "research_to_sale_ratio": null,
            "price_fair": 2.4,
            "eps_avg_yearly": 0.8,
            "eps_latest_yearly": 0.8,
            "eps_growth_yearly": -296.1
        },
        "20054": {
            "year_quarter": 20054,
            "year": 2005,
            "quarter": 4,
            "eps": -0.33,
            "eps_growth_year": null,
            "eps_4q": -1.66,
            "eps_4q_growth_year": null,
            "roe": -5.83,
            "roe_4q": -26.51,
            "gross_profit": 34797,
            "gross_margin": 8.02,
            "gross_margin_4q_avg": 3.13,
            "net_income": -20694,
            "net_income_4q": null,
            "revenue": 433806,
            "revenue_4q": null,
            "common_shares": 629160,
            "book_valuer_per_share": 5.47,
            "book_valuer_per_share_4q_avg": 5.97,
            "equity": 344799,
            "current_ratio": 79.64,
            "debt_ratio": 75.56,
            "inventory_turnover_ratio": 3.9,
            "account_receivable_turnover_ratio": null,
            "reinvestment_rate": null,
            "research_to_sale_ratio": null,
            "price_fair": 2.4,
            "eps_avg_yearly": 0.8,
            "eps_latest_yearly": 0.8,
            "eps_growth_yearly": -296.1
        },
        "20061": {
            "year_quarter": 20061,
            "year": 2006,
            "quarter": 1,
            "eps": 0.09,
            "eps_growth_year": null,
            "eps_4q": -1.19,
            "eps_4q_growth_year": null,
            "roe": 1.65,
            "roe_4q": -19.7,
            "gross_profit": 53708,
            "gross_margin": 10.9,
            "gross_margin_4q_avg": 4.6,
            "net_income": 5739,
            "net_income_4q": null,
            "revenue": 492696,
            "revenue_4q": null,
            "common_shares": 629160,
            "book_valuer_per_share": 5.56,
            "book_valuer_per_share_4q_avg": 5.67,
            "equity": 349923,
            "current_ratio": 75.63,
            "debt_ratio": 75.91,
            "inventory_turnover_ratio": 3.5,
            "account_receivable_turnover_ratio": null,
            "reinvestment_rate": null,
            "research_to_sale_ratio": null,
            "price_fair": 0,
            "eps_avg_yearly": 0,
            "eps_latest_yearly": 0,
            "eps_growth_yearly": 0
        },
        "20062": {
            "year_quarter": 20062,
            "year": 2006,
            "quarter": 2,
            "eps": 0.71,
            "eps_growth_year": null,
            "eps_4q": 0.38,
            "eps_4q_growth_year": null,
            "roe": 11.96,
            "roe_4q": 6.290000000000001,
            "gross_profit": 104205,
            "gross_margin": 18.29,
            "gross_margin_4q_avg": 10.68,
            "net_income": 44511,
            "net_income_4q": null,
            "revenue": 569624,
            "revenue_4q": null,
            "common_shares": 629160,
            "book_valuer_per_share": 6.27,
            "book_valuer_per_share_4q_avg": 5.78,
            "equity": 394434,
            "current_ratio": 81.35,
            "debt_ratio": 75.01,
            "inventory_turnover_ratio": 2.94,
            "account_receivable_turnover_ratio": null,
            "reinvestment_rate": null,
            "research_to_sale_ratio": null,
            "price_fair": 99.4,
            "eps_avg_yearly": 2.84,
            "eps_latest_yearly": 2.84,
            "eps_growth_yearly": 2755.56
        },
        "20063": {
            "year_quarter": 20063,
            "year": 2006,
            "quarter": 3,
            "eps": 0.98,
            "eps_growth_year": null,
            "eps_4q": 1.45,
            "eps_4q_growth_year": null,
            "roe": 14.45,
            "roe_4q": 22.229999999999997,
            "gross_profit": 121372,
            "gross_margin": 15.97,
            "gross_margin_4q_avg": 13.3,
            "net_income": 61441,
            "net_income_4q": null,
            "revenue": 760217,
            "revenue_4q": null,
            "common_shares": 629160,
            "book_valuer_per_share": 7.25,
            "book_valuer_per_share_4q_avg": 6.14,
            "equity": 455875,
            "current_ratio": 90.19,
            "debt_ratio": 75.39,
            "inventory_turnover_ratio": 3.06,
            "account_receivable_turnover_ratio": null,
            "reinvestment_rate": null,
            "research_to_sale_ratio": null,
            "price_fair": 118.3,
            "eps_avg_yearly": 3.38,
            "eps_latest_yearly": 3.92,
            "eps_growth_yearly": 1453.83
        },
        "20064": {
            "year_quarter": 20064,
            "year": 2006,
            "quarter": 4,
            "eps": -1.13,
            "eps_growth_year": null,
            "eps_4q": 0.64,
            "eps_4q_growth_year": null,
            "roe": -16.96,
            "roe_4q": 11.1,
            "gross_profit": -7739,
            "gross_margin": -1.39,
            "gross_margin_4q_avg": 10.94,
            "net_income": -71306,
            "net_income_4q": null,
            "revenue": 556204,
            "revenue_4q": null,
            "common_shares": 629160,
            "book_valuer_per_share": 6.11,
            "book_valuer_per_share_4q_avg": 6.3,
            "equity": 385184,
            "current_ratio": 85.68,
            "debt_ratio": 77.06,
            "inventory_turnover_ratio": 2.57,
            "account_receivable_turnover_ratio": null,
            "reinvestment_rate": null,
            "research_to_sale_ratio": null,
            "price_fair": 118.3,
            "eps_avg_yearly": 3.38,
            "eps_latest_yearly": 3.92,
            "eps_growth_yearly": 1453.83
        },
        "20071": {
            "year_quarter": 20071,
            "year": 2007,
            "quarter": 1,
            "eps": -0.39,
            "eps_growth_year": -533.33,
            "eps_4q": 0.17,
            "eps_4q_growth_year": null,
            "roe": -6.5,
            "roe_4q": 2.9499999999999993,
            "gross_profit": 42415,
            "gross_margin": 7.97,
            "gross_margin_4q_avg": 10.21,
            "net_income": -24243,
            "net_income_4q": null,
            "revenue": 532392,
            "revenue_4q": null,
            "common_shares": 629160,
            "book_valuer_per_share": 5.73,
            "book_valuer_per_share_4q_avg": 6.34,
            "equity": 360767,
            "current_ratio": 131.28,
            "debt_ratio": 78.51,
            "inventory_turnover_ratio": 2.65,
            "account_receivable_turnover_ratio": null,
            "reinvestment_rate": null,
            "research_to_sale_ratio": null,
            "price_fair": 118.3,
            "eps_avg_yearly": 3.38,
            "eps_latest_yearly": 3.92,
            "eps_growth_yearly": 1453.83
        },
        "20072": {
            "year_quarter": 20072,
            "year": 2007,
            "quarter": 2,
            "eps": 0.09,
            "eps_growth_year": -87.32,
            "eps_4q": -0.46,
            "eps_4q_growth_year": -218.88,
            "roe": 1.54,
            "roe_4q": -7.470000000000002,
            "gross_profit": 46115,
            "gross_margin": 9.79,
            "gross_margin_4q_avg": 8.09,
            "net_income": 5613,
            "net_income_4q": null,
            "revenue": 471227,
            "revenue_4q": null,
            "common_shares": 629160,
            "book_valuer_per_share": 5.82,
            "book_valuer_per_share_4q_avg": 6.23,
            "equity": 365939,
            "current_ratio": 111.16,
            "debt_ratio": 74.15,
            "inventory_turnover_ratio": 2.34,
            "account_receivable_turnover_ratio": null,
            "reinvestment_rate": null,
            "research_to_sale_ratio": null,
            "price_fair": 118.3,
            "eps_avg_yearly": 3.38,
            "eps_latest_yearly": 3.92,
            "eps_growth_yearly": 1453.83
        },
        "20073": {
            "year_quarter": 20073,
            "year": 2007,
            "quarter": 3,
            "eps": -0.57,
            "eps_growth_year": -158.16,
            "eps_4q": -2,
            "eps_4q_growth_year": -238.01,
            "roe": -10.38,
            "roe_4q": -32.3,
            "gross_profit": 62996,
            "gross_margin": 7.59,
            "gross_margin_4q_avg": 5.99,
            "net_income": -36096,
            "net_income_4q": null,
            "revenue": 829867,
            "revenue_4q": null,
            "common_shares": 629160,
            "book_valuer_per_share": 5.24,
            "book_valuer_per_share_4q_avg": 5.73,
            "equity": 329843,
            "current_ratio": 105.47,
            "debt_ratio": 80.96,
            "inventory_turnover_ratio": 3.55,
            "account_receivable_turnover_ratio": null,
            "reinvestment_rate": null,
            "research_to_sale_ratio": null,
            "price_fair": 118.3,
            "eps_avg_yearly": 3.38,
            "eps_latest_yearly": 3.92,
            "eps_growth_yearly": 1453.83
        },
        "20074": {
            "year_quarter": 20074,
            "year": 2007,
            "quarter": 4,
            "eps": -0.24,
            "eps_growth_year": null,
            "eps_4q": -1.11,
            "eps_4q_growth_year": -273.44,
            "roe": -4.71,
            "roe_4q": -20.05,
            "gross_profit": 47722,
            "gross_margin": 6.89,
            "gross_margin_4q_avg": 8.06,
            "net_income": -15166,
            "net_income_4q": null,
            "revenue": 692975,
            "revenue_4q": null,
            "common_shares": 629160,
            "book_valuer_per_share": 5,
            "book_valuer_per_share_4q_avg": 5.45,
            "equity": 314677,
            "current_ratio": 77.72,
            "debt_ratio": 81.79,
            "inventory_turnover_ratio": 2.92,
            "account_receivable_turnover_ratio": null,
            "reinvestment_rate": null,
            "research_to_sale_ratio": null,
            "price_fair": 118.3,
            "eps_avg_yearly": 3.38,
            "eps_latest_yearly": 3.92,
            "eps_growth_yearly": 1453.83
        },
        "20081": {
            "year_quarter": 20081,
            "year": 2008,
            "quarter": 1,
            "eps": 0.14,
            "eps_growth_year": null,
            "eps_4q": -0.57,
            "eps_4q_growth_year": -440.13,
            "roe": 2.84,
            "roe_4q": -10.71,
            "gross_profit": 85907,
            "gross_margin": 13.52,
            "gross_margin_4q_avg": 9.45,
            "net_income": 9011,
            "net_income_4q": null,
            "revenue": 635596,
            "revenue_4q": null,
            "common_shares": 629160,
            "book_valuer_per_share": 5.08,
            "book_valuer_per_share_4q_avg": 5.29,
            "equity": 319606,
            "current_ratio": 75.99,
            "debt_ratio": 79.2,
            "inventory_turnover_ratio": 2.66,
            "account_receivable_turnover_ratio": null,
            "reinvestment_rate": null,
            "research_to_sale_ratio": null,
            "price_fair": 118.3,
            "eps_avg_yearly": 3.38,
            "eps_latest_yearly": 3.92,
            "eps_growth_yearly": 1453.83
        },
        "20082": {
            "year_quarter": 20082,
            "year": 2008,
            "quarter": 2,
            "eps": -0.02,
            "eps_growth_year": -122.22,
            "eps_4q": -0.69,
            "eps_4q_growth_year": null,
            "roe": -0.45,
            "roe_4q": -12.700000000000001,
            "gross_profit": 52330,
            "gross_margin": 11.13,
            "gross_margin_4q_avg": 9.78,
            "net_income": -1437,
            "net_income_4q": null,
            "revenue": 470160,
            "revenue_4q": null,
            "common_shares": 629160,
            "book_valuer_per_share": 5.06,
            "book_valuer_per_share_4q_avg": 5.1,
            "equity": 318169,
            "current_ratio": 87.89,
            "debt_ratio": 77.93,
            "inventory_turnover_ratio": 1.99,
            "account_receivable_turnover_ratio": null,
            "reinvestment_rate": null,
            "research_to_sale_ratio": null,
            "price_fair": 118.3,
            "eps_avg_yearly": 3.38,
            "eps_latest_yearly": 3.92,
            "eps_growth_yearly": 1453.83
        },
        "20083": {
            "year_quarter": 20083,
            "year": 2008,
            "quarter": 3,
            "eps": 0.45,
            "eps_growth_year": null,
            "eps_4q": 0.33,
            "eps_4q_growth_year": null,
            "roe": 8.4,
            "roe_4q": 6.079999999999999,
            "gross_profit": 56723,
            "gross_margin": 10.97,
            "gross_margin_4q_avg": 10.63,
            "net_income": 28019,
            "net_income_4q": null,
            "revenue": 517025,
            "revenue_4q": null,
            "common_shares": 629160,
            "book_valuer_per_share": 5.55,
            "book_valuer_per_share_4q_avg": 5.17,
            "equity": 349139,
            "current_ratio": 90.15,
            "debt_ratio": 77.99,
            "inventory_turnover_ratio": 2.08,
            "account_receivable_turnover_ratio": null,
            "reinvestment_rate": null,
            "research_to_sale_ratio": null,
            "price_fair": 118.3,
            "eps_avg_yearly": 3.38,
            "eps_latest_yearly": 3.92,
            "eps_growth_yearly": 1453.83
        },
        "20084": {
            "year_quarter": 20084,
            "year": 2008,
            "quarter": 4,
            "eps": -0.49,
            "eps_growth_year": null,
            "eps_4q": 0.08,
            "eps_4q_growth_year": null,
            "roe": -9.2,
            "roe_4q": 1.590000000000001,
            "gross_profit": -6324,
            "gross_margin": -1.78,
            "gross_margin_4q_avg": 8.46,
            "net_income": -30766,
            "net_income_4q": null,
            "revenue": 355156,
            "revenue_4q": null,
            "common_shares": 629160,
            "book_valuer_per_share": 5.08,
            "book_valuer_per_share_4q_avg": 5.19,
            "equity": 319421,
            "current_ratio": 117.03,
            "debt_ratio": 77.66,
            "inventory_turnover_ratio": 1.76,
            "account_receivable_turnover_ratio": 1.3,
            "reinvestment_rate": null,
            "research_to_sale_ratio": null,
            "price_fair": 118.3,
            "eps_avg_yearly": 3.38,
            "eps_latest_yearly": 3.92,
            "eps_growth_yearly": 1453.83
        },
        "20091": {
            "year_quarter": 20091,
            "year": 2009,
            "quarter": 1,
            "eps": 0.24,
            "eps_growth_year": 71.43,
            "eps_4q": 0.17,
            "eps_4q_growth_year": null,
            "roe": 4.64,
            "roe_4q": 3.3900000000000006,
            "gross_profit": 324,
            "gross_margin": 0.1,
            "gross_margin_4q_avg": 5.11,
            "net_income": 15216,
            "net_income_4q": null,
            "revenue": 320409,
            "revenue_4q": null,
            "common_shares": 629160,
            "book_valuer_per_share": 5.35,
            "book_valuer_per_share_4q_avg": 5.26,
            "equity": 336484,
            "current_ratio": 78.9,
            "debt_ratio": 73.52,
            "inventory_turnover_ratio": 2.1,
            "account_receivable_turnover_ratio": 0.71,
            "reinvestment_rate": null,
            "research_to_sale_ratio": null,
            "price_fair": 118.3,
            "eps_avg_yearly": 3.38,
            "eps_latest_yearly": 3.92,
            "eps_growth_yearly": 1453.83
        },
        "20092": {
            "year_quarter": 20092,
            "year": 2009,
            "quarter": 2,
            "eps": -1.02,
            "eps_growth_year": null,
            "eps_4q": -0.32,
            "eps_4q_growth_year": null,
            "roe": -9.02,
            "roe_4q": -5.179999999999998,
            "gross_profit": 7362,
            "gross_margin": 2.33,
            "gross_margin_4q_avg": 2.91,
            "net_income": -32414,
            "net_income_4q": null,
            "revenue": 315882,
            "revenue_4q": null,
            "common_shares": 629160,
            "book_valuer_per_share": 6.08,
            "book_valuer_per_share_4q_avg": 5.52,
            "equity": 382244,
            "current_ratio": 87.04,
            "debt_ratio": 70.33,
            "inventory_turnover_ratio": 2.7,
            "account_receivable_turnover_ratio": 0.76,
            "reinvestment_rate": null,
            "research_to_sale_ratio": null,
            "price_fair": 118.3,
            "eps_avg_yearly": 3.38,
            "eps_latest_yearly": 3.92,
            "eps_growth_yearly": 1453.83
        },
        "20093": {
            "year_quarter": 20093,
            "year": 2009,
            "quarter": 3,
            "eps": -0.73,
            "eps_growth_year": -262.22,
            "eps_4q": -1.63,
            "eps_4q_growth_year": -598.14,
            "roe": -7.04,
            "roe_4q": -20.619999999999997,
            "gross_profit": 10321,
            "gross_margin": 3.28,
            "gross_margin_4q_avg": 0.98,
            "net_income": -25957,
            "net_income_4q": null,
            "revenue": 314865,
            "revenue_4q": null,
            "common_shares": 452324,
            "book_valuer_per_share": 7.85,
            "book_valuer_per_share_4q_avg": 6.09,
            "equity": 355213,
            "current_ratio": 88.99,
            "debt_ratio": 72.04,
            "inventory_turnover_ratio": 2.62,
            "account_receivable_turnover_ratio": 0.69,
            "reinvestment_rate": null,
            "research_to_sale_ratio": null,
            "price_fair": 118.3,
            "eps_avg_yearly": 3.38,
            "eps_latest_yearly": 3.92,
            "eps_growth_yearly": 1453.83
        },
        "20094": {
            "year_quarter": 20094,
            "year": 2009,
            "quarter": 4,
            "eps": -2.12,
            "eps_growth_year": null,
            "eps_4q": -2.73,
            "eps_4q_growth_year": -3506.63,
            "roe": -25.43,
            "roe_4q": -36.849999999999994,
            "gross_profit": -36799,
            "gross_margin": -12.55,
            "gross_margin_4q_avg": -1.71,
            "net_income": -80117,
            "net_income_4q": null,
            "revenue": 293324,
            "revenue_4q": null,
            "common_shares": 452324,
            "book_valuer_per_share": 6.08,
            "book_valuer_per_share_4q_avg": 6.34,
            "equity": 274805,
            "current_ratio": 74.8,
            "debt_ratio": 72.53,
            "inventory_turnover_ratio": 2.71,
            "account_receivable_turnover_ratio": 3.72,
            "reinvestment_rate": null,
            "research_to_sale_ratio": null,
            "price_fair": 118.3,
            "eps_avg_yearly": 3.38,
            "eps_latest_yearly": 3.92,
            "eps_growth_yearly": 1453.83
        },
        "20101": {
            "year_quarter": 20101,
            "year": 2010,
            "quarter": 1,
            "eps": -0.86,
            "eps_growth_year": -458.33,
            "eps_4q": -3.92,
            "eps_4q_growth_year": -2354.69,
            "roe": -15.26,
            "roe_4q": -56.75,
            "gross_profit": -13264,
            "gross_margin": -5.9,
            "gross_margin_4q_avg": -3.21,
            "net_income": -38972,
            "net_income_4q": null,
            "revenue": 224964,
            "revenue_4q": null,
            "common_shares": 452324,
            "book_valuer_per_share": 5.21,
            "book_valuer_per_share_4q_avg": 6.31,
            "equity": 235833,
            "current_ratio": 70.64,
            "debt_ratio": 75.64,
            "inventory_turnover_ratio": 2.1,
            "account_receivable_turnover_ratio": 1.75,
            "reinvestment_rate": null,
            "research_to_sale_ratio": 1.7,
            "price_fair": 118.3,
            "eps_avg_yearly": 3.38,
            "eps_latest_yearly": 3.92,
            "eps_growth_yearly": 1453.83
        },
        "20102": {
            "year_quarter": 20102,
            "year": 2010,
            "quarter": 2,
            "eps": -0.92,
            "eps_growth_year": null,
            "eps_4q": -4.13,
            "eps_4q_growth_year": null,
            "roe": -19.46,
            "roe_4q": -67.19,
            "gross_profit": -6121,
            "gross_margin": -2.29,
            "gross_margin_4q_avg": -4.37,
            "net_income": -41823,
            "net_income_4q": null,
            "revenue": 266759,
            "revenue_4q": null,
            "common_shares": 452324,
            "book_valuer_per_share": 4.29,
            "book_valuer_per_share_4q_avg": 5.86,
            "equity": 194010,
            "current_ratio": 68.12,
            "debt_ratio": 80.07,
            "inventory_turnover_ratio": 2.25,
            "account_receivable_turnover_ratio": 2.33,
            "reinvestment_rate": null,
            "research_to_sale_ratio": 1.27,
            "price_fair": 137.2,
            "eps_avg_yearly": 3.92,
            "eps_latest_yearly": 3.92,
            "eps_growth_yearly": 152.11
        },
        "20103": {
            "year_quarter": 20103,
            "year": 2010,
            "quarter": 3,
            "eps": -0.92,
            "eps_growth_year": null,
            "eps_4q": -7.63,
            "eps_4q_growth_year": null,
            "roe": -12.03,
            "roe_4q": -72.18,
            "gross_profit": 7349,
            "gross_margin": 2.05,
            "gross_margin_4q_avg": -4.67,
            "net_income": -22019,
            "net_income_4q": null,
            "revenue": 359036,
            "revenue_4q": null,
            "common_shares": 239732,
            "book_valuer_per_share": 7.17,
            "book_valuer_per_share_4q_avg": 5.69,
            "equity": 171991,
            "current_ratio": 66.88,
            "debt_ratio": 83.49,
            "inventory_turnover_ratio": 3.04,
            "account_receivable_turnover_ratio": 2.06,
            "reinvestment_rate": null,
            "research_to_sale_ratio": 1.11,
            "price_fair": 0,
            "eps_avg_yearly": 0,
            "eps_latest_yearly": 0,
            "eps_growth_yearly": 0
        },
        "20104": {
            "year_quarter": 20104,
            "year": 2010,
            "quarter": 4,
            "eps": -2.06,
            "eps_growth_year": null,
            "eps_4q": -5.28,
            "eps_4q_growth_year": null,
            "roe": -42.18,
            "roe_4q": -88.93,
            "gross_profit": -9999,
            "gross_margin": -3.78,
            "gross_margin_4q_avg": -2.48,
            "net_income": -65936,
            "net_income_4q": null,
            "revenue": 264308,
            "revenue_4q": null,
            "common_shares": 319732,
            "book_valuer_per_share": 4.4,
            "book_valuer_per_share_4q_avg": 5.27,
            "equity": 140655,
            "current_ratio": 56.68,
            "debt_ratio": 82.34,
            "inventory_turnover_ratio": 2.9,
            "account_receivable_turnover_ratio": 1.8,
            "reinvestment_rate": null,
            "research_to_sale_ratio": 1.77,
            "price_fair": 0,
            "eps_avg_yearly": 0,
            "eps_latest_yearly": 0,
            "eps_growth_yearly": 0
        },
        "20111": {
            "year_quarter": 20111,
            "year": 2011,
            "quarter": 1,
            "eps": -0.49,
            "eps_growth_year": null,
            "eps_4q": -4.55,
            "eps_4q_growth_year": null,
            "roe": -11.92,
            "roe_4q": -85.59,
            "gross_profit": 5291,
            "gross_margin": 1.76,
            "gross_margin_4q_avg": -0.57,
            "net_income": -15817,
            "net_income_4q": null,
            "revenue": 300715,
            "revenue_4q": null,
            "common_shares": 319732,
            "book_valuer_per_share": 3.9,
            "book_valuer_per_share_4q_avg": 4.94,
            "equity": 124837,
            "current_ratio": 60.65,
            "debt_ratio": 85.46,
            "inventory_turnover_ratio": 2.87,
            "account_receivable_turnover_ratio": 3.19,
            "reinvestment_rate": null,
            "research_to_sale_ratio": 0.38,
            "price_fair": 0,
            "eps_avg_yearly": 0,
            "eps_latest_yearly": 0,
            "eps_growth_yearly": 0
        },
        "20112": {
            "year_quarter": 20112,
            "year": 2011,
            "quarter": 2,
            "eps": -1.68,
            "eps_growth_year": null,
            "eps_4q": -4.93,
            "eps_4q_growth_year": null,
            "roe": -54.86,
            "roe_4q": -120.99000000000001,
            "gross_profit": -21234,
            "gross_margin": -7.2,
            "gross_margin_4q_avg": -1.79,
            "net_income": -53746,
            "net_income_4q": null,
            "revenue": 294898,
            "revenue_4q": null,
            "common_shares": 319732,
            "book_valuer_per_share": 2.22,
            "book_valuer_per_share_4q_avg": 4.42,
            "equity": 71092,
            "current_ratio": 56.38,
            "debt_ratio": 91.09,
            "inventory_turnover_ratio": 3.02,
            "account_receivable_turnover_ratio": 2.35,
            "reinvestment_rate": null,
            "research_to_sale_ratio": 0.31,
            "price_fair": 0,
            "eps_avg_yearly": 0,
            "eps_latest_yearly": 0,
            "eps_growth_yearly": 0
        },
        "20113": {
            "year_quarter": 20113,
            "year": 2011,
            "quarter": 3,
            "eps": -1.31,
            "eps_growth_year": null,
            "eps_4q": -7.2,
            "eps_4q_growth_year": null,
            "roe": -40.1,
            "roe_4q": -149.06,
            "gross_profit": -25762,
            "gross_margin": -12.58,
            "gross_margin_4q_avg": -5.45,
            "net_income": -30017,
            "net_income_4q": null,
            "revenue": 204709,
            "revenue_4q": null,
            "common_shares": 229942,
            "book_valuer_per_share": 3.42,
            "book_valuer_per_share_4q_avg": 3.49,
            "equity": 78620,
            "current_ratio": 53.42,
            "debt_ratio": 89.87,
            "inventory_turnover_ratio": 2.88,
            "account_receivable_turnover_ratio": 1.55,
            "reinvestment_rate": null,
            "research_to_sale_ratio": 0.33,
            "price_fair": 0,
            "eps_avg_yearly": 0,
            "eps_latest_yearly": 0,
            "eps_growth_yearly": 0
        },
        "20114": {
            "year_quarter": 20114,
            "year": 2011,
            "quarter": 4,
            "eps": -2.05,
            "eps_growth_year": null,
            "eps_4q": -6.39,
            "eps_4q_growth_year": null,
            "roe": -86.15,
            "roe_4q": -193.03,
            "gross_profit": -33537,
            "gross_margin": -40.6,
            "gross_margin_4q_avg": -14.66,
            "net_income": -47241,
            "net_income_4q": null,
            "revenue": 82611,
            "revenue_4q": null,
            "common_shares": 229942,
            "book_valuer_per_share": 1.35,
            "book_valuer_per_share_4q_avg": 2.72,
            "equity": 31048,
            "current_ratio": 69.96,
            "debt_ratio": 94.83,
            "inventory_turnover_ratio": 2.43,
            "account_receivable_turnover_ratio": 0.92,
            "reinvestment_rate": null,
            "research_to_sale_ratio": 0.37,
            "price_fair": 0,
            "eps_avg_yearly": 0,
            "eps_latest_yearly": 0,
            "eps_growth_yearly": 0
        },
        "20121": {
            "year_quarter": 20121,
            "year": 2012,
            "quarter": 1,
            "eps": -0.8,
            "eps_growth_year": null,
            "eps_4q": -6.5,
            "eps_4q_growth_year": null,
            "roe": -87.07,
            "roe_4q": -268.18,
            "gross_profit": -7828,
            "gross_margin": -19.87,
            "gross_margin_4q_avg": -20.06,
            "net_income": -18446,
            "net_income_4q": null,
            "revenue": 39387,
            "revenue_4q": null,
            "common_shares": 229942,
            "book_valuer_per_share": 0.49,
            "book_valuer_per_share_4q_avg": 1.87,
            "equity": 11321,
            "current_ratio": 55.84,
            "debt_ratio": 97.67,
            "inventory_turnover_ratio": 2.98,
            "account_receivable_turnover_ratio": 0.74,
            "reinvestment_rate": null,
            "research_to_sale_ratio": 0.39,
            "price_fair": 0,
            "eps_avg_yearly": 0,
            "eps_latest_yearly": 0,
            "eps_growth_yearly": 0
        },
        "20122": {
            "year_quarter": 20122,
            "year": 2012,
            "quarter": 2,
            "eps": 1.75,
            "eps_growth_year": null,
            "eps_4q": -2.41,
            "eps_4q_growth_year": null,
            "roe": 125.92,
            "roe_4q": -87.4,
            "gross_profit": -441,
            "gross_margin": -13.03,
            "gross_margin_4q_avg": -21.52,
            "net_income": 40235,
            "net_income_4q": null,
            "revenue": 3384,
            "revenue_4q": null,
            "common_shares": 229942,
            "book_valuer_per_share": 2.29,
            "book_valuer_per_share_4q_avg": 1.89,
            "equity": 52587,
            "current_ratio": 61.32,
            "debt_ratio": 64.59,
            "inventory_turnover_ratio": 7.16,
            "account_receivable_turnover_ratio": 0.09,
            "reinvestment_rate": null,
            "research_to_sale_ratio": -0.03,
            "price_fair": 0,
            "eps_avg_yearly": 0,
            "eps_latest_yearly": 0,
            "eps_growth_yearly": 0
        },
        "20123": {
            "year_quarter": 20123,
            "year": 2012,
            "quarter": 3,
            "eps": -0.58,
            "eps_growth_year": null,
            "eps_4q": -1.06,
            "eps_4q_growth_year": null,
            "roe": -34.74,
            "roe_4q": -82.03999999999999,
            "gross_profit": -274,
            "gross_margin": -6.08,
            "gross_margin_4q_avg": -19.9,
            "net_income": -30587,
            "net_income_4q": null,
            "revenue": 4509,
            "revenue_4q": null,
            "common_shares": 529942,
            "book_valuer_per_share": 2.33,
            "book_valuer_per_share_4q_avg": 1.62,
            "equity": 123502,
            "current_ratio": 127.02,
            "debt_ratio": 49.72,
            "inventory_turnover_ratio": 0.19,
            "account_receivable_turnover_ratio": 0.29,
            "reinvestment_rate": null,
            "research_to_sale_ratio": 0,
            "price_fair": 0,
            "eps_avg_yearly": 0,
            "eps_latest_yearly": 0,
            "eps_growth_yearly": 0
        },
        "20124": {
            "year_quarter": 20124,
            "year": 2012,
            "quarter": 4,
            "eps": 0.39,
            "eps_growth_year": null,
            "eps_4q": 0.23,
            "eps_4q_growth_year": null,
            "roe": 15.59,
            "roe_4q": 19.700000000000003,
            "gross_profit": 33672,
            "gross_margin": 7.79,
            "gross_margin_4q_avg": -7.8,
            "net_income": 20847,
            "net_income_4q": null,
            "revenue": 432505,
            "revenue_4q": null,
            "common_shares": 529942,
            "book_valuer_per_share": 2.72,
            "book_valuer_per_share_4q_avg": 1.96,
            "equity": 143990,
            "current_ratio": 111.05,
            "debt_ratio": 76.92,
            "inventory_turnover_ratio": 3.88,
            "account_receivable_turnover_ratio": 2.43,
            "reinvestment_rate": null,
            "research_to_sale_ratio": 0,
            "price_fair": 0,
            "eps_avg_yearly": 0,
            "eps_latest_yearly": 0,
            "eps_growth_yearly": 0
        },
        "20131": {
            "year_quarter": 20131,
            "year": 2013,
            "quarter": 1,
            "eps": -0.13,
            "eps_growth_year": null,
            "eps_4q": 0.44,
            "eps_4q_growth_year": null,
            "roe": -5.42,
            "roe_4q": 101.35,
            "gross_profit": 8866,
            "gross_margin": 5.64,
            "gross_margin_4q_avg": -1.42,
            "net_income": -6941,
            "net_income_4q": null,
            "revenue": 157118,
            "revenue_4q": null,
            "common_shares": 529942,
            "book_valuer_per_share": 2.11,
            "book_valuer_per_share_4q_avg": 2.36,
            "equity": 111990,
            "current_ratio": 112.99,
            "debt_ratio": 78.62,
            "inventory_turnover_ratio": 0.9,
            "account_receivable_turnover_ratio": 0.51,
            "reinvestment_rate": null,
            "research_to_sale_ratio": 0,
            "price_fair": 0,
            "eps_avg_yearly": 0,
            "eps_latest_yearly": 0,
            "eps_growth_yearly": 0
        },
        "20132": {
            "year_quarter": 20132,
            "year": 2013,
            "quarter": 2,
            "eps": 0.39,
            "eps_growth_year": -77.71,
            "eps_4q": 0.08,
            "eps_4q_growth_year": null,
            "roe": 17.06,
            "roe_4q": -7.510000000000005,
            "gross_profit": 15728,
            "gross_margin": 8.5,
            "gross_margin_4q_avg": 3.96,
            "net_income": 20891,
            "net_income_4q": null,
            "revenue": 184951,
            "revenue_4q": null,
            "common_shares": 529942,
            "book_valuer_per_share": 2.51,
            "book_valuer_per_share_4q_avg": 2.42,
            "equity": 132881,
            "current_ratio": 134.15,
            "debt_ratio": 68.71,
            "inventory_turnover_ratio": 0.81,
            "account_receivable_turnover_ratio": 0.95,
            "reinvestment_rate": null,
            "research_to_sale_ratio": 0,
            "price_fair": 0,
            "eps_avg_yearly": 0,
            "eps_latest_yearly": 0,
            "eps_growth_yearly": 0
        },
        "20133": {
            "year_quarter": 20133,
            "year": 2013,
            "quarter": 3,
            "eps": 0.22,
            "eps_growth_year": null,
            "eps_4q": 0.67,
            "eps_4q_growth_year": null,
            "roe": 5.97,
            "roe_4q": 33.2,
            "gross_profit": 71285,
            "gross_margin": 38.19,
            "gross_margin_4q_avg": 15.03,
            "net_income": 14334,
            "net_income_4q": null,
            "revenue": 186636,
            "revenue_4q": null,
            "common_shares": 729942,
            "book_valuer_per_share": 4.76,
            "book_valuer_per_share_4q_avg": 3.03,
            "equity": 347215,
            "current_ratio": 200.73,
            "debt_ratio": 45.74,
            "inventory_turnover_ratio": 0.41,
            "account_receivable_turnover_ratio": 1.63,
            "reinvestment_rate": null,
            "research_to_sale_ratio": 0,
            "price_fair": 2.64,
            "eps_avg_yearly": 0.88,
            "eps_latest_yearly": 0.88,
            "eps_growth_yearly": -174.36
        },
        "20134": {
            "year_quarter": 20134,
            "year": 2013,
            "quarter": 4,
            "eps": 0.31,
            "eps_growth_year": -21.94,
            "eps_4q": 0.69,
            "eps_4q_growth_year": 205.48,
            "roe": 6.25,
            "roe_4q": 23.86,
            "gross_profit": 182539,
            "gross_margin": 58.43,
            "gross_margin_4q_avg": 27.69,
            "net_income": 22415,
            "net_income_4q": null,
            "revenue": 312429,
            "revenue_4q": null,
            "common_shares": 729942,
            "book_valuer_per_share": 5.06,
            "book_valuer_per_share_4q_avg": 3.61,
            "equity": 369630,
            "current_ratio": 264.98,
            "debt_ratio": 34.66,
            "inventory_turnover_ratio": 0.4,
            "account_receivable_turnover_ratio": 3.42,
            "reinvestment_rate": null,
            "research_to_sale_ratio": 0,
            "price_fair": 3.18,
            "eps_avg_yearly": 1.06,
            "eps_latest_yearly": 1.24,
            "eps_growth_yearly": -5.36
        },
        "20141": {
            "year_quarter": 20141,
            "year": 2014,
            "quarter": 1,
            "eps": 1.11,
            "eps_growth_year": null,
            "eps_4q": 1.57,
            "eps_4q_growth_year": 253.4,
            "roe": 10.79,
            "roe_4q": 40.06999999999999,
            "gross_profit": 296264,
            "gross_margin": 74.17,
            "gross_margin_4q_avg": 44.82,
            "net_income": 77276,
            "net_income_4q": null,
            "revenue": 399429,
            "revenue_4q": null,
            "common_shares": 840000,
            "book_valuer_per_share": 12.61,
            "book_valuer_per_share_4q_avg": 6.24,
            "equity": 1062411,
            "current_ratio": 358.73,
            "debt_ratio": 27.18,
            "inventory_turnover_ratio": 0.27,
            "account_receivable_turnover_ratio": 7.1,
            "reinvestment_rate": null,
            "research_to_sale_ratio": null,
            "price_fair": 76.53,
            "eps_avg_yearly": 2.19,
            "eps_latest_yearly": 4.44,
            "eps_growth_yearly": 340.51
        },
        "20142": {
            "year_quarter": 20142,
            "year": 2014,
            "quarter": 2,
            "eps": 0.49,
            "eps_growth_year": 25.64,
            "eps_4q": 1.81,
            "eps_4q_growth_year": 2184.16,
            "roe": 3.63,
            "roe_4q": 26.639999999999997,
            "gross_profit": 360703,
            "gross_margin": 68.75,
            "gross_margin_4q_avg": 59.89,
            "net_income": 39255,
            "net_income_4q": null,
            "revenue": 524632,
            "revenue_4q": null,
            "common_shares": 840000,
            "book_valuer_per_share": 13.1,
            "book_valuer_per_share_4q_avg": 8.88,
            "equity": 1101666,
            "current_ratio": 406.19,
            "debt_ratio": 22.64,
            "inventory_turnover_ratio": 0.35,
            "account_receivable_turnover_ratio": 14.18,
            "reinvestment_rate": null,
            "research_to_sale_ratio": null,
            "price_fair": 74.55,
            "eps_avg_yearly": 2.13,
            "eps_latest_yearly": 1.96,
            "eps_growth_yearly": 199.53
        },
        "20143": {
            "year_quarter": 20143,
            "year": 2014,
            "quarter": 3,
            "eps": 0.1,
            "eps_growth_year": -54.55,
            "eps_4q": 1.74,
            "eps_4q_growth_year": 159.22,
            "roe": 1.1,
            "roe_4q": 21.77,
            "gross_profit": 278038,
            "gross_margin": 71.62,
            "gross_margin_4q_avg": 68.24,
            "net_income": 12152,
            "net_income_4q": null,
            "revenue": 388231,
            "revenue_4q": null,
            "common_shares": 840000,
            "book_valuer_per_share": 13.2,
            "book_valuer_per_share_4q_avg": 10.99,
            "equity": 1113843,
            "current_ratio": 388.47,
            "debt_ratio": 31.46,
            "inventory_turnover_ratio": 0.21,
            "account_receivable_turnover_ratio": 9.53,
            "reinvestment_rate": null,
            "research_to_sale_ratio": null,
            "price_fair": 62.44,
            "eps_avg_yearly": 1.78,
            "eps_latest_yearly": 0.4,
            "eps_growth_yearly": 95.95
        },
        "20144": {
            "year_quarter": 20144,
            "year": 2014,
            "quarter": 4,
            "eps": 0.17,
            "eps_growth_year": -45.19,
            "eps_4q": 1.65,
            "eps_4q_growth_year": 137.02,
            "roe": 0.88,
            "roe_4q": 16.4,
            "gross_profit": 397910,
            "gross_margin": 68.65,
            "gross_margin_4q_avg": 70.8,
            "net_income": 9791,
            "net_income_4q": null,
            "revenue": 579606,
            "revenue_4q": null,
            "common_shares": 840000,
            "book_valuer_per_share": 13.37,
            "book_valuer_per_share_4q_avg": 13.07,
            "equity": 1123651,
            "current_ratio": 358.7,
            "debt_ratio": 32.19,
            "inventory_turnover_ratio": 0.32,
            "account_receivable_turnover_ratio": 9.6,
            "reinvestment_rate": 135.34,
            "research_to_sale_ratio": null,
            "price_fair": 56,
            "eps_avg_yearly": 1.6,
            "eps_latest_yearly": 0.68,
            "eps_growth_yearly": 126.62
        },
        "20151": {
            "year_quarter": 20151,
            "year": 2015,
            "quarter": 1,
            "eps": 0.57,
            "eps_growth_year": -48.65,
            "eps_4q": 1.33,
            "eps_4q_growth_year": -15.42,
            "roe": 4.91,
            "roe_4q": 10.52,
            "gross_profit": 252700,
            "gross_margin": 37.5,
            "gross_margin_4q_avg": 61.63,
            "net_income": 56531,
            "net_income_4q": null,
            "revenue": 673918,
            "revenue_4q": null,
            "common_shares": 840000,
            "book_valuer_per_share": 13.92,
            "book_valuer_per_share_4q_avg": 13.4,
            "equity": 1179179,
            "current_ratio": 294.8,
            "debt_ratio": 35.75,
            "inventory_turnover_ratio": 0.67,
            "account_receivable_turnover_ratio": 5,
            "reinvestment_rate": 65.07,
            "research_to_sale_ratio": null,
            "price_fair": 59.4,
            "eps_avg_yearly": 1.7,
            "eps_latest_yearly": 2.28,
            "eps_growth_yearly": 242.99
        },
        "20152": {
            "year_quarter": 20152,
            "year": 2015,
            "quarter": 2,
            "eps": 0.35,
            "eps_growth_year": -28.57,
            "eps_4q": 1.05,
            "eps_4q_growth_year": -42.02,
            "roe": 2.39,
            "roe_4q": 9.280000000000001,
            "gross_profit": 341786,
            "gross_margin": 63.28,
            "gross_margin_4q_avg": 60.26,
            "net_income": 28383,
            "net_income_4q": null,
            "revenue": 540096,
            "revenue_4q": null,
            "common_shares": 840000,
            "book_valuer_per_share": 14.11,
            "book_valuer_per_share_4q_avg": 13.65,
            "equity": 1194471,
            "current_ratio": 247.26,
            "debt_ratio": 39.63,
            "inventory_turnover_ratio": 0.26,
            "account_receivable_turnover_ratio": 3.28,
            "reinvestment_rate": 92.04,
            "research_to_sale_ratio": null,
            "price_fair": 58.1,
            "eps_avg_yearly": 1.66,
            "eps_latest_yearly": 1.4,
            "eps_growth_yearly": 193.32
        },
        "20153": {
            "year_quarter": 20153,
            "year": 2015,
            "quarter": 3,
            "eps": -0.23,
            "eps_growth_year": -330,
            "eps_4q": 0.64,
            "eps_4q_growth_year": -63.44,
            "roe": -1.65,
            "roe_4q": 6.53,
            "gross_profit": 273332,
            "gross_margin": 56.58,
            "gross_margin_4q_avg": 56.5,
            "net_income": -23693,
            "net_income_4q": null,
            "revenue": 483071,
            "revenue_4q": null,
            "common_shares": 1072500,
            "book_valuer_per_share": 15.61,
            "book_valuer_per_share_4q_avg": 14.25,
            "equity": 1683979,
            "current_ratio": 345.92,
            "debt_ratio": 20.67,
            "inventory_turnover_ratio": 0.25,
            "account_receivable_turnover_ratio": 3.66,
            "reinvestment_rate": 91.18,
            "research_to_sale_ratio": null,
            "price_fair": 58.1,
            "eps_avg_yearly": 1.66,
            "eps_latest_yearly": 1.4,
            "eps_growth_yearly": 193.32
        },
        "20154": {
            "year_quarter": 20154,
            "year": 2015,
            "quarter": 4,
            "eps": 0.03,
            "eps_growth_year": -81.84,
            "eps_4q": 0.54,
            "eps_4q_growth_year": -67.41,
            "roe": -0.11,
            "roe_4q": 5.54,
            "gross_profit": 427594,
            "gross_margin": 65.66,
            "gross_margin_4q_avg": 55.76,
            "net_income": -1835,
            "net_income_4q": null,
            "revenue": 651184,
            "revenue_4q": null,
            "common_shares": 1072500,
            "book_valuer_per_share": 15.62,
            "book_valuer_per_share_4q_avg": 14.82,
            "equity": 1680725,
            "current_ratio": 301.8,
            "debt_ratio": 24.13,
            "inventory_turnover_ratio": 0.27,
            "account_receivable_turnover_ratio": 5.34,
            "reinvestment_rate": 142.92,
            "research_to_sale_ratio": null,
            "price_fair": 58.1,
            "eps_avg_yearly": 1.66,
            "eps_latest_yearly": 1.4,
            "eps_growth_yearly": 193.32
        },
        "20161": {
            "year_quarter": 20161,
            "year": 2016,
            "quarter": 1,
            "eps": 0.01,
            "eps_growth_year": -98.25,
            "eps_4q": 0.1,
            "eps_4q_growth_year": -92.48,
            "roe": 0.06,
            "roe_4q": 0.6900000000000002,
            "gross_profit": 464357,
            "gross_margin": 69.72,
            "gross_margin_4q_avg": 63.81,
            "net_income": 1045,
            "net_income_4q": null,
            "revenue": 666033,
            "revenue_4q": null,
            "common_shares": 1072500,
            "book_valuer_per_share": 15.63,
            "book_valuer_per_share_4q_avg": 15.24,
            "equity": 1681591,
            "current_ratio": 312.44,
            "debt_ratio": 23.67,
            "inventory_turnover_ratio": 0.25,
            "account_receivable_turnover_ratio": 5.53,
            "reinvestment_rate": 140.16,
            "research_to_sale_ratio": null,
            "price_fair": 51.8,
            "eps_avg_yearly": 1.48,
            "eps_latest_yearly": 0.04,
            "eps_growth_yearly": 142.21
        },
        "20162": {
            "year_quarter": 20162,
            "year": 2016,
            "quarter": 2,
            "eps": -0.28,
            "eps_growth_year": -180,
            "eps_4q": -0.41,
            "eps_4q_growth_year": -139.13,
            "roe": -1.85,
            "roe_4q": -3.55,
            "gross_profit": 329569,
            "gross_margin": 63.5,
            "gross_margin_4q_avg": 63.87,
            "net_income": -30698,
            "net_income_4q": null,
            "revenue": 518978,
            "revenue_4q": null,
            "common_shares": 1072500,
            "book_valuer_per_share": 15.19,
            "book_valuer_per_share_4q_avg": 15.51,
            "equity": 1632146,
            "current_ratio": 304.83,
            "debt_ratio": 23.61,
            "inventory_turnover_ratio": 0.24,
            "account_receivable_turnover_ratio": 4.48,
            "reinvestment_rate": 269.11,
            "research_to_sale_ratio": null,
            "price_fair": 51.8,
            "eps_avg_yearly": 1.48,
            "eps_latest_yearly": 0.04,
            "eps_growth_yearly": 142.21
        },
        "20163": {
            "year_quarter": 20163,
            "year": 2016,
            "quarter": 3,
            "eps": -0.47,
            "eps_growth_year": null,
            "eps_4q": -0.69,
            "eps_4q_growth_year": -208.32,
            "roe": -4.32,
            "roe_4q": -6.220000000000001,
            "gross_profit": 132751,
            "gross_margin": 76.05,
            "gross_margin_4q_avg": 68.73,
            "net_income": -68626,
            "net_income_4q": null,
            "revenue": 174564,
            "revenue_4q": null,
            "common_shares": 1179750,
            "book_valuer_per_share": 13.24,
            "book_valuer_per_share_4q_avg": 14.92,
            "equity": 1542152,
            "current_ratio": 285,
            "debt_ratio": 23.66,
            "inventory_turnover_ratio": 0.05,
            "account_receivable_turnover_ratio": 1.93,
            "reinvestment_rate": 324.33,
            "research_to_sale_ratio": null,
            "price_fair": 51.8,
            "eps_avg_yearly": 1.48,
            "eps_latest_yearly": 0.04,
            "eps_growth_yearly": 142.21
        },
        "20164": {
            "year_quarter": 20164,
            "year": 2016,
            "quarter": 4,
            "eps": -0.74,
            "eps_growth_year": -2517.78,
            "eps_4q": -1.47,
            "eps_4q_growth_year": -373.78,
            "roe": -6.24,
            "roe_4q": -12.35,
            "gross_profit": 86123,
            "gross_margin": 67.3,
            "gross_margin_4q_avg": 69.14,
            "net_income": -91785,
            "net_income_4q": null,
            "revenue": 127962,
            "revenue_4q": null,
            "common_shares": 1179750,
            "book_valuer_per_share": 12.27,
            "book_valuer_per_share_4q_avg": 14.08,
            "equity": 1400513,
            "current_ratio": 252.4,
            "debt_ratio": 24.64,
            "inventory_turnover_ratio": 0.05,
            "account_receivable_turnover_ratio": 2.09,
            "reinvestment_rate": 748.85,
            "research_to_sale_ratio": null,
            "price_fair": 51.8,
            "eps_avg_yearly": 1.48,
            "eps_latest_yearly": 0.04,
            "eps_growth_yearly": 142.21
        },
        "20171": {
            "year_quarter": 20171,
            "year": 2017,
            "quarter": 1,
            "eps": -0.35,
            "eps_growth_year": -3600,
            "eps_4q": -1.83,
            "eps_4q_growth_year": -1928.35,
            "roe": -2.83,
            "roe_4q": -15.24,
            "gross_profit": 49336,
            "gross_margin": 39.29,
            "gross_margin_4q_avg": 61.54,
            "net_income": -38994,
            "net_income_4q": null,
            "revenue": 125566,
            "revenue_4q": null,
            "common_shares": 1179750,
            "book_valuer_per_share": 11.9,
            "book_valuer_per_share_4q_avg": 13.15,
            "equity": 1360014,
            "current_ratio": 242.57,
            "debt_ratio": 25.33,
            "inventory_turnover_ratio": 0.1,
            "account_receivable_turnover_ratio": 2.18,
            "reinvestment_rate": 1396.92,
            "research_to_sale_ratio": null,
            "price_fair": 51.8,
            "eps_avg_yearly": 1.48,
            "eps_latest_yearly": 0.04,
            "eps_growth_yearly": 142.21
        },
        "20172": {
            "year_quarter": 20172,
            "year": 2017,
            "quarter": 2,
            "eps": -0.31,
            "eps_growth_year": null,
            "eps_4q": -1.88,
            "eps_4q_growth_year": null,
            "roe": -2.57,
            "roe_4q": -15.96,
            "gross_profit": 65289,
            "gross_margin": 38.74,
            "gross_margin_4q_avg": 55.35,
            "net_income": -34483,
            "net_income_4q": null,
            "revenue": 168530,
            "revenue_4q": null,
            "common_shares": 1179750,
            "book_valuer_per_share": 11.59,
            "book_valuer_per_share_4q_avg": 12.25,
            "equity": 1324415,
            "current_ratio": 228.78,
            "debt_ratio": 25.88,
            "inventory_turnover_ratio": 0.14,
            "account_receivable_turnover_ratio": 3.1,
            "reinvestment_rate": null,
            "research_to_sale_ratio": null,
            "price_fair": 51.8,
            "eps_avg_yearly": 1.48,
            "eps_latest_yearly": 0.04,
            "eps_growth_yearly": 142.21
        },
        "20173": {
            "year_quarter": 20173,
            "year": 2017,
            "quarter": 3,
            "eps": -0.43,
            "eps_growth_year": null,
            "eps_4q": -1.57,
            "eps_4q_growth_year": null,
            "roe": -3.56,
            "roe_4q": -15.200000000000001,
            "gross_profit": 43620,
            "gross_margin": 35.57,
            "gross_margin_4q_avg": 45.23,
            "net_income": -52030,
            "net_income_4q": null,
            "revenue": 122619,
            "revenue_4q": null,
            "common_shares": 1379750,
            "book_valuer_per_share": 11.85,
            "book_valuer_per_share_4q_avg": 11.9,
            "equity": 1602732,
            "current_ratio": 308.84,
            "debt_ratio": 20.04,
            "inventory_turnover_ratio": 0.11,
            "account_receivable_turnover_ratio": 2.76,
            "reinvestment_rate": null,
            "research_to_sale_ratio": null,
            "price_fair": 54.43,
            "eps_avg_yearly": 1.56,
            "eps_latest_yearly": 0.04,
            "eps_growth_yearly": 181.78
        },
        "20174": {
            "year_quarter": 20174,
            "year": 2017,
            "quarter": 4,
            "eps": -1.25,
            "eps_growth_year": null,
            "eps_4q": -2.2,
            "eps_4q_growth_year": null,
            "roe": -11.22,
            "roe_4q": -20.18,
            "gross_profit": 86495,
            "gross_margin": 41.79,
            "gross_margin_4q_avg": 38.85,
            "net_income": -170199,
            "net_income_4q": null,
            "revenue": 206986,
            "revenue_4q": null,
            "common_shares": 1379750,
            "book_valuer_per_share": 10.6,
            "book_valuer_per_share_4q_avg": 11.49,
            "equity": 1430899,
            "current_ratio": 242.71,
            "debt_ratio": 24.45,
            "inventory_turnover_ratio": 0.18,
            "account_receivable_turnover_ratio": 3.16,
            "reinvestment_rate": null,
            "research_to_sale_ratio": null,
            "price_fair": 56,
            "eps_avg_yearly": 1.6,
            "eps_latest_yearly": 0.04,
            "eps_growth_yearly": 184.37
        },
        "20181": {
            "year_quarter": 20181,
            "year": 2018,
            "quarter": 1,
            "eps": -0.23,
            "eps_growth_year": null,
            "eps_4q": -2.13,
            "eps_4q_growth_year": null,
            "roe": -2.27,
            "roe_4q": -19.62,
            "gross_profit": 97831,
            "gross_margin": 38.59,
            "gross_margin_4q_avg": 38.67,
            "net_income": -32193,
            "net_income_4q": null,
            "revenue": 253484,
            "revenue_4q": null,
            "common_shares": 1379750,
            "book_valuer_per_share": 10.37,
            "book_valuer_per_share_4q_avg": 11.1,
            "equity": 1400520,
            "current_ratio": 237.53,
            "debt_ratio": 24.33,
            "inventory_turnover_ratio": 0.23,
            "account_receivable_turnover_ratio": 3.05,
            "reinvestment_rate": null,
            "research_to_sale_ratio": null,
            "price_fair": 39.43,
            "eps_avg_yearly": 1.13,
            "eps_latest_yearly": 0.04,
            "eps_growth_yearly": 43.06
        },
        "20182": {
            "year_quarter": 20182,
            "year": 2018,
            "quarter": 2,
            "eps": -0.03,
            "eps_growth_year": null,
            "eps_4q": -1.9,
            "eps_4q_growth_year": null,
            "roe": -0.2,
            "roe_4q": -17.25,
            "gross_profit": 186340,
            "gross_margin": 48.11,
            "gross_margin_4q_avg": 41.02,
            "net_income": -2757,
            "net_income_4q": null,
            "revenue": 387314,
            "revenue_4q": null,
            "common_shares": 1379750,
            "book_valuer_per_share": 10.33,
            "book_valuer_per_share_4q_avg": 10.79,
            "equity": 1395812,
            "current_ratio": 222.84,
            "debt_ratio": 25.63,
            "inventory_turnover_ratio": 0.3,
            "account_receivable_turnover_ratio": 3.76,
            "reinvestment_rate": null,
            "research_to_sale_ratio": null,
            "price_fair": 33.6,
            "eps_avg_yearly": 0.96,
            "eps_latest_yearly": 0.04,
            "eps_growth_yearly": 96.35
        },
        "20183": {
            "year_quarter": 20183,
            "year": 2018,
            "quarter": 3,
            "eps": 0.01,
            "eps_growth_year": null,
            "eps_4q": -1.51,
            "eps_4q_growth_year": null,
            "roe": 0.14,
            "roe_4q": -13.55,
            "gross_profit": 177490,
            "gross_margin": 55.72,
            "gross_margin_4q_avg": 46.05,
            "net_income": 1936,
            "net_income_4q": null,
            "revenue": 318528,
            "revenue_4q": null,
            "common_shares": 1379750,
            "book_valuer_per_share": 10.32,
            "book_valuer_per_share_4q_avg": 10.41,
            "equity": 1395059,
            "current_ratio": 207.01,
            "debt_ratio": 28.49,
            "inventory_turnover_ratio": 0.22,
            "account_receivable_turnover_ratio": 1.98,
            "reinvestment_rate": null,
            "research_to_sale_ratio": null,
            "price_fair": 38.5,
            "eps_avg_yearly": 1.1,
            "eps_latest_yearly": 0.04,
            "eps_growth_yearly": 200.03
        },
        "20184": {
            "year_quarter": 20184,
            "year": 2018,
            "quarter": 4,
            "eps": 0.01,
            "eps_growth_year": null,
            "eps_4q": -0.25,
            "eps_4q_growth_year": null,
            "roe": 0.15,
            "roe_4q": -2.18,
            "gross_profit": 186425,
            "gross_margin": 49.1,
            "gross_margin_4q_avg": 47.88,
            "net_income": 2074,
            "net_income_4q": null,
            "revenue": 379699,
            "revenue_4q": null,
            "common_shares": 1379750,
            "book_valuer_per_share": 10.33,
            "book_valuer_per_share_4q_avg": 10.34,
            "equity": 1397707,
            "current_ratio": 208.51,
            "debt_ratio": 27.04,
            "inventory_turnover_ratio": 0.32,
            "account_receivable_turnover_ratio": 1.98,
            "reinvestment_rate": null,
            "research_to_sale_ratio": null,
            "price_fair": 32.9,
            "eps_avg_yearly": 0.94,
            "eps_latest_yearly": 0.04,
            "eps_growth_yearly": 130.03
        },
        "20191": {
            "year_quarter": 20191,
            "year": 2019,
            "quarter": 1,
            "eps": 0.01,
            "eps_growth_year": null,
            "eps_4q": 0,
            "eps_4q_growth_year": null,
            "roe": 0.19,
            "roe_4q": 0.27999999999999997,
            "gross_profit": 281974,
            "gross_margin": 61.5,
            "gross_margin_4q_avg": 53.61,
            "net_income": 2636,
            "net_income_4q": null,
            "revenue": 458514,
            "revenue_4q": null,
            "common_shares": 1379750,
            "book_valuer_per_share": 10.36,
            "book_valuer_per_share_4q_avg": 10.34,
            "equity": 1402104,
            "current_ratio": 191.73,
            "debt_ratio": 31.92,
            "inventory_turnover_ratio": 0.29,
            "account_receivable_turnover_ratio": 2.78,
            "reinvestment_rate": null,
            "research_to_sale_ratio": null,
            "price_fair": 1.14,
            "eps_avg_yearly": 0.38,
            "eps_latest_yearly": 0.04,
            "eps_growth_yearly": -105.26
        },
        "20192": {
            "year_quarter": 20192,
            "year": 2019,
            "quarter": 2,
            "eps": -0.79,
            "eps_growth_year": null,
            "eps_4q": -0.76,
            "eps_4q_growth_year": null,
            "roe": -8.19,
            "roe_4q": -7.709999999999999,
            "gross_profit": 285404,
            "gross_margin": 50.64,
            "gross_margin_4q_avg": 54.24,
            "net_income": -110293,
            "net_income_4q": null,
            "revenue": 563563,
            "revenue_4q": null,
            "common_shares": 1379750,
            "book_valuer_per_share": 9.56,
            "book_valuer_per_share_4q_avg": 10.14,
            "equity": 1291422,
            "current_ratio": 179.87,
            "debt_ratio": 33.18,
            "inventory_turnover_ratio": 0.42,
            "account_receivable_turnover_ratio": 4.47,
            "reinvestment_rate": null,
            "research_to_sale_ratio": null,
            "price_fair": 0.12,
            "eps_avg_yearly": 0.04,
            "eps_latest_yearly": 0.04,
            "eps_growth_yearly": -88.89
        },
        "20193": {
            "year_quarter": 20193,
            "year": 2019,
            "quarter": 3,
            "eps": -1.21,
            "eps_growth_year": -12200,
            "eps_4q": -1.98,
            "eps_4q_growth_year": null,
            "roe": -13.85,
            "roe_4q": -21.7,
            "gross_profit": 183507,
            "gross_margin": 57.55,
            "gross_margin_4q_avg": 54.7,
            "net_income": -167102,
            "net_income_4q": null,
            "revenue": 318858,
            "revenue_4q": null,
            "common_shares": 1379750,
            "book_valuer_per_share": 8.34,
            "book_valuer_per_share_4q_avg": 9.65,
            "equity": 1121834,
            "current_ratio": 156.39,
            "debt_ratio": 34.54,
            "inventory_turnover_ratio": 0.2,
            "account_receivable_turnover_ratio": 3.94,
            "reinvestment_rate": null,
            "research_to_sale_ratio": null,
            "price_fair": 0.12,
            "eps_avg_yearly": 0.04,
            "eps_latest_yearly": 0.04,
            "eps_growth_yearly": -88.89
        },
        "20194": {
            "year_quarter": 20194,
            "year": 2019,
            "quarter": 4,
            "eps": -1.2,
            "eps_growth_year": -12673.36,
            "eps_4q": -3.19,
            "eps_4q_growth_year": null,
            "roe": -15.62,
            "roe_4q": -37.47,
            "gross_profit": 143244,
            "gross_margin": 57.62,
            "gross_margin_4q_avg": 56.83,
            "net_income": -162468,
            "net_income_4q": null,
            "revenue": 248606,
            "revenue_4q": null,
            "common_shares": 1379750,
            "book_valuer_per_share": 7.13,
            "book_valuer_per_share_4q_avg": 8.85,
            "equity": 958860,
            "current_ratio": 126.4,
            "debt_ratio": 40.26,
            "inventory_turnover_ratio": 0.16,
            "account_receivable_turnover_ratio": 5.92,
            "reinvestment_rate": null,
            "research_to_sale_ratio": null,
            "price_fair": 0.12,
            "eps_avg_yearly": 0.04,
            "eps_latest_yearly": 0.04,
            "eps_growth_yearly": -88.89
        },
        "20201": {
            "year_quarter": 20201,
            "year": 2020,
            "quarter": 1,
            "eps": -1.22,
            "eps_growth_year": -12300,
            "eps_4q": -4.32,
            "eps_4q_growth_year": -99817.57,
            "roe": -18.55,
            "roe_4q": -56.21,
            "gross_profit": 40835,
            "gross_margin": 68.83,
            "gross_margin_4q_avg": 58.66,
            "net_income": -165367,
            "net_income_4q": null,
            "revenue": 59328,
            "revenue_4q": null,
            "common_shares": 1379750,
            "book_valuer_per_share": 6.14,
            "book_valuer_per_share_4q_avg": 7.79,
            "equity": 823884,
            "current_ratio": 112.73,
            "debt_ratio": 45.24,
            "inventory_turnover_ratio": 0.03,
            "account_receivable_turnover_ratio": 2.1,
            "reinvestment_rate": null,
            "research_to_sale_ratio": null,
            "price_fair": 0.4,
            "eps_avg_yearly": 0.04,
            "eps_latest_yearly": 0.04,
            "eps_growth_yearly": 0
        },
        "20202": {
            "year_quarter": 20202,
            "year": 2020,
            "quarter": 2,
            "eps": -0.92,
            "eps_growth_year": null,
            "eps_4q": -6,
            "eps_4q_growth_year": null,
            "roe": -11.19,
            "roe_4q": -59.21,
            "gross_profit": -19181,
            "gross_margin": -187.66,
            "gross_margin_4q_avg": -0.92,
            "net_income": -88792,
            "net_income_4q": null,
            "revenue": 10221,
            "revenue_4q": null,
            "common_shares": 983281,
            "book_valuer_per_share": 7.98,
            "book_valuer_per_share_4q_avg": 7.4,
            "equity": 762937,
            "current_ratio": 116.23,
            "debt_ratio": 48.16,
            "inventory_turnover_ratio": 0.05,
            "account_receivable_turnover_ratio": 0.49,
            "reinvestment_rate": null,
            "research_to_sale_ratio": null,
            "price_fair": 0.4,
            "eps_avg_yearly": 0.04,
            "eps_latest_yearly": 0.04,
            "eps_growth_yearly": 0
        },
        "20203": {
            "year_quarter": 20203,
            "year": 2020,
            "quarter": 3,
            "eps": -0.47,
            "eps_growth_year": null,
            "eps_4q": -4.78,
            "eps_4q_growth_year": null,
            "roe": -6.15,
            "roe_4q": -51.51,
            "gross_profit": 1417,
            "gross_margin": 5.92,
            "gross_margin_4q_avg": -13.82,
            "net_income": -45491,
            "net_income_4q": null,
            "revenue": 23923,
            "revenue_4q": null,
            "common_shares": 965526,
            "book_valuer_per_share": 7.51,
            "book_valuer_per_share_4q_avg": 7.19,
            "equity": 717058,
            "current_ratio": 117.14,
            "debt_ratio": 50.16,
            "inventory_turnover_ratio": 0.04,
            "account_receivable_turnover_ratio": 1.41,
            "reinvestment_rate": null,
            "research_to_sale_ratio": null,
            "price_fair": 0.4,
            "eps_avg_yearly": 0.04,
            "eps_latest_yearly": 0.04,
            "eps_growth_yearly": 0
        },
        "20204": {
            "year_quarter": 20204,
            "year": 2020,
            "quarter": 4,
            "eps": -0.34,
            "eps_growth_year": null,
            "eps_4q": -3.21,
            "eps_4q_growth_year": null,
            "roe": -4.83,
            "roe_4q": -40.72,
            "gross_profit": 2414,
            "gross_margin": 6.15,
            "gross_margin_4q_avg": -26.69,
            "net_income": -35601,
            "net_income_4q": null,
            "revenue": 39282,
            "revenue_4q": null,
            "common_shares": 1045526,
            "book_valuer_per_share": 7.32,
            "book_valuer_per_share_4q_avg": 7.24,
            "equity": 757686,
            "current_ratio": 201.41,
            "debt_ratio": 46.27,
            "inventory_turnover_ratio": 0.06,
            "account_receivable_turnover_ratio": 2.98,
            "reinvestment_rate": null,
            "research_to_sale_ratio": null,
            "price_fair": 0.4,
            "eps_avg_yearly": 0.04,
            "eps_latest_yearly": 0.04,
            "eps_growth_yearly": 0
        },
        "20211": {
            "year_quarter": 20211,
            "year": 2021,
            "quarter": 1,
            "eps": -0.47,
            "eps_growth_year": null,
            "eps_4q": -2.1,
            "eps_4q_growth_year": null,
            "roe": -6.75,
            "roe_4q": -28.92,
            "gross_profit": 8428,
            "gross_margin": 35.63,
            "gross_margin_4q_avg": -34.99,
            "net_income": -49656,
            "net_income_4q": null,
            "revenue": 23655,
            "revenue_4q": null,
            "common_shares": 1045526,
            "book_valuer_per_share": 6.88,
            "book_valuer_per_share_4q_avg": 7.42,
            "equity": 713402,
            "current_ratio": 192.43,
            "debt_ratio": 48.65,
            "inventory_turnover_ratio": 0.02,
            "account_receivable_turnover_ratio": 2.72,
            "reinvestment_rate": null,
            "research_to_sale_ratio": null,
            "price_fair": 0.4,
            "eps_avg_yearly": 0.04,
            "eps_latest_yearly": 0.04,
            "eps_growth_yearly": 0
        },
        "20212": {
            "year_quarter": 20212,
            "year": 2021,
            "quarter": 2,
            "eps": -0.48,
            "eps_growth_year": null,
            "eps_4q": -1.73,
            "eps_4q_growth_year": null,
            "roe": -7.42,
            "roe_4q": -25.15,
            "gross_profit": 388,
            "gross_margin": 3.7,
            "gross_margin_4q_avg": 12.85,
            "net_income": -51141,
            "net_income_4q": null,
            "revenue": 10493,
            "revenue_4q": null,
            "common_shares": 1045526,
            "book_valuer_per_share": 6.42,
            "book_valuer_per_share_4q_avg": 7.03,
            "equity": 664464,
            "current_ratio": 187.4,
            "debt_ratio": 50.82,
            "inventory_turnover_ratio": 0.02,
            "account_receivable_turnover_ratio": 3.77,
            "reinvestment_rate": null,
            "research_to_sale_ratio": null,
            "price_fair": 0.4,
            "eps_avg_yearly": 0.04,
            "eps_latest_yearly": 0.04,
            "eps_growth_yearly": 0
        },
        "20213": {
            "year_quarter": 20213,
            "year": 2021,
            "quarter": 3,
            "eps": 0.1,
            "eps_growth_year": null,
            "eps_4q": -1.19,
            "eps_4q_growth_year": null,
            "roe": 1.43,
            "roe_4q": -17.57,
            "gross_profit": 478,
            "gross_margin": 2.44,
            "gross_margin_4q_avg": 11.98,
            "net_income": 9604,
            "net_income_4q": null,
            "revenue": 19581,
            "revenue_4q": null,
            "common_shares": 1045526,
            "book_valuer_per_share": 6.52,
            "book_valuer_per_share_4q_avg": 6.79,
            "equity": 674569,
            "current_ratio": 553.66,
            "debt_ratio": 19.15,
            "inventory_turnover_ratio": 0.03,
            "account_receivable_turnover_ratio": 10.76,
            "reinvestment_rate": null,
            "research_to_sale_ratio": null,
            "price_fair": 0.4,
            "eps_avg_yearly": 0.04,
            "eps_latest_yearly": 0.04,
            "eps_growth_yearly": 0
        },
        "20214": {
            "year_quarter": 20214,
            "year": 2021,
            "quarter": 4,
            "eps": -1.24,
            "eps_growth_year": null,
            "eps_4q": -2.09,
            "eps_4q_growth_year": null,
            "roe": -21.35,
            "roe_4q": -34.09,
            "gross_profit": 5836,
            "gross_margin": 33.04,
            "gross_margin_4q_avg": 18.7,
            "net_income": -130610,
            "net_income_4q": null,
            "revenue": 17663,
            "revenue_4q": null,
            "common_shares": 1045526,
            "book_valuer_per_share": 5.29,
            "book_valuer_per_share_4q_avg": 6.28,
            "equity": 548771,
            "current_ratio": 565.59,
            "debt_ratio": 24.82,
            "inventory_turnover_ratio": 0.02,
            "account_receivable_turnover_ratio": 9.4,
            "reinvestment_rate": null,
            "research_to_sale_ratio": null,
            "price_fair": 0.4,
            "eps_avg_yearly": 0.04,
            "eps_latest_yearly": 0.04,
            "eps_growth_yearly": 0
        },
        "20221": {
            "year_quarter": 20221,
            "year": 2022,
            "quarter": 1,
            "eps": -0.12,
            "eps_growth_year": null,
            "eps_4q": -1.74,
            "eps_4q_growth_year": null,
            "roe": -2.55,
            "roe_4q": -29.89,
            "gross_profit": 4570,
            "gross_margin": 28.85,
            "gross_margin_4q_avg": 17.01,
            "net_income": -13758,
            "net_income_4q": null,
            "revenue": 15843,
            "revenue_4q": null,
            "common_shares": 1045526,
            "book_valuer_per_share": 5.13,
            "book_valuer_per_share_4q_avg": 5.84,
            "equity": 532060,
            "current_ratio": 485.05,
            "debt_ratio": 27.01,
            "inventory_turnover_ratio": 0.02,
            "account_receivable_turnover_ratio": 17.31,
            "reinvestment_rate": null,
            "research_to_sale_ratio": null,
            "price_fair": 0.4,
            "eps_avg_yearly": 0.04,
            "eps_latest_yearly": 0.04,
            "eps_growth_yearly": 0
        },
        "20222": {
            "year_quarter": 20222,
            "year": 2022,
            "quarter": 2,
            "eps": -0.27,
            "eps_growth_year": null,
            "eps_4q": -1.52,
            "eps_4q_growth_year": null,
            "roe": -5.31,
            "roe_4q": -27.78,
            "gross_profit": -610,
            "gross_margin": -6.16,
            "gross_margin_4q_avg": 14.54,
            "net_income": -27564,
            "net_income_4q": null,
            "revenue": 9907,
            "revenue_4q": null,
            "common_shares": 1045526,
            "book_valuer_per_share": 4.88,
            "book_valuer_per_share_4q_avg": 5.46,
            "equity": 505302,
            "current_ratio": 427.59,
            "debt_ratio": 29.14,
            "inventory_turnover_ratio": 0.02,
            "account_receivable_turnover_ratio": 4.11,
            "reinvestment_rate": null,
            "research_to_sale_ratio": null,
            "price_fair": 0.4,
            "eps_avg_yearly": 0.04,
            "eps_latest_yearly": 0.04,
            "eps_growth_yearly": 0
        },
        "20223": {
            "year_quarter": 20223,
            "year": 2022,
            "quarter": 3,
            "eps": -0.16,
            "eps_growth_year": -260,
            "eps_4q": -1.79,
            "eps_4q_growth_year": null,
            "roe": -2.76,
            "roe_4q": -31.970000000000002,
            "gross_profit": -299,
            "gross_margin": -1.8,
            "gross_margin_4q_avg": 13.48,
            "net_income": -13733,
            "net_income_4q": null,
            "revenue": 16624,
            "revenue_4q": null,
            "common_shares": 1045526,
            "book_valuer_per_share": 4.69,
            "book_valuer_per_share_4q_avg": 5,
            "equity": 489529,
            "current_ratio": 397.62,
            "debt_ratio": 30.44,
            "inventory_turnover_ratio": 0.03,
            "account_receivable_turnover_ratio": 5.28,
            "reinvestment_rate": null,
            "research_to_sale_ratio": null,
            "price_fair": 0.4,
            "eps_avg_yearly": 0.04,
            "eps_latest_yearly": 0.04,
            "eps_growth_yearly": 0
        },
        "20224": {
            "year_quarter": 20224,
            "year": 2022,
            "quarter": 4,
            "eps": -0.1,
            "eps_growth_year": null,
            "eps_4q": -0.53,
            "eps_4q_growth_year": null,
            "roe": -2.17,
            "roe_4q": -12.79,
            "gross_profit": -24,
            "gross_margin": -0.2,
            "gross_margin_4q_avg": 5.17,
            "net_income": -13056,
            "net_income_4q": null,
            "revenue": 11968,
            "revenue_4q": null,
            "common_shares": 1345526,
            "book_valuer_per_share": 5.3,
            "book_valuer_per_share_4q_avg": 5,
            "equity": 712653,
            "current_ratio": 837.45,
            "debt_ratio": 20.98,
            "inventory_turnover_ratio": 0.02,
            "account_receivable_turnover_ratio": 5.29,
            "reinvestment_rate": null,
            "research_to_sale_ratio": null,
            "price_fair": 0.4,
            "eps_avg_yearly": 0.04,
            "eps_latest_yearly": 0.04,
            "eps_growth_yearly": 0
        },
        "20231": {
            "year_quarter": 20231,
            "year": 2023,
            "quarter": 1,
            "eps": -0.14,
            "eps_growth_year": null,
            "eps_4q": -0.57,
            "eps_4q_growth_year": null,
            "roe": -2.52,
            "roe_4q": -12.759999999999998,
            "gross_profit": 8720,
            "gross_margin": 27.48,
            "gross_margin_4q_avg": 4.83,
            "net_income": -18306,
            "net_income_4q": null,
            "revenue": 31731,
            "revenue_4q": null,
            "common_shares": 1345526,
            "book_valuer_per_share": 5.17,
            "book_valuer_per_share_4q_avg": 5.01,
            "equity": 739154,
            "current_ratio": 741.8,
            "debt_ratio": 21.05,
            "inventory_turnover_ratio": 0.03,
            "account_receivable_turnover_ratio": 4.44,
            "reinvestment_rate": null,
            "research_to_sale_ratio": null,
            "price_fair": 0,
            "eps_avg_yearly": 0,
            "eps_latest_yearly": 0,
            "eps_growth_yearly": 0
        },
        "20232": {
            "year_quarter": 20232,
            "year": 2023,
            "quarter": 2,
            "eps": -0.17,
            "eps_growth_year": null,
            "eps_4q": -0.53,
            "eps_4q_growth_year": null,
            "roe": -3.32,
            "roe_4q": -10.77,
            "gross_profit": 9942,
            "gross_margin": 19.35,
            "gross_margin_4q_avg": 11.21,
            "net_income": -24255,
            "net_income_4q": null,
            "revenue": 51368,
            "revenue_4q": null,
            "common_shares": 1345526,
            "book_valuer_per_share": 5.02,
            "book_valuer_per_share_4q_avg": 5.05,
            "equity": 723592,
            "current_ratio": 664.27,
            "debt_ratio": 21.72,
            "inventory_turnover_ratio": 0.06,
            "account_receivable_turnover_ratio": 3.12,
            "reinvestment_rate": null,
            "research_to_sale_ratio": null,
            "price_fair": 0,
            "eps_avg_yearly": 0,
            "eps_latest_yearly": 0,
            "eps_growth_yearly": 0
        },
        "20233": {
            "year_quarter": 20233,
            "year": 2023,
            "quarter": 3,
            "eps": -0.07,
            "eps_growth_year": null,
            "eps_4q": -0.48,
            "eps_4q_growth_year": null,
            "roe": -1.68,
            "roe_4q": -9.69,
            "gross_profit": 29057,
            "gross_margin": 42.55,
            "gross_margin_4q_avg": 22.3,
            "net_income": -12060,
            "net_income_4q": null,
            "revenue": 68292,
            "revenue_4q": null,
            "common_shares": 1345526,
            "book_valuer_per_share": 4.92,
            "book_valuer_per_share_4q_avg": 5.1,
            "equity": 708274,
            "current_ratio": 607.95,
            "debt_ratio": 21.9,
            "inventory_turnover_ratio": 0.06,
            "account_receivable_turnover_ratio": 3.18,
            "reinvestment_rate": null,
            "research_to_sale_ratio": null,
            "price_fair": 0,
            "eps_avg_yearly": 0,
            "eps_latest_yearly": 0,
            "eps_growth_yearly": 0
        }
    },
    "months": {
        "2001-06": {
            "month": "2001-06",
            "price": "6.69",
            "revenue": 53382
        },
        "2001-07": {
            "month": "2001-07",
            "price": "5.69",
            "revenue": 88589
        },
        "2001-08": {
            "month": "2001-08",
            "price": "6.54",
            "revenue": 100636
        },
        "2001-09": {
            "month": "2001-09",
            "price": "5.23",
            "revenue": 130017
        },
        "2001-10": {
            "month": "2001-10",
            "price": "5.23",
            "revenue": 158881
        },
        "2001-11": {
            "month": "2001-11",
            "price": "6.07",
            "revenue": 160223
        },
        "2001-12": {
            "month": "2001-12",
            "price": "10.39",
            "revenue": 121894
        },
        "2002-01": {
            "month": "2002-01",
            "price": "14.09",
            "revenue": 174377
        },
        "2002-02": {
            "month": "2002-02",
            "price": "18.55",
            "revenue": 112183
        },
        "2002-03": {
            "month": "2002-03",
            "price": "21.48",
            "revenue": 130990
        },
        "2002-04": {
            "month": "2002-04",
            "price": "24.38",
            "revenue": 115217
        },
        "2002-05": {
            "month": "2002-05",
            "price": "18.92",
            "revenue": 109120
        },
        "2002-06": {
            "month": "2002-06",
            "price": "21.10",
            "revenue": 78762
        },
        "2002-07": {
            "month": "2002-07",
            "price": "27.50",
            "revenue": 152228
        },
        "2002-08": {
            "month": "2002-08",
            "price": "30.52",
            "revenue": 131762
        },
        "2002-09": {
            "month": "2002-09",
            "price": "31.14",
            "revenue": 140237
        },
        "2002-10": {
            "month": "2002-10",
            "price": "17.71",
            "revenue": 131547
        },
        "2002-11": {
            "month": "2002-11",
            "price": "12.01",
            "revenue": 115439
        },
        "2002-12": {
            "month": "2002-12",
            "price": "10.57",
            "revenue": 54660
        },
        "2003-01": {
            "month": "2003-01",
            "price": "10.42",
            "revenue": 113443
        },
        "2003-02": {
            "month": "2003-02",
            "price": "9.70",
            "revenue": 107661
        },
        "2003-03": {
            "month": "2003-03",
            "price": "8.49",
            "revenue": 136200
        },
        "2003-04": {
            "month": "2003-04",
            "price": "7.80",
            "revenue": 105398
        },
        "2003-05": {
            "month": "2003-05",
            "price": "6.91",
            "revenue": 80328
        },
        "2003-06": {
            "month": "2003-06",
            "price": "8.17",
            "revenue": 91573
        },
        "2003-07": {
            "month": "2003-07",
            "price": "8.74",
            "revenue": 141060
        },
        "2003-08": {
            "month": "2003-08",
            "price": "8.22",
            "revenue": 162049
        },
        "2003-09": {
            "month": "2003-09",
            "price": "8.55",
            "revenue": 151161
        },
        "2003-10": {
            "month": "2003-10",
            "price": "10.14",
            "revenue": 203522
        },
        "2003-11": {
            "month": "2003-11",
            "price": "10.10",
            "revenue": 168345
        },
        "2003-12": {
            "month": "2003-12",
            "price": "9.74",
            "revenue": 158242
        },
        "2004-01": {
            "month": "2004-01",
            "price": "9.89",
            "revenue": 120101
        },
        "2004-02": {
            "month": "2004-02",
            "price": "10.59",
            "revenue": 142889
        },
        "2004-03": {
            "month": "2004-03",
            "price": "10.17",
            "revenue": 150991
        },
        "2004-04": {
            "month": "2004-04",
            "price": "9.96",
            "revenue": 118385
        },
        "2004-05": {
            "month": "2004-05",
            "price": "8.09",
            "revenue": 93796
        },
        "2004-06": {
            "month": "2004-06",
            "price": "6.98",
            "revenue": 101465
        },
        "2004-07": {
            "month": "2004-07",
            "price": "6.22",
            "revenue": 123690
        },
        "2004-08": {
            "month": "2004-08",
            "price": "5.12",
            "revenue": 127305
        },
        "2004-09": {
            "month": "2004-09",
            "price": "4.45",
            "revenue": 175369
        },
        "2004-10": {
            "month": "2004-10",
            "price": "4.75",
            "revenue": 184799
        },
        "2004-11": {
            "month": "2004-11",
            "price": "4.29",
            "revenue": 134123
        },
        "2004-12": {
            "month": "2004-12",
            "price": "4.19",
            "revenue": 106356
        },
        "2005-01": {
            "month": "2005-01",
            "price": "3.95",
            "revenue": 146085
        },
        "2005-02": {
            "month": "2005-02",
            "price": "4.09",
            "revenue": 106795
        },
        "2005-03": {
            "month": "2005-03",
            "price": "4.22",
            "revenue": 119019
        },
        "2005-04": {
            "month": "2005-04",
            "price": "3.63",
            "revenue": 96009
        },
        "2005-05": {
            "month": "2005-05",
            "price": "3.07",
            "revenue": 90452
        },
        "2005-06": {
            "month": "2005-06",
            "price": "3.55",
            "revenue": 78455
        },
        "2005-07": {
            "month": "2005-07",
            "price": "3.47",
            "revenue": 95644
        },
        "2005-08": {
            "month": "2005-08",
            "price": "2.99",
            "revenue": 143890
        },
        "2005-09": {
            "month": "2005-09",
            "price": "3.34",
            "revenue": 138722
        },
        "2005-10": {
            "month": "2005-10",
            "price": "5.25",
            "revenue": 117272
        },
        "2005-11": {
            "month": "2005-11",
            "price": "5.31",
            "revenue": 149824
        },
        "2005-12": {
            "month": "2005-12",
            "price": "5.11",
            "revenue": 166034
        },
        "2006-01": {
            "month": "2006-01",
            "price": "6.05",
            "revenue": 143789
        },
        "2006-02": {
            "month": "2006-02",
            "price": "6.05",
            "revenue": 152407
        },
        "2006-03": {
            "month": "2006-03",
            "price": "5.53",
            "revenue": 189307
        },
        "2006-04": {
            "month": "2006-04",
            "price": "5.63",
            "revenue": 163281
        },
        "2006-05": {
            "month": "2006-05",
            "price": "6.04",
            "revenue": 180326
        },
        "2006-06": {
            "month": "2006-06",
            "price": "6.49",
            "revenue": 225981
        },
        "2006-07": {
            "month": "2006-07",
            "price": "7.73",
            "revenue": 235975
        },
        "2006-08": {
            "month": "2006-08",
            "price": "9.73",
            "revenue": 271422
        },
        "2006-09": {
            "month": "2006-09",
            "price": "13.38",
            "revenue": 252820
        },
        "2006-10": {
            "month": "2006-10",
            "price": "14.76",
            "revenue": 221977
        },
        "2006-11": {
            "month": "2006-11",
            "price": "14.93",
            "revenue": 164496
        },
        "2006-12": {
            "month": "2006-12",
            "price": "15.13",
            "revenue": 173331
        },
        "2007-01": {
            "month": "2007-01",
            "price": "14.32",
            "revenue": 178936
        },
        "2007-02": {
            "month": "2007-02",
            "price": "14.18",
            "revenue": 147669
        },
        "2007-03": {
            "month": "2007-03",
            "price": "13.89",
            "revenue": 205788
        },
        "2007-04": {
            "month": "2007-04",
            "price": "14.12",
            "revenue": 147951
        },
        "2007-05": {
            "month": "2007-05",
            "price": "9.32",
            "revenue": 156742
        },
        "2007-06": {
            "month": "2007-06",
            "price": "9.96",
            "revenue": 167924
        },
        "2007-07": {
            "month": "2007-07",
            "price": "11.23",
            "revenue": 224302
        },
        "2007-08": {
            "month": "2007-08",
            "price": "9.88",
            "revenue": 308541
        },
        "2007-09": {
            "month": "2007-09",
            "price": "10.22",
            "revenue": 295635
        },
        "2007-10": {
            "month": "2007-10",
            "price": "9.22",
            "revenue": 267142
        },
        "2007-11": {
            "month": "2007-11",
            "price": "6.51",
            "revenue": 244509
        },
        "2007-12": {
            "month": "2007-12",
            "price": "5.72",
            "revenue": 181636
        },
        "2008-01": {
            "month": "2008-01",
            "price": "4.87",
            "revenue": 224420
        },
        "2008-02": {
            "month": "2008-02",
            "price": "5.26",
            "revenue": 196413
        },
        "2008-03": {
            "month": "2008-03",
            "price": "6.08",
            "revenue": 227236
        },
        "2008-04": {
            "month": "2008-04",
            "price": "5.82",
            "revenue": 172278
        },
        "2008-05": {
            "month": "2008-05",
            "price": "7.01",
            "revenue": 146936
        },
        "2008-06": {
            "month": "2008-06",
            "price": "5.94",
            "revenue": 174167
        },
        "2008-07": {
            "month": "2008-07",
            "price": "4.56",
            "revenue": 155171
        },
        "2008-08": {
            "month": "2008-08",
            "price": "3.93",
            "revenue": 156415
        },
        "2008-09": {
            "month": "2008-09",
            "price": "3.80",
            "revenue": 169745
        },
        "2008-10": {
            "month": "2008-10",
            "price": "3.59",
            "revenue": 170897
        },
        "2008-11": {
            "month": "2008-11",
            "price": "3.01",
            "revenue": 95295
        },
        "2008-12": {
            "month": "2008-12",
            "price": "2.42",
            "revenue": 89050
        },
        "2009-01": {
            "month": "2009-01",
            "price": "2.25",
            "revenue": 75995
        },
        "2009-02": {
            "month": "2009-02",
            "price": "2.38",
            "revenue": 94567
        },
        "2009-03": {
            "month": "2009-03",
            "price": "3.11",
            "revenue": 121277
        },
        "2009-04": {
            "month": "2009-04",
            "price": "3.68",
            "revenue": 135661
        },
        "2009-05": {
            "month": "2009-05",
            "price": "3.30",
            "revenue": 102820
        },
        "2009-06": {
            "month": "2009-06",
            "price": "3.20",
            "revenue": 106978
        },
        "2009-07": {
            "month": "2009-07",
            "price": "3.22",
            "revenue": 102205
        },
        "2009-08": {
            "month": "2009-08",
            "price": "3.38",
            "revenue": 106157
        },
        "2009-09": {
            "month": "2009-09",
            "price": "4.92",
            "revenue": 105495
        },
        "2009-10": {
            "month": "2009-10",
            "price": "6.64",
            "revenue": 114386
        },
        "2009-11": {
            "month": "2009-11",
            "price": "6.52",
            "revenue": 128451
        },
        "2009-12": {
            "month": "2009-12",
            "price": "6.69",
            "revenue": 97475
        },
        "2010-01": {
            "month": "2010-01",
            "price": "7.32",
            "revenue": 79215
        },
        "2010-02": {
            "month": "2010-02",
            "price": "6.68",
            "revenue": 60220
        },
        "2010-03": {
            "month": "2010-03",
            "price": "6.94",
            "revenue": 77168
        },
        "2010-04": {
            "month": "2010-04",
            "price": "8.16",
            "revenue": 90621
        },
        "2010-05": {
            "month": "2010-05",
            "price": "8.20",
            "revenue": 97707
        },
        "2010-06": {
            "month": "2010-06",
            "price": "7.07",
            "revenue": 93739
        },
        "2010-07": {
            "month": "2010-07",
            "price": "7.33",
            "revenue": 113409
        },
        "2010-08": {
            "month": "2010-08",
            "price": "7.18",
            "revenue": 123048
        },
        "2010-09": {
            "month": "2010-09",
            "price": "4.04",
            "revenue": 120101
        },
        "2010-10": {
            "month": "2010-10",
            "price": "3.76",
            "revenue": 114630
        },
        "2010-11": {
            "month": "2010-11",
            "price": "3.26",
            "revenue": 91061
        },
        "2010-12": {
            "month": "2010-12",
            "price": "3.70",
            "revenue": 60126
        },
        "2011-01": {
            "month": "2011-01",
            "price": "3.94",
            "revenue": 98842
        },
        "2011-02": {
            "month": "2011-02",
            "price": "3.76",
            "revenue": 63492
        },
        "2011-03": {
            "month": "2011-03",
            "price": "5.37",
            "revenue": 138670
        },
        "2011-04": {
            "month": "2011-04",
            "price": "6.54",
            "revenue": 113820
        },
        "2011-05": {
            "month": "2011-05",
            "price": "4.22",
            "revenue": 89474
        },
        "2011-06": {
            "month": "2011-06",
            "price": "3.01",
            "revenue": 91315
        },
        "2011-07": {
            "month": "2011-07",
            "price": "2.54",
            "revenue": 65421
        },
        "2011-08": {
            "month": "2011-08",
            "price": "1.86",
            "revenue": 77607
        },
        "2011-09": {
            "month": "2011-09",
            "price": "1.72",
            "revenue": 61682
        },
        "2011-10": {
            "month": "2011-10",
            "price": "2.19",
            "revenue": 42887
        },
        "2011-11": {
            "month": "2011-11",
            "price": "1.72",
            "revenue": 23506
        },
        "2012-01": {
            "month": "2012-01",
            "price": "2.30",
            "revenue": 24389
        },
        "2012-02": {
            "month": "2012-02",
            "price": "3.39",
            "revenue": 6573
        },
        "2012-03": {
            "month": "2012-03",
            "price": "4.55",
            "revenue": 9103
        },
        "2012-04": {
            "month": "2012-04",
            "price": "4.87",
            "revenue": 3791
        },
        "2012-05": {
            "month": "2012-05",
            "price": "4.74",
            "revenue": 1160
        },
        "2012-06": {
            "month": "2012-06",
            "price": "4.05",
            "revenue": 1078
        },
        "2012-07": {
            "month": "2012-07",
            "price": "3.80",
            "revenue": 455
        },
        "2012-08": {
            "month": "2012-08",
            "price": "4.11",
            "revenue": 3429
        },
        "2012-09": {
            "month": "2012-09",
            "price": "10.70",
            "revenue": 2137
        },
        "2012-10": {
            "month": "2012-10",
            "price": "13.52",
            "revenue": 64162
        },
        "2012-11": {
            "month": "2012-11",
            "price": "13.63",
            "revenue": 229836
        },
        "2012-12": {
            "month": "2012-12",
            "price": "12.21",
            "revenue": 140292
        },
        "2013-01": {
            "month": "2013-01",
            "price": "12.10",
            "revenue": 62739
        },
        "2013-02": {
            "month": "2013-02",
            "price": "12.15",
            "revenue": 57580
        },
        "2013-03": {
            "month": "2013-03",
            "price": "11.55",
            "revenue": 36799
        },
        "2013-04": {
            "month": "2013-04",
            "price": "11.28",
            "revenue": 58265
        },
        "2013-05": {
            "month": "2013-05",
            "price": "12.53",
            "revenue": 59417
        },
        "2013-06": {
            "month": "2013-06",
            "price": "12.17",
            "revenue": 67270
        },
        "2013-07": {
            "month": "2013-07",
            "price": "11.24",
            "revenue": 47239
        },
        "2013-08": {
            "month": "2013-08",
            "price": "16.09",
            "revenue": 57104
        },
        "2013-09": {
            "month": "2013-09",
            "price": "19.37",
            "revenue": 82292
        },
        "2013-10": {
            "month": "2013-10",
            "price": "17.22",
            "revenue": 65780
        },
        "2013-11": {
            "month": "2013-11",
            "price": "14.75",
            "revenue": 104299
        },
        "2013-12": {
            "month": "2013-12",
            "price": "15.63",
            "revenue": 142350
        },
        "2014-01": {
            "month": "2014-01",
            "price": "16.13",
            "revenue": 114181
        },
        "2014-02": {
            "month": "2014-02",
            "price": "23.30",
            "revenue": 125801
        },
        "2014-03": {
            "month": "2014-03",
            "price": "42.55",
            "revenue": 159276
        },
        "2014-04": {
            "month": "2014-04",
            "price": "60.63",
            "revenue": 194634
        },
        "2014-05": {
            "month": "2014-05",
            "price": "104.80",
            "revenue": 172747
        },
        "2014-06": {
            "month": "2014-06",
            "price": "91.30",
            "revenue": 157407
        },
        "2014-07": {
            "month": "2014-07",
            "price": "81.68",
            "revenue": 128715
        },
        "2014-08": {
            "month": "2014-08",
            "price": "80.63",
            "revenue": 120533
        },
        "2014-09": {
            "month": "2014-09",
            "price": "68.59",
            "revenue": 139759
        },
        "2014-10": {
            "month": "2014-10",
            "price": "62.31",
            "revenue": 182399
        },
        "2014-11": {
            "month": "2014-11",
            "price": "62.64",
            "revenue": 192289
        },
        "2014-12": {
            "month": "2014-12",
            "price": "61.15",
            "revenue": 201093
        },
        "2015-01": {
            "month": "2015-01",
            "price": "59.86",
            "revenue": 208378
        },
        "2015-02": {
            "month": "2015-02",
            "price": "60.25",
            "revenue": 231341
        },
        "2015-03": {
            "month": "2015-03",
            "price": "60.20",
            "revenue": 234150
        },
        "2015-04": {
            "month": "2015-04",
            "price": "76.62",
            "revenue": 198789
        },
        "2015-05": {
            "month": "2015-05",
            "price": "62.50",
            "revenue": 211737
        },
        "2015-06": {
            "month": "2015-06",
            "price": "59.60",
            "revenue": 129283
        },
        "2015-07": {
            "month": "2015-07",
            "price": "55.02",
            "revenue": 132270
        },
        "2015-08": {
            "month": "2015-08",
            "price": "51.88",
            "revenue": 170513
        },
        "2015-09": {
            "month": "2015-09",
            "price": "43.44",
            "revenue": 173207
        },
        "2015-10": {
            "month": "2015-10",
            "price": "43.48",
            "revenue": 211297
        },
        "2015-11": {
            "month": "2015-11",
            "price": "41.18",
            "revenue": 221489
        },
        "2015-12": {
            "month": "2015-12",
            "price": "38.11",
            "revenue": 209965
        },
        "2016-01": {
            "month": "2016-01",
            "price": "35.70",
            "revenue": 211679
        },
        "2016-02": {
            "month": "2016-02",
            "price": "32.18",
            "revenue": 184543
        },
        "2016-03": {
            "month": "2016-03",
            "price": "36.05",
            "revenue": 234482
        },
        "2016-04": {
            "month": "2016-04",
            "price": "32.60",
            "revenue": 219470
        },
        "2016-05": {
            "month": "2016-05",
            "price": "30.37",
            "revenue": 188864
        },
        "2016-06": {
            "month": "2016-06",
            "price": "28.76",
            "revenue": 109900
        },
        "2016-07": {
            "month": "2016-07",
            "price": "29.94",
            "revenue": 95832
        },
        "2016-08": {
            "month": "2016-08",
            "price": "28.59",
            "revenue": 41072
        },
        "2016-09": {
            "month": "2016-09",
            "price": "27.02",
            "revenue": 39712
        },
        "2016-10": {
            "month": "2016-10",
            "price": "27.44",
            "revenue": 34944
        },
        "2016-11": {
            "month": "2016-11",
            "price": "26.75",
            "revenue": 43009
        },
        "2016-12": {
            "month": "2016-12",
            "price": "26.48",
            "revenue": 48154
        },
        "2017-01": {
            "month": "2017-01",
            "price": "26.23",
            "revenue": 38814
        },
        "2017-02": {
            "month": "2017-02",
            "price": "27.12",
            "revenue": 38041
        },
        "2017-03": {
            "month": "2017-03",
            "price": "25.58",
            "revenue": 45911
        },
        "2017-04": {
            "month": "2017-04",
            "price": "25.10",
            "revenue": 54030
        },
        "2017-05": {
            "month": "2017-05",
            "price": "23.53",
            "revenue": 49131
        },
        "2017-06": {
            "month": "2017-06",
            "price": "22.73",
            "revenue": 68971
        },
        "2017-07": {
            "month": "2017-07",
            "price": "21.11",
            "revenue": 44043
        },
        "2017-08": {
            "month": "2017-08",
            "price": "20.53",
            "revenue": 36848
        },
        "2017-09": {
            "month": "2017-09",
            "price": "20.30",
            "revenue": 34199
        },
        "2017-10": {
            "month": "2017-10",
            "price": "20.01",
            "revenue": 66984
        },
        "2017-11": {
            "month": "2017-11",
            "price": "29.17",
            "revenue": 63348
        },
        "2017-12": {
            "month": "2017-12",
            "price": "39.60",
            "revenue": 77463
        },
        "2018-01": {
            "month": "2018-01",
            "price": "41.20",
            "revenue": 70176
        },
        "2018-02": {
            "month": "2018-02",
            "price": "35.89",
            "revenue": 83882
        },
        "2018-03": {
            "month": "2018-03",
            "price": "33.08",
            "revenue": 87491
        },
        "2018-04": {
            "month": "2018-04",
            "price": "30.82",
            "revenue": 109013
        },
        "2018-05": {
            "month": "2018-05",
            "price": "29.27",
            "revenue": 159744
        },
        "2018-06": {
            "month": "2018-06",
            "price": "29.06",
            "revenue": 138440
        },
        "2018-07": {
            "month": "2018-07",
            "price": "27.75",
            "revenue": 102538
        },
        "2018-08": {
            "month": "2018-08",
            "price": "26.96",
            "revenue": 90572
        },
        "2018-09": {
            "month": "2018-09",
            "price": "25.85",
            "revenue": 129852
        },
        "2018-10": {
            "month": "2018-10",
            "price": "23.50",
            "revenue": 113492
        },
        "2018-11": {
            "month": "2018-11",
            "price": "22.65",
            "revenue": 131681
        },
        "2018-12": {
            "month": "2018-12",
            "price": "21.96",
            "revenue": 124048
        },
        "2019-01": {
            "month": "2019-01",
            "price": "20.93",
            "revenue": 114562
        },
        "2019-02": {
            "month": "2019-02",
            "price": "20.79",
            "revenue": 105696
        },
        "2019-03": {
            "month": "2019-03",
            "price": "20.78",
            "revenue": 238206
        },
        "2019-04": {
            "month": "2019-04",
            "price": "28.23",
            "revenue": 214741
        },
        "2019-05": {
            "month": "2019-05",
            "price": "25.16",
            "revenue": 217719
        },
        "2019-06": {
            "month": "2019-06",
            "price": "24.20",
            "revenue": 135153
        },
        "2019-07": {
            "month": "2019-07",
            "price": "22.07",
            "revenue": 113859
        },
        "2019-08": {
            "month": "2019-08",
            "price": "17.41",
            "revenue": 112488
        },
        "2019-09": {
            "month": "2019-09",
            "price": "15.41",
            "revenue": 94070
        },
        "2019-10": {
            "month": "2019-10",
            "price": "13.96",
            "revenue": 80478
        },
        "2019-11": {
            "month": "2019-11",
            "price": "13.60",
            "revenue": 84939
        },
        "2019-12": {
            "month": "2019-12",
            "price": "13.43",
            "revenue": 88327
        },
        "2020-01": {
            "month": "2020-01",
            "price": "13.44",
            "revenue": 58243
        },
        "2020-02": {
            "month": "2020-02",
            "price": "10.37",
            "revenue": 1968
        },
        "2020-03": {
            "month": "2020-03",
            "price": "9.00",
            "revenue": 1502
        },
        "2020-04": {
            "month": "2020-04",
            "price": "8.86",
            "revenue": 1933
        },
        "2020-05": {
            "month": "2020-05",
            "price": "9.10",
            "revenue": 3261
        },
        "2020-06": {
            "month": "2020-06",
            "price": "11.56",
            "revenue": 3975
        },
        "2020-07": {
            "month": "2020-07",
            "price": "9.10",
            "revenue": 5176
        },
        "2020-08": {
            "month": "2020-08",
            "price": "11.11",
            "revenue": 7252
        },
        "2020-09": {
            "month": "2020-09",
            "price": "16.24",
            "revenue": 11112
        },
        "2020-10": {
            "month": "2020-10",
            "price": "12.12",
            "revenue": 6559
        },
        "2020-11": {
            "month": "2020-11",
            "price": "10.56",
            "revenue": 12666
        },
        "2020-12": {
            "month": "2020-12",
            "price": "10.63",
            "revenue": 18828
        },
        "2021-01": {
            "month": "2021-01",
            "price": "9.59",
            "revenue": 8152
        },
        "2021-02": {
            "month": "2021-02",
            "price": "9.64",
            "revenue": 8567
        },
        "2021-03": {
            "month": "2021-03",
            "price": "10.73",
            "revenue": 6636
        },
        "2021-04": {
            "month": "2021-04",
            "price": "10.41",
            "revenue": 6996
        },
        "2021-05": {
            "month": "2021-05",
            "price": "9.29",
            "revenue": 2977
        },
        "2021-06": {
            "month": "2021-06",
            "price": "9.83",
            "revenue": 915
        },
        "2021-07": {
            "month": "2021-07",
            "price": "10.16",
            "revenue": 1953
        },
        "2021-08": {
            "month": "2021-08",
            "price": "9.71",
            "revenue": 14058
        },
        "2021-09": {
            "month": "2021-09",
            "price": "9.26",
            "revenue": 3533
        },
        "2021-10": {
            "month": "2021-10",
            "price": "8.99",
            "revenue": 5081
        },
        "2021-11": {
            "month": "2021-11",
            "price": "8.95",
            "revenue": 5886
        },
        "2021-12": {
            "month": "2021-12",
            "price": "8.62",
            "revenue": 6498
        },
        "2022-01": {
            "month": "2022-01",
            "price": "8.43",
            "revenue": 6207
        },
        "2022-02": {
            "month": "2022-02",
            "price": "10.52",
            "revenue": 5313
        },
        "2022-03": {
            "month": "2022-03",
            "price": "14.38",
            "revenue": 4316
        },
        "2022-04": {
            "month": "2022-04",
            "price": "12.80",
            "revenue": 2375
        },
        "2022-05": {
            "month": "2022-05",
            "price": "13.05",
            "revenue": 3029
        },
        "2022-06": {
            "month": "2022-06",
            "price": "12.68",
            "revenue": 4332
        },
        "2022-07": {
            "month": "2022-07",
            "price": "11.39",
            "revenue": 4435
        },
        "2022-08": {
            "month": "2022-08",
            "price": "10.42",
            "revenue": 6984
        },
        "2022-09": {
            "month": "2022-09",
            "price": "9.68",
            "revenue": 5061
        },
        "2022-10": {
            "month": "2022-10",
            "price": "9.49",
            "revenue": 6045
        },
        "2022-11": {
            "month": "2022-11",
            "price": "10.36",
            "revenue": 2813
        },
        "2022-12": {
            "month": "2022-12",
            "price": "11.61",
            "revenue": 3110
        },
        "2023-01": {
            "month": "2023-01",
            "price": "10.44",
            "revenue": 9974
        },
        "2023-02": {
            "month": "2023-02",
            "price": "10.79",
            "revenue": 8498
        },
        "2023-03": {
            "month": "2023-03",
            "price": "11.49",
            "revenue": 13327
        },
        "2023-04": {
            "month": "2023-04",
            "price": "12.29",
            "revenue": 17967
        },
        "2023-05": {
            "month": "2023-05",
            "price": "13.95",
            "revenue": 17131
        },
        "2023-06": {
            "month": "2023-06",
            "price": "20.32",
            "revenue": 15129
        },
        "2023-07": {
            "month": "2023-07",
            "price": "15.80",
            "revenue": 16860
        },
        "2023-08": {
            "month": "2023-08",
            "price": "13.91",
            "revenue": 25206
        },
        "2023-09": {
            "month": "2023-09",
            "price": "13.63",
            "revenue": 30605
        },
        "2023-10": {
            "month": "2023-10",
            "price": "11.97",
            "revenue": 26803
        },
        "2023-11": {
            "month": "2023-11",
            "price": "11.98",
            "revenue": 27384
        },
        "2023-12": {
            "month": "2023-12",
            "price": "10.82",
            "revenue": 27646
        }
    }
}
