{
    "summary": {
        "stock_name": "太欣",
        "stock_id": "5302",
        "category": "半導體",
        "main_business": "積體電路研究發展.設計<br>積體電路製造<br>積體電路銷售",
        "website_url": "http://www.stk.com.tw",
        "ceo": "王國肇",
        "pe_ratio": -33,
        "report_year_from": 2001,
        "report_year_to": 2023,
        "age": 22,
        "eps_negative_percentage": 91,
        "eps_growth_avg": {
            "last_all": -100,
            "last_2y": null,
            "last_4y": null,
            "last_8y": null,
            "last_12y": null,
            "last_16y": -100,
            "last_20y": -100,
            "at_2006_last_3y": -100,
            "at_2007_last_3y": -100,
            "at_2008_last_3y": -100,
            "at_2009_last_3y": -100,
            "at_2010_last_3y": null,
            "at_2011_last_3y": null,
            "at_2012_last_3y": null,
            "at_2013_last_3y": null,
            "at_2014_last_3y": null,
            "at_2015_last_3y": null,
            "at_2016_last_3y": null,
            "at_2017_last_3y": null,
            "at_2018_last_3y": null,
            "at_2019_last_3y": null,
            "at_2020_last_3y": null,
            "at_2021_last_3y": null,
            "at_2022_last_3y": null,
            "at_2023_last_3y": null,
            "at_2006_last_all": -100,
            "at_2007_last_all": -100,
            "at_2008_last_all": -100,
            "at_2009_last_all": -100,
            "at_2010_last_all": -100,
            "at_2011_last_all": -100,
            "at_2012_last_all": -100,
            "at_2013_last_all": -100,
            "at_2014_last_all": -100,
            "at_2015_last_all": -100,
            "at_2016_last_all": -100,
            "at_2017_last_all": -100,
            "at_2018_last_all": -100,
            "at_2019_last_all": -100,
            "at_2020_last_all": -100,
            "at_2021_last_all": -100,
            "at_2022_last_all": -100,
            "at_2023_last_all": -100
        },
        "latest_eps": -0.33,
        "latest_price": 10.95,
        "latest_roe": -3.87,
        "latest_gross_margin": 75.06,
        "latest_equity": 1359616,
        "latest_revenue": 2518,
        "latest_gross_profit": 1890,
        "latest_net_income": -12938,
        "latest_debt_ratio": 24.1,
        "latest_current_ratio": 58.24,
        "latest_account_receivable_turnover_ratio": 4.12,
        "latest_inventory_turnover_ratio": 0.11,
        "latest_reinvestment_rate": null,
        "latest_research_to_sale_ratio": 399.68
    },
    "eps_dividends": {
        "1994": {
            "cash": 0.9,
            "stock": 0,
            "eps": 0
        },
        "1995": {
            "cash": 0,
            "stock": 1.5,
            "eps": 0
        },
        "1998": {
            "cash": 0,
            "stock": 3.5,
            "eps": 0
        },
        "1999": {
            "cash": 0,
            "stock": 1,
            "eps": 0
        },
        "2000": {
            "cash": 0,
            "stock": 1.41,
            "eps": 0
        },
        "2001": {
            "cash": 0.5,
            "stock": 3,
            "eps": 0.29
        },
        "2002": {
            "cash": 0.5,
            "stock": 3,
            "eps": -1.37
        },
        "2003": {
            "cash": 0.2,
            "stock": 0,
            "eps": -1.06
        },
        "2004": {
            "cash": 0.3,
            "stock": 0,
            "eps": -0.62
        },
        "2005": {
            "cash": 0,
            "stock": 0,
            "eps": 0.64
        },
        "2006": {
            "cash": 0.5,
            "stock": 0,
            "eps": -1.08
        },
        "2007": {
            "cash": 0,
            "stock": 0,
            "eps": -0.57
        },
        "2008": {
            "cash": 0,
            "stock": 0,
            "eps": -1.79
        },
        "2009": {
            "cash": 0,
            "stock": 0,
            "eps": -0.79
        },
        "2010": {
            "cash": 0,
            "stock": 0,
            "eps": -0.6
        },
        "2011": {
            "cash": 0,
            "stock": 0,
            "eps": -0.78
        },
        "2012": {
            "cash": 0,
            "stock": 0,
            "eps": -0.25
        },
        "2013": {
            "cash": 0,
            "stock": 0,
            "eps": -0.22
        },
        "2014": {
            "cash": 0,
            "stock": 0,
            "eps": -0.31
        },
        "2015": {
            "cash": 0,
            "stock": 0,
            "eps": -0.21
        },
        "2016": {
            "cash": 0,
            "stock": 0,
            "eps": -0.18
        },
        "2017": {
            "cash": 0,
            "stock": 0,
            "eps": -0.11
        },
        "2018": {
            "cash": 0,
            "stock": 0,
            "eps": -0.3
        },
        "2019": {
            "cash": 0,
            "stock": 0,
            "eps": -0.39
        },
        "2020": {
            "cash": 0,
            "stock": 0,
            "eps": -0.37
        },
        "2021": {
            "cash": 0,
            "stock": 0,
            "eps": -0.27
        },
        "2022": {
            "cash": 0,
            "stock": 0,
            "eps": -0.31
        },
        "2023": {
            "cash": 0,
            "stock": 0,
            "eps": -0.08
        }
    },
    "dividends": {
        "1994-05-11": {
            "cash": 0.9,
            "stock": 0
        },
        "1995-04-07": {
            "cash": 0,
            "stock": 1.5
        },
        "1998-04-16": {
            "cash": 0,
            "stock": 3.5
        },
        "1999-06-14": {
            "cash": 0,
            "stock": 1
        },
        "2000-04-24": {
            "cash": 0,
            "stock": 1.41
        },
        "2001-05-25": {
            "cash": 0.5,
            "stock": 3
        },
        "2002-05-14": {
            "cash": 0.5,
            "stock": 3
        },
        "2003-06-10": {
            "cash": 0.2,
            "stock": 0
        },
        "2004-04-28": {
            "cash": 0.3,
            "stock": 0
        },
        "2006-06-26": {
            "cash": 0.5,
            "stock": 0
        }
    },
    "prices": {
        "200101": "37.36",
        "200102": "47.18",
        "200103": "45.07",
        "200104": "38.67",
        "200105": "31.63",
        "200106": "30.24",
        "200107": "24.04",
        "200108": "17.31",
        "200109": "13.42",
        "200110": "11.15",
        "200111": "13.60",
        "200112": "17.52",
        "200201": "20.12",
        "200202": "20.28",
        "200203": "21.53",
        "200204": "27.32",
        "200205": "25.15",
        "200206": "22.35",
        "200207": "16.95",
        "200208": "15.35",
        "200209": "12.13",
        "200210": "11.73",
        "200211": "12.91",
        "200212": "12.95",
        "200301": "11.90",
        "200302": "10.99",
        "200303": "10.28",
        "200304": "9.97",
        "200305": "8.22",
        "200306": "10.03",
        "200307": "10.29",
        "200308": "8.68",
        "200309": "8.16",
        "200310": "8.56",
        "200311": "8.60",
        "200312": "8.54",
        "200401": "9.78",
        "200402": "13.48",
        "200403": "17.71",
        "200404": "18.65",
        "200405": "12.83",
        "200406": "11.41",
        "200407": "10.27",
        "200408": "10.01",
        "200409": "10.45",
        "200410": "10.85",
        "200411": "10.82",
        "200412": "11.08",
        "200501": "11.76",
        "200502": "12.05",
        "200503": "12.77",
        "200504": "12.94",
        "200505": "12.11",
        "200506": "12.68",
        "200507": "12.61",
        "200508": "11.14",
        "200509": "10.29",
        "200510": "9.37",
        "200511": "9.30",
        "200512": "10.41",
        "200601": "10.75",
        "200602": "10.12",
        "200603": "9.37",
        "200604": "9.95",
        "200605": "9.91",
        "200606": "9.71",
        "200607": "9.23",
        "200608": "9.45",
        "200609": "12.23",
        "200610": "16.98",
        "200611": "17.16",
        "200612": "17.72",
        "200701": "18.20",
        "200702": "19.57",
        "200703": "23.35",
        "200704": "27.29",
        "200705": "29.99",
        "200706": "55.04",
        "200707": "64.09",
        "200708": "47.55",
        "200709": "50.31",
        "200710": "48.80",
        "200711": "33.38",
        "200712": "27.21",
        "200801": "21.26",
        "200802": "19.01",
        "200803": "29.69",
        "200804": "30.67",
        "200805": "32.06",
        "200806": "23.29",
        "200807": "19.90",
        "200808": "18.81",
        "200809": "13.21",
        "200810": "10.90",
        "200811": "8.83",
        "200812": "8.08",
        "200901": "7.64",
        "200902": "8.39",
        "200903": "10.93",
        "200904": "14.65",
        "200905": "19.82",
        "200906": "17.33",
        "200907": "17.93",
        "200908": "17.72",
        "200909": "17.60",
        "200910": "17.54",
        "200911": "16.57",
        "200912": "18.68",
        "201001": "17.72",
        "201002": "15.81",
        "201003": "16.54",
        "201004": "17.44",
        "201005": "14.14",
        "201006": "12.86",
        "201007": "13.47",
        "201008": "13.11",
        "201009": "12.00",
        "201010": "11.66",
        "201011": "12.12",
        "201012": "11.81",
        "201101": "11.27",
        "201102": "11.25",
        "201103": "9.79",
        "201104": "13.16",
        "201105": "12.70",
        "201106": "12.15",
        "201107": "11.18",
        "201108": "9.38",
        "201109": "8.51",
        "201110": "8.34",
        "201111": "7.41",
        "201112": "6.48",
        "201201": "7.20",
        "201202": "9.03",
        "201203": "9.06",
        "201204": "8.51",
        "201205": "8.08",
        "201206": "7.74",
        "201207": "6.91",
        "201208": "7.20",
        "201209": "7.17",
        "201210": "6.61",
        "201211": "6.13",
        "201212": "6.15",
        "201301": "6.38",
        "201302": "6.49",
        "201303": "6.37",
        "201304": "6.15",
        "201305": "8.45",
        "201306": "8.24",
        "201307": "9.28",
        "201308": "8.15",
        "201309": "7.79",
        "201310": "7.57",
        "201311": "7.30",
        "201312": "7.94",
        "201401": "9.06",
        "201402": "9.11",
        "201403": "8.91",
        "201404": "8.23",
        "201405": "7.91",
        "201406": "8.41",
        "201407": "8.90",
        "201408": "8.31",
        "201409": "8.20",
        "201410": "7.43",
        "201411": "7.08",
        "201412": "7.26",
        "201501": "7.82",
        "201502": "8.17",
        "201503": "8.04",
        "201504": "7.74",
        "201505": "7.77",
        "201506": "7.09",
        "201507": "6.36",
        "201508": "5.33",
        "201509": "5.59",
        "201510": "5.69",
        "201511": "5.46",
        "201512": "5.59",
        "201601": "5.32",
        "201602": "5.24",
        "201603": "5.46",
        "201604": "5.27",
        "201605": "5.05",
        "201606": "4.95",
        "201607": "5.18",
        "201608": "5.54",
        "201609": "5.40",
        "201610": "5.79",
        "201611": "5.95",
        "201612": "5.86",
        "201701": "6.01",
        "201702": "6.28",
        "201703": "6.47",
        "201704": "6.12",
        "201705": "7.22",
        "201706": "7.45",
        "201707": "6.40",
        "201708": "5.98",
        "201709": "6.31",
        "201710": "6.38",
        "201711": "6.51",
        "201712": "6.21",
        "201801": "6.30",
        "201802": "6.16",
        "201803": "8.00",
        "201804": "8.49",
        "201805": "8.25",
        "201806": "12.76",
        "201807": "10.51",
        "201808": "8.63",
        "201809": "7.04",
        "201810": "5.57",
        "201811": "5.57",
        "201812": "5.69",
        "201901": "5.23",
        "201902": "5.68",
        "201903": "5.92",
        "201904": "5.85",
        "201905": "5.50",
        "201906": "5.24",
        "201907": "5.23",
        "201908": "5.08",
        "201909": "5.63",
        "201910": "5.63",
        "201911": "5.27",
        "201912": "5.60",
        "202001": "5.79",
        "202002": "6.24",
        "202003": "5.76",
        "202004": "5.53",
        "202005": "5.58",
        "202006": "5.80",
        "202007": "6.69",
        "202008": "6.61",
        "202009": "7.21",
        "202010": "6.80",
        "202011": "6.65",
        "202012": "7.30",
        "202101": "7.20",
        "202102": "6.94",
        "202103": "9.70",
        "202104": "16.75",
        "202105": "14.03",
        "202106": "14.75",
        "202107": "15.74",
        "202108": "14.89",
        "202109": "13.78",
        "202110": "11.80",
        "202111": "12.87",
        "202112": "12.95",
        "202201": "12.09",
        "202202": "11.64",
        "202203": "11.07",
        "202204": "11.16",
        "202205": "10.34",
        "202206": "10.37",
        "202207": "9.11",
        "202208": "9.51",
        "202209": "9.10",
        "202210": "8.13",
        "202211": "8.41",
        "202212": "8.62",
        "202301": "8.34",
        "202302": "8.63",
        "202303": "9.07",
        "202304": "9.24",
        "202305": "9.54",
        "202306": "10.55"
    },
    "quarters": {
        "20011": {
            "year_quarter": 20011,
            "year": 2001,
            "quarter": 1,
            "eps": 0.03,
            "eps_growth_year": -70,
            "eps_4q": 15.6,
            "eps_4q_growth_year": 1910.98,
            "roe": 0.11,
            "roe_4q": 0.11,
            "gross_profit": 19870,
            "gross_margin": 30.85,
            "gross_margin_4q_avg": 30.85,
            "net_income": 5303,
            "revenue": 64402,
            "common_shares": 1532345,
            "book_valuer_per_share": 30.25,
            "book_valuer_per_share_4q_avg": 30.25,
            "equity": 4635238,
            "current_ratio": 2339.75,
            "debt_ratio": 3.65,
            "inventory_turnover_ratio": 2.66,
            "account_receivable_turnover_ratio": null,
            "reinvestment_rate": null,
            "research_to_sale_ratio": null,
            "price_fair": 0,
            "eps_avg_yearly": 0,
            "eps_latest_yearly": 0,
            "eps_growth_yearly": 0
        },
        "20012": {
            "year_quarter": 20012,
            "year": 2001,
            "quarter": 2,
            "eps": 0.24,
            "eps_growth_year": 41.18,
            "eps_4q": 17.83,
            "eps_4q_growth_year": 1864.98,
            "roe": 0.81,
            "roe_4q": 0.92,
            "gross_profit": 32840,
            "gross_margin": 36,
            "gross_margin_4q_avg": 33.43,
            "net_income": 37260,
            "revenue": 91227,
            "common_shares": 1532345,
            "book_valuer_per_share": 29.97,
            "book_valuer_per_share_4q_avg": 30.11,
            "equity": 4592319,
            "current_ratio": 812.82,
            "debt_ratio": 6.82,
            "inventory_turnover_ratio": 4.15,
            "account_receivable_turnover_ratio": null,
            "reinvestment_rate": null,
            "research_to_sale_ratio": null,
            "price_fair": 0,
            "eps_avg_yearly": 0,
            "eps_latest_yearly": 0,
            "eps_growth_yearly": 0
        },
        "20013": {
            "year_quarter": 20013,
            "year": 2001,
            "quarter": 3,
            "eps": -0.12,
            "eps_growth_year": -102.43,
            "eps_4q": 8.92,
            "eps_4q_growth_year": 60.73,
            "roe": -0.57,
            "roe_4q": 0.3500000000000001,
            "gross_profit": 31420,
            "gross_margin": 29.87,
            "gross_margin_4q_avg": 32.24,
            "net_income": -26005,
            "revenue": 105199,
            "common_shares": 2225580,
            "book_valuer_per_share": 20.53,
            "book_valuer_per_share_4q_avg": 26.92,
            "equity": 4570137,
            "current_ratio": 1620.97,
            "debt_ratio": 3.96,
            "inventory_turnover_ratio": 5.88,
            "account_receivable_turnover_ratio": null,
            "reinvestment_rate": null,
            "research_to_sale_ratio": null,
            "price_fair": 0,
            "eps_avg_yearly": 0,
            "eps_latest_yearly": 0,
            "eps_growth_yearly": 0
        },
        "20014": {
            "year_quarter": 20014,
            "year": 2001,
            "quarter": 4,
            "eps": 0.14,
            "eps_growth_year": -98.91,
            "eps_4q": 0.21,
            "eps_4q_growth_year": -98.82,
            "roe": 0.7,
            "roe_4q": 1.05,
            "gross_profit": 23623,
            "gross_margin": 10.72,
            "gross_margin_4q_avg": 26.86,
            "net_income": 32006,
            "revenue": 220408,
            "common_shares": 2225580,
            "book_valuer_per_share": 20.8,
            "book_valuer_per_share_4q_avg": 25.39,
            "equity": 4628410,
            "current_ratio": 1363.1,
            "debt_ratio": 4.3,
            "inventory_turnover_ratio": 14.44,
            "account_receivable_turnover_ratio": null,
            "reinvestment_rate": null,
            "research_to_sale_ratio": null,
            "price_fair": 0,
            "eps_avg_yearly": 0,
            "eps_latest_yearly": 0,
            "eps_growth_yearly": 0
        },
        "20021": {
            "year_quarter": 20021,
            "year": 2002,
            "quarter": 1,
            "eps": -0.22,
            "eps_growth_year": -833.33,
            "eps_4q": -0.02,
            "eps_4q_growth_year": -100.14,
            "roe": -1.05,
            "roe_4q": -0.10999999999999999,
            "gross_profit": 22843,
            "gross_margin": 29.12,
            "gross_margin_4q_avg": 26.43,
            "net_income": -48117,
            "revenue": 78454,
            "common_shares": 2225580,
            "book_valuer_per_share": 20.31,
            "book_valuer_per_share_4q_avg": 22.9,
            "equity": 4519534,
            "current_ratio": 1331.91,
            "debt_ratio": 3.57,
            "inventory_turnover_ratio": 3.59,
            "account_receivable_turnover_ratio": null,
            "reinvestment_rate": null,
            "research_to_sale_ratio": null,
            "price_fair": 0,
            "eps_avg_yearly": 0,
            "eps_latest_yearly": 0,
            "eps_growth_yearly": 0
        },
        "20022": {
            "year_quarter": 20022,
            "year": 2002,
            "quarter": 2,
            "eps": -0.54,
            "eps_growth_year": -325,
            "eps_4q": -0.68,
            "eps_4q_growth_year": -103.81,
            "roe": -3.54,
            "roe_4q": -4.46,
            "gross_profit": 8358,
            "gross_margin": 13.24,
            "gross_margin_4q_avg": 20.74,
            "net_income": -154307,
            "revenue": 63147,
            "common_shares": 2893254,
            "book_valuer_per_share": 14.54,
            "book_valuer_per_share_4q_avg": 19.05,
            "equity": 4206416,
            "current_ratio": 224.12,
            "debt_ratio": 6.58,
            "inventory_turnover_ratio": 2.89,
            "account_receivable_turnover_ratio": null,
            "reinvestment_rate": null,
            "research_to_sale_ratio": null,
            "price_fair": 0,
            "eps_avg_yearly": 0,
            "eps_latest_yearly": 0,
            "eps_growth_yearly": 0
        },
        "20023": {
            "year_quarter": 20023,
            "year": 2002,
            "quarter": 3,
            "eps": -0.39,
            "eps_growth_year": null,
            "eps_4q": -0.98,
            "eps_4q_growth_year": -110.95,
            "roe": -2.71,
            "roe_4q": -6.6,
            "gross_profit": 2062,
            "gross_margin": 3.76,
            "gross_margin_4q_avg": 14.21,
            "net_income": -112416,
            "revenue": 54847,
            "common_shares": 2893254,
            "book_valuer_per_share": 14.16,
            "book_valuer_per_share_4q_avg": 17.45,
            "equity": 4096508,
            "current_ratio": 152.53,
            "debt_ratio": 7.05,
            "inventory_turnover_ratio": 1.93,
            "account_receivable_turnover_ratio": null,
            "reinvestment_rate": null,
            "research_to_sale_ratio": null,
            "price_fair": 0,
            "eps_avg_yearly": 0,
            "eps_latest_yearly": 0,
            "eps_growth_yearly": 0
        },
        "20024": {
            "year_quarter": 20024,
            "year": 2002,
            "quarter": 4,
            "eps": -0.22,
            "eps_growth_year": -257.14,
            "eps_4q": -1.32,
            "eps_4q_growth_year": -721.39,
            "roe": -1.5,
            "roe_4q": -8.8,
            "gross_profit": 6607,
            "gross_margin": 10.68,
            "gross_margin_4q_avg": 14.2,
            "net_income": -61450,
            "revenue": 61868,
            "common_shares": 2893254,
            "book_valuer_per_share": 14.13,
            "book_valuer_per_share_4q_avg": 15.79,
            "equity": 4087603,
            "current_ratio": 698.16,
            "debt_ratio": 4.46,
            "inventory_turnover_ratio": 1.53,
            "account_receivable_turnover_ratio": null,
            "reinvestment_rate": 26.86,
            "research_to_sale_ratio": null,
            "price_fair": 0,
            "eps_avg_yearly": 0,
            "eps_latest_yearly": 0,
            "eps_growth_yearly": 0
        },
        "20031": {
            "year_quarter": 20031,
            "year": 2003,
            "quarter": 1,
            "eps": -0.18,
            "eps_growth_year": null,
            "eps_4q": -1.34,
            "eps_4q_growth_year": null,
            "roe": -1.25,
            "roe_4q": -9,
            "gross_profit": 7959,
            "gross_margin": 12.07,
            "gross_margin_4q_avg": 9.94,
            "net_income": -50709,
            "revenue": 65925,
            "common_shares": 2893254,
            "book_valuer_per_share": 13.9,
            "book_valuer_per_share_4q_avg": 14.18,
            "equity": 4022094,
            "current_ratio": 577.22,
            "debt_ratio": 4.2,
            "inventory_turnover_ratio": 1.33,
            "account_receivable_turnover_ratio": null,
            "reinvestment_rate": 26.16,
            "research_to_sale_ratio": null,
            "price_fair": 0,
            "eps_avg_yearly": 0,
            "eps_latest_yearly": 0,
            "eps_growth_yearly": 0
        },
        "20032": {
            "year_quarter": 20032,
            "year": 2003,
            "quarter": 2,
            "eps": -0.23,
            "eps_growth_year": null,
            "eps_4q": -1.01,
            "eps_4q_growth_year": null,
            "roe": -1.66,
            "roe_4q": -7.12,
            "gross_profit": 5595,
            "gross_margin": 10.63,
            "gross_margin_4q_avg": 9.29,
            "net_income": -65673,
            "revenue": 52646,
            "common_shares": 2870004,
            "book_valuer_per_share": 13.52,
            "book_valuer_per_share_4q_avg": 13.93,
            "equity": 3881295,
            "current_ratio": 291.64,
            "debt_ratio": 5,
            "inventory_turnover_ratio": 0.84,
            "account_receivable_turnover_ratio": null,
            "reinvestment_rate": 26.31,
            "research_to_sale_ratio": null,
            "price_fair": 0,
            "eps_avg_yearly": 0,
            "eps_latest_yearly": 0,
            "eps_growth_yearly": 0
        },
        "20033": {
            "year_quarter": 20033,
            "year": 2003,
            "quarter": 3,
            "eps": -0.21,
            "eps_growth_year": null,
            "eps_4q": -0.83,
            "eps_4q_growth_year": null,
            "roe": -1.57,
            "roe_4q": -5.98,
            "gross_profit": 5995,
            "gross_margin": 13.03,
            "gross_margin_4q_avg": 11.6,
            "net_income": -59833,
            "revenue": 46013,
            "common_shares": 2870004,
            "book_valuer_per_share": 13.07,
            "book_valuer_per_share_4q_avg": 13.66,
            "equity": 3752136,
            "current_ratio": 588.4,
            "debt_ratio": 4.57,
            "inventory_turnover_ratio": 0.6,
            "account_receivable_turnover_ratio": null,
            "reinvestment_rate": 31.1,
            "research_to_sale_ratio": null,
            "price_fair": 0,
            "eps_avg_yearly": 0,
            "eps_latest_yearly": 0,
            "eps_growth_yearly": 0
        },
        "20034": {
            "year_quarter": 20034,
            "year": 2003,
            "quarter": 4,
            "eps": -0.44,
            "eps_growth_year": null,
            "eps_4q": -1.06,
            "eps_4q_growth_year": null,
            "roe": -3.35,
            "roe_4q": -7.83,
            "gross_profit": 9927,
            "gross_margin": 15.5,
            "gross_margin_4q_avg": 12.81,
            "net_income": -123329,
            "revenue": 64056,
            "common_shares": 2870004,
            "book_valuer_per_share": 12.58,
            "book_valuer_per_share_4q_avg": 13.27,
            "equity": 3611165,
            "current_ratio": 778.18,
            "debt_ratio": 4.58,
            "inventory_turnover_ratio": 0.85,
            "account_receivable_turnover_ratio": null,
            "reinvestment_rate": 28.19,
            "research_to_sale_ratio": null,
            "price_fair": 0,
            "eps_avg_yearly": 0,
            "eps_latest_yearly": 0,
            "eps_growth_yearly": 0
        },
        "20041": {
            "year_quarter": 20041,
            "year": 2004,
            "quarter": 1,
            "eps": -0.08,
            "eps_growth_year": null,
            "eps_4q": -0.99,
            "eps_4q_growth_year": null,
            "roe": -0.61,
            "roe_4q": -7.19,
            "gross_profit": 14861,
            "gross_margin": 23.57,
            "gross_margin_4q_avg": 15.68,
            "net_income": -21821,
            "revenue": 63062,
            "common_shares": 2870004,
            "book_valuer_per_share": 12.3,
            "book_valuer_per_share_4q_avg": 12.87,
            "equity": 3529498,
            "current_ratio": 348.68,
            "debt_ratio": 6.33,
            "inventory_turnover_ratio": 0.92,
            "account_receivable_turnover_ratio": null,
            "reinvestment_rate": 32.69,
            "research_to_sale_ratio": null,
            "price_fair": 0,
            "eps_avg_yearly": 0,
            "eps_latest_yearly": 0,
            "eps_growth_yearly": 0
        },
        "20042": {
            "year_quarter": 20042,
            "year": 2004,
            "quarter": 2,
            "eps": -0.11,
            "eps_growth_year": null,
            "eps_4q": -0.85,
            "eps_4q_growth_year": null,
            "roe": -0.91,
            "roe_4q": -6.44,
            "gross_profit": 18041,
            "gross_margin": 28.59,
            "gross_margin_4q_avg": 20.17,
            "net_income": -31624,
            "revenue": 63105,
            "common_shares": 2797144,
            "book_valuer_per_share": 12.33,
            "book_valuer_per_share_4q_avg": 12.57,
            "equity": 3449036,
            "current_ratio": 223.07,
            "debt_ratio": 7.19,
            "inventory_turnover_ratio": 0.9,
            "account_receivable_turnover_ratio": null,
            "reinvestment_rate": 35.4,
            "research_to_sale_ratio": null,
            "price_fair": 0,
            "eps_avg_yearly": 0,
            "eps_latest_yearly": 0,
            "eps_growth_yearly": 0
        },
        "20043": {
            "year_quarter": 20043,
            "year": 2004,
            "quarter": 3,
            "eps": 0.03,
            "eps_growth_year": null,
            "eps_4q": -0.65,
            "eps_4q_growth_year": null,
            "roe": 0.23,
            "roe_4q": -4.640000000000001,
            "gross_profit": 20019,
            "gross_margin": 27.61,
            "gross_margin_4q_avg": 23.82,
            "net_income": 7787,
            "revenue": 72504,
            "common_shares": 2797144,
            "book_valuer_per_share": 12.35,
            "book_valuer_per_share_4q_avg": 12.39,
            "equity": 3453284,
            "current_ratio": 372.21,
            "debt_ratio": 4.42,
            "inventory_turnover_ratio": 0.95,
            "account_receivable_turnover_ratio": null,
            "reinvestment_rate": 42.33,
            "research_to_sale_ratio": null,
            "price_fair": 0,
            "eps_avg_yearly": 0,
            "eps_latest_yearly": 0,
            "eps_growth_yearly": 0
        },
        "20044": {
            "year_quarter": 20044,
            "year": 2004,
            "quarter": 4,
            "eps": -0.46,
            "eps_growth_year": null,
            "eps_4q": -0.62,
            "eps_4q_growth_year": null,
            "roe": -3.77,
            "roe_4q": -5.0600000000000005,
            "gross_profit": 12107,
            "gross_margin": 23.8,
            "gross_margin_4q_avg": 25.89,
            "net_income": -125428,
            "revenue": 50870,
            "common_shares": 2797144,
            "book_valuer_per_share": 11.46,
            "book_valuer_per_share_4q_avg": 12.11,
            "equity": 3205745,
            "current_ratio": 156.79,
            "debt_ratio": 6.58,
            "inventory_turnover_ratio": 0.66,
            "account_receivable_turnover_ratio": null,
            "reinvestment_rate": null,
            "research_to_sale_ratio": null,
            "price_fair": 0,
            "eps_avg_yearly": 0,
            "eps_latest_yearly": 0,
            "eps_growth_yearly": 0
        },
        "20051": {
            "year_quarter": 20051,
            "year": 2005,
            "quarter": 1,
            "eps": -0.23,
            "eps_growth_year": null,
            "eps_4q": -0.77,
            "eps_4q_growth_year": null,
            "roe": -2.01,
            "roe_4q": -6.459999999999999,
            "gross_profit": 16736,
            "gross_margin": 27.64,
            "gross_margin_4q_avg": 26.91,
            "net_income": -63824,
            "revenue": 60541,
            "common_shares": 2797144,
            "book_valuer_per_share": 11.24,
            "book_valuer_per_share_4q_avg": 11.85,
            "equity": 3143493,
            "current_ratio": 149.84,
            "debt_ratio": 7.75,
            "inventory_turnover_ratio": 0.89,
            "account_receivable_turnover_ratio": null,
            "reinvestment_rate": null,
            "research_to_sale_ratio": null,
            "price_fair": 0,
            "eps_avg_yearly": 0,
            "eps_latest_yearly": 0,
            "eps_growth_yearly": 0
        },
        "20052": {
            "year_quarter": 20052,
            "year": 2005,
            "quarter": 2,
            "eps": 0.87,
            "eps_growth_year": null,
            "eps_4q": 0.21,
            "eps_4q_growth_year": null,
            "roe": 7.31,
            "roe_4q": 1.7599999999999998,
            "gross_profit": 26980,
            "gross_margin": 27.52,
            "gross_margin_4q_avg": 26.64,
            "net_income": 238696,
            "revenue": 98041,
            "common_shares": 2797144,
            "book_valuer_per_share": 12.11,
            "book_valuer_per_share_4q_avg": 11.79,
            "equity": 3386016,
            "current_ratio": 661.99,
            "debt_ratio": 8.65,
            "inventory_turnover_ratio": 1.38,
            "account_receivable_turnover_ratio": null,
            "reinvestment_rate": null,
            "research_to_sale_ratio": null,
            "price_fair": 0,
            "eps_avg_yearly": 0,
            "eps_latest_yearly": 0,
            "eps_growth_yearly": 0
        },
        "20053": {
            "year_quarter": 20053,
            "year": 2005,
            "quarter": 3,
            "eps": 0.08,
            "eps_growth_year": 166.67,
            "eps_4q": 0.27,
            "eps_4q_growth_year": null,
            "roe": 0.62,
            "roe_4q": 2.15,
            "gross_profit": 19471,
            "gross_margin": 25.98,
            "gross_margin_4q_avg": 26.24,
            "net_income": 21045,
            "revenue": 74949,
            "common_shares": 2797144,
            "book_valuer_per_share": 12.21,
            "book_valuer_per_share_4q_avg": 11.76,
            "equity": 3415206,
            "current_ratio": 1023.48,
            "debt_ratio": 6.18,
            "inventory_turnover_ratio": 0.98,
            "account_receivable_turnover_ratio": null,
            "reinvestment_rate": null,
            "research_to_sale_ratio": null,
            "price_fair": 0.96,
            "eps_avg_yearly": 0.32,
            "eps_latest_yearly": 0.32,
            "eps_growth_yearly": -363.22
        },
        "20054": {
            "year_quarter": 20054,
            "year": 2005,
            "quarter": 4,
            "eps": -0.08,
            "eps_growth_year": null,
            "eps_4q": 0.59,
            "eps_4q_growth_year": null,
            "roe": -0.66,
            "roe_4q": 5.26,
            "gross_profit": 24782,
            "gross_margin": 29.85,
            "gross_margin_4q_avg": 27.75,
            "net_income": -22503,
            "revenue": 83009,
            "common_shares": 2797144,
            "book_valuer_per_share": 12.17,
            "book_valuer_per_share_4q_avg": 11.93,
            "equity": 3426340,
            "current_ratio": 857.27,
            "debt_ratio": 7.24,
            "inventory_turnover_ratio": 1.15,
            "account_receivable_turnover_ratio": null,
            "reinvestment_rate": null,
            "research_to_sale_ratio": null,
            "price_fair": 0.96,
            "eps_avg_yearly": 0.32,
            "eps_latest_yearly": 0.32,
            "eps_growth_yearly": -363.22
        },
        "20061": {
            "year_quarter": 20061,
            "year": 2006,
            "quarter": 1,
            "eps": -0.33,
            "eps_growth_year": null,
            "eps_4q": 0.54,
            "eps_4q_growth_year": null,
            "roe": -2.7,
            "roe_4q": 4.569999999999999,
            "gross_profit": 17176,
            "gross_margin": 28.95,
            "gross_margin_4q_avg": 28.08,
            "net_income": -90435,
            "revenue": 59329,
            "common_shares": 2797144,
            "book_valuer_per_share": 11.68,
            "book_valuer_per_share_4q_avg": 12.04,
            "equity": 3268257,
            "current_ratio": 972.1,
            "debt_ratio": 6.35,
            "inventory_turnover_ratio": 0.8,
            "account_receivable_turnover_ratio": null,
            "reinvestment_rate": null,
            "research_to_sale_ratio": null,
            "price_fair": 0.96,
            "eps_avg_yearly": 0.32,
            "eps_latest_yearly": 0.32,
            "eps_growth_yearly": -363.22
        },
        "20062": {
            "year_quarter": 20062,
            "year": 2006,
            "quarter": 2,
            "eps": -0.19,
            "eps_growth_year": -121.84,
            "eps_4q": -0.9,
            "eps_4q_growth_year": -531.12,
            "roe": -1.96,
            "roe_4q": -4.7,
            "gross_profit": 23734,
            "gross_margin": 31.06,
            "gross_margin_4q_avg": 28.96,
            "net_income": -51482,
            "revenue": 76404,
            "common_shares": 1594290,
            "book_valuer_per_share": 12.52,
            "book_valuer_per_share_4q_avg": 12.15,
            "equity": 1995611,
            "current_ratio": 117.03,
            "debt_ratio": 39.06,
            "inventory_turnover_ratio": 0.92,
            "account_receivable_turnover_ratio": null,
            "reinvestment_rate": null,
            "research_to_sale_ratio": null,
            "price_fair": 0.96,
            "eps_avg_yearly": 0.32,
            "eps_latest_yearly": 0.32,
            "eps_growth_yearly": -363.22
        },
        "20063": {
            "year_quarter": 20063,
            "year": 2006,
            "quarter": 3,
            "eps": -0.24,
            "eps_growth_year": -400,
            "eps_4q": -1.38,
            "eps_4q_growth_year": -615.29,
            "roe": -2.83,
            "roe_4q": -8.15,
            "gross_profit": 31179,
            "gross_margin": 31.7,
            "gross_margin_4q_avg": 30.39,
            "net_income": -55710,
            "revenue": 98358,
            "common_shares": 1594290,
            "book_valuer_per_share": 12.19,
            "book_valuer_per_share_4q_avg": 12.14,
            "equity": 1943811,
            "current_ratio": 201.22,
            "debt_ratio": 11.35,
            "inventory_turnover_ratio": 1.03,
            "account_receivable_turnover_ratio": null,
            "reinvestment_rate": null,
            "research_to_sale_ratio": null,
            "price_fair": 0.96,
            "eps_avg_yearly": 0.32,
            "eps_latest_yearly": 0.32,
            "eps_growth_yearly": -363.22
        },
        "20064": {
            "year_quarter": 20064,
            "year": 2006,
            "quarter": 4,
            "eps": -0.32,
            "eps_growth_year": null,
            "eps_4q": -1.27,
            "eps_4q_growth_year": -315.27,
            "roe": -3.63,
            "roe_4q": -11.120000000000001,
            "gross_profit": 26973,
            "gross_margin": 32.84,
            "gross_margin_4q_avg": 31.14,
            "net_income": -70121,
            "revenue": 82131,
            "common_shares": 1598540,
            "book_valuer_per_share": 11.81,
            "book_valuer_per_share_4q_avg": 12.05,
            "equity": 1919830,
            "current_ratio": 292.44,
            "debt_ratio": 9.22,
            "inventory_turnover_ratio": 0.76,
            "account_receivable_turnover_ratio": null,
            "reinvestment_rate": null,
            "research_to_sale_ratio": null,
            "price_fair": 0.96,
            "eps_avg_yearly": 0.32,
            "eps_latest_yearly": 0.32,
            "eps_growth_yearly": -363.22
        },
        "20071": {
            "year_quarter": 20071,
            "year": 2007,
            "quarter": 1,
            "eps": -0.2,
            "eps_growth_year": null,
            "eps_4q": -1.33,
            "eps_4q_growth_year": -347.77,
            "roe": -1.66,
            "roe_4q": -10.080000000000002,
            "gross_profit": 19432,
            "gross_margin": 31.49,
            "gross_margin_4q_avg": 31.77,
            "net_income": -31459,
            "revenue": 61705,
            "common_shares": 1606300,
            "book_valuer_per_share": 11.66,
            "book_valuer_per_share_4q_avg": 12.05,
            "equity": 1872918,
            "current_ratio": 298.26,
            "debt_ratio": 6.39,
            "inventory_turnover_ratio": 0.63,
            "account_receivable_turnover_ratio": null,
            "reinvestment_rate": null,
            "research_to_sale_ratio": null,
            "price_fair": 0.96,
            "eps_avg_yearly": 0.32,
            "eps_latest_yearly": 0.32,
            "eps_growth_yearly": -363.22
        },
        "20072": {
            "year_quarter": 20072,
            "year": 2007,
            "quarter": 2,
            "eps": -0.02,
            "eps_growth_year": null,
            "eps_4q": -1,
            "eps_4q_growth_year": null,
            "roe": -0.17,
            "roe_4q": -8.29,
            "gross_profit": 37838,
            "gross_margin": 36.04,
            "gross_margin_4q_avg": 33.02,
            "net_income": -3113,
            "revenue": 105003,
            "common_shares": 1606300,
            "book_valuer_per_share": 11.71,
            "book_valuer_per_share_4q_avg": 11.84,
            "equity": 1880377,
            "current_ratio": 296.54,
            "debt_ratio": 7.07,
            "inventory_turnover_ratio": 1.21,
            "account_receivable_turnover_ratio": null,
            "reinvestment_rate": null,
            "research_to_sale_ratio": null,
            "price_fair": 0.96,
            "eps_avg_yearly": 0.32,
            "eps_latest_yearly": 0.32,
            "eps_growth_yearly": -363.22
        },
        "20073": {
            "year_quarter": 20073,
            "year": 2007,
            "quarter": 3,
            "eps": -0.1,
            "eps_growth_year": null,
            "eps_4q": -0.74,
            "eps_4q_growth_year": null,
            "roe": -0.8,
            "roe_4q": -6.26,
            "gross_profit": 33906,
            "gross_margin": 39.31,
            "gross_margin_4q_avg": 34.92,
            "net_income": -14893,
            "revenue": 86260,
            "common_shares": 1612300,
            "book_valuer_per_share": 11.56,
            "book_valuer_per_share_4q_avg": 11.69,
            "equity": 1864469,
            "current_ratio": 290.26,
            "debt_ratio": 6.86,
            "inventory_turnover_ratio": 1,
            "account_receivable_turnover_ratio": null,
            "reinvestment_rate": null,
            "research_to_sale_ratio": null,
            "price_fair": 0.96,
            "eps_avg_yearly": 0.32,
            "eps_latest_yearly": 0.32,
            "eps_growth_yearly": -363.22
        },
        "20074": {
            "year_quarter": 20074,
            "year": 2007,
            "quarter": 4,
            "eps": -0.25,
            "eps_growth_year": null,
            "eps_4q": -0.6,
            "eps_4q_growth_year": null,
            "roe": -2.13,
            "roe_4q": -4.76,
            "gross_profit": 32805,
            "gross_margin": 37.63,
            "gross_margin_4q_avg": 36.12,
            "net_income": -39679,
            "revenue": 87167,
            "common_shares": 1614300,
            "book_valuer_per_share": 11.28,
            "book_valuer_per_share_4q_avg": 11.55,
            "equity": 1857309,
            "current_ratio": 230.37,
            "debt_ratio": 11.55,
            "inventory_turnover_ratio": 0.96,
            "account_receivable_turnover_ratio": null,
            "reinvestment_rate": null,
            "research_to_sale_ratio": null,
            "price_fair": 0.96,
            "eps_avg_yearly": 0.32,
            "eps_latest_yearly": 0.32,
            "eps_growth_yearly": -363.22
        },
        "20081": {
            "year_quarter": 20081,
            "year": 2008,
            "quarter": 1,
            "eps": -0.19,
            "eps_growth_year": null,
            "eps_4q": -0.53,
            "eps_4q_growth_year": null,
            "roe": -1.73,
            "roe_4q": -4.83,
            "gross_profit": 24704,
            "gross_margin": 16.66,
            "gross_margin_4q_avg": 32.41,
            "net_income": -31690,
            "revenue": 148281,
            "common_shares": 1621400,
            "book_valuer_per_share": 10.98,
            "book_valuer_per_share_4q_avg": 11.38,
            "equity": 1816061,
            "current_ratio": 264.81,
            "debt_ratio": 9.48,
            "inventory_turnover_ratio": 2.22,
            "account_receivable_turnover_ratio": null,
            "reinvestment_rate": null,
            "research_to_sale_ratio": null,
            "price_fair": 0.96,
            "eps_avg_yearly": 0.32,
            "eps_latest_yearly": 0.32,
            "eps_growth_yearly": -363.22
        },
        "20082": {
            "year_quarter": 20082,
            "year": 2008,
            "quarter": 2,
            "eps": -0.21,
            "eps_growth_year": null,
            "eps_4q": -0.73,
            "eps_4q_growth_year": null,
            "roe": -1.81,
            "roe_4q": -6.47,
            "gross_profit": 35775,
            "gross_margin": 16.35,
            "gross_margin_4q_avg": 27.49,
            "net_income": -32492,
            "revenue": 218846,
            "common_shares": 1621400,
            "book_valuer_per_share": 10.7,
            "book_valuer_per_share_4q_avg": 11.13,
            "equity": 1768300,
            "current_ratio": 217.37,
            "debt_ratio": 11.58,
            "inventory_turnover_ratio": 3.49,
            "account_receivable_turnover_ratio": null,
            "reinvestment_rate": null,
            "research_to_sale_ratio": null,
            "price_fair": 0.96,
            "eps_avg_yearly": 0.32,
            "eps_latest_yearly": 0.32,
            "eps_growth_yearly": -363.22
        },
        "20083": {
            "year_quarter": 20083,
            "year": 2008,
            "quarter": 3,
            "eps": -0.15,
            "eps_growth_year": null,
            "eps_4q": -0.79,
            "eps_4q_growth_year": null,
            "roe": -1.26,
            "roe_4q": -6.930000000000001,
            "gross_profit": 43029,
            "gross_margin": 17.78,
            "gross_margin_4q_avg": 22.11,
            "net_income": -22152,
            "revenue": 242008,
            "common_shares": 1621400,
            "book_valuer_per_share": 10.62,
            "book_valuer_per_share_4q_avg": 10.9,
            "equity": 1754547,
            "current_ratio": 187.15,
            "debt_ratio": 14.16,
            "inventory_turnover_ratio": 3.52,
            "account_receivable_turnover_ratio": null,
            "reinvestment_rate": null,
            "research_to_sale_ratio": null,
            "price_fair": 0.96,
            "eps_avg_yearly": 0.32,
            "eps_latest_yearly": 0.32,
            "eps_growth_yearly": -363.22
        },
        "20084": {
            "year_quarter": 20084,
            "year": 2008,
            "quarter": 4,
            "eps": -1.24,
            "eps_growth_year": null,
            "eps_4q": -1.8,
            "eps_4q_growth_year": null,
            "roe": -12.09,
            "roe_4q": -16.89,
            "gross_profit": 14041,
            "gross_margin": 14.43,
            "gross_margin_4q_avg": 16.31,
            "net_income": -197410,
            "revenue": 97292,
            "common_shares": 1621800,
            "book_valuer_per_share": 9.11,
            "book_valuer_per_share_4q_avg": 10.35,
            "equity": 1509968,
            "current_ratio": 67.12,
            "debt_ratio": 18.26,
            "inventory_turnover_ratio": 1.32,
            "account_receivable_turnover_ratio": 5.92,
            "reinvestment_rate": null,
            "research_to_sale_ratio": null,
            "price_fair": 0.96,
            "eps_avg_yearly": 0.32,
            "eps_latest_yearly": 0.32,
            "eps_growth_yearly": -363.22
        },
        "20091": {
            "year_quarter": 20091,
            "year": 2009,
            "quarter": 1,
            "eps": -0.33,
            "eps_growth_year": null,
            "eps_4q": -1.89,
            "eps_4q_growth_year": null,
            "roe": -3.81,
            "roe_4q": -18.97,
            "gross_profit": 20015,
            "gross_margin": 25.45,
            "gross_margin_4q_avg": 18.5,
            "net_income": -54898,
            "revenue": 78650,
            "common_shares": 1621800,
            "book_valuer_per_share": 8.83,
            "book_valuer_per_share_4q_avg": 9.82,
            "equity": 1371894,
            "current_ratio": 60.75,
            "debt_ratio": 22.84,
            "inventory_turnover_ratio": 1.01,
            "account_receivable_turnover_ratio": 2,
            "reinvestment_rate": null,
            "research_to_sale_ratio": null,
            "price_fair": 0.96,
            "eps_avg_yearly": 0.32,
            "eps_latest_yearly": 0.32,
            "eps_growth_yearly": -363.22
        },
        "20092": {
            "year_quarter": 20092,
            "year": 2009,
            "quarter": 2,
            "eps": 0.01,
            "eps_growth_year": null,
            "eps_4q": -1.68,
            "eps_4q_growth_year": null,
            "roe": 0.12,
            "roe_4q": -17.04,
            "gross_profit": 67253,
            "gross_margin": 35.02,
            "gross_margin_4q_avg": 23.17,
            "net_income": 1724,
            "revenue": 192039,
            "common_shares": 1621800,
            "book_valuer_per_share": 8.86,
            "book_valuer_per_share_4q_avg": 9.36,
            "equity": 1467393,
            "current_ratio": 62.25,
            "debt_ratio": 23.98,
            "inventory_turnover_ratio": 2.35,
            "account_receivable_turnover_ratio": 3.35,
            "reinvestment_rate": null,
            "research_to_sale_ratio": null,
            "price_fair": 0.96,
            "eps_avg_yearly": 0.32,
            "eps_latest_yearly": 0.32,
            "eps_growth_yearly": -363.22
        },
        "20093": {
            "year_quarter": 20093,
            "year": 2009,
            "quarter": 3,
            "eps": -0.17,
            "eps_growth_year": null,
            "eps_4q": -1.69,
            "eps_4q_growth_year": null,
            "roe": -1.95,
            "roe_4q": -17.73,
            "gross_profit": 37084,
            "gross_margin": 24.67,
            "gross_margin_4q_avg": 24.89,
            "net_income": -27796,
            "revenue": 150312,
            "common_shares": 1625940,
            "book_valuer_per_share": 8.78,
            "book_valuer_per_share_4q_avg": 8.9,
            "equity": 1389374,
            "current_ratio": 84.36,
            "debt_ratio": 27.49,
            "inventory_turnover_ratio": 1.97,
            "account_receivable_turnover_ratio": 2.18,
            "reinvestment_rate": null,
            "research_to_sale_ratio": null,
            "price_fair": 0,
            "eps_avg_yearly": 0,
            "eps_latest_yearly": 0,
            "eps_growth_yearly": 0
        },
        "20094": {
            "year_quarter": 20094,
            "year": 2009,
            "quarter": 4,
            "eps": -0.3,
            "eps_growth_year": null,
            "eps_4q": -0.79,
            "eps_4q_growth_year": null,
            "roe": -3.52,
            "roe_4q": -9.16,
            "gross_profit": 29972,
            "gross_margin": 26.06,
            "gross_margin_4q_avg": 27.8,
            "net_income": -48810,
            "revenue": 115026,
            "common_shares": 1626940,
            "book_valuer_per_share": 8.49,
            "book_valuer_per_share_4q_avg": 8.74,
            "equity": 1385585,
            "current_ratio": 76.63,
            "debt_ratio": 24.54,
            "inventory_turnover_ratio": 1.37,
            "account_receivable_turnover_ratio": 5.02,
            "reinvestment_rate": null,
            "research_to_sale_ratio": null,
            "price_fair": 0,
            "eps_avg_yearly": 0,
            "eps_latest_yearly": 0,
            "eps_growth_yearly": 0
        },
        "20101": {
            "year_quarter": 20101,
            "year": 2010,
            "quarter": 1,
            "eps": -0.23,
            "eps_growth_year": null,
            "eps_4q": -0.68,
            "eps_4q_growth_year": null,
            "roe": -2.66,
            "roe_4q": -8.01,
            "gross_profit": 30897,
            "gross_margin": 29.85,
            "gross_margin_4q_avg": 28.9,
            "net_income": -36426,
            "revenue": 103505,
            "common_shares": 1626940,
            "book_valuer_per_share": 8.26,
            "book_valuer_per_share_4q_avg": 8.6,
            "equity": 1348317,
            "current_ratio": 69.45,
            "debt_ratio": 25.13,
            "inventory_turnover_ratio": 1.15,
            "account_receivable_turnover_ratio": 2.32,
            "reinvestment_rate": null,
            "research_to_sale_ratio": 37.25,
            "price_fair": 0,
            "eps_avg_yearly": 0,
            "eps_latest_yearly": 0,
            "eps_growth_yearly": 0
        },
        "20102": {
            "year_quarter": 20102,
            "year": 2010,
            "quarter": 2,
            "eps": -0.11,
            "eps_growth_year": -1243.3,
            "eps_4q": -0.81,
            "eps_4q_growth_year": null,
            "roe": -1.3,
            "roe_4q": -9.43,
            "gross_profit": 42159,
            "gross_margin": 27.69,
            "gross_margin_4q_avg": 27.07,
            "net_income": -17334,
            "revenue": 152241,
            "common_shares": 1626940,
            "book_valuer_per_share": 8.08,
            "book_valuer_per_share_4q_avg": 8.4,
            "equity": 1321086,
            "current_ratio": 64.48,
            "debt_ratio": 26.49,
            "inventory_turnover_ratio": 2.01,
            "account_receivable_turnover_ratio": 2.78,
            "reinvestment_rate": null,
            "research_to_sale_ratio": 21.39,
            "price_fair": 0,
            "eps_avg_yearly": 0,
            "eps_latest_yearly": 0,
            "eps_growth_yearly": 0
        },
        "20103": {
            "year_quarter": 20103,
            "year": 2010,
            "quarter": 3,
            "eps": -0.03,
            "eps_growth_year": null,
            "eps_4q": -0.67,
            "eps_4q_growth_year": null,
            "roe": -1.74,
            "roe_4q": -9.22,
            "gross_profit": 38490,
            "gross_margin": 30.71,
            "gross_margin_4q_avg": 28.58,
            "net_income": -22953,
            "revenue": 125351,
            "common_shares": 1626940,
            "book_valuer_per_share": 8.02,
            "book_valuer_per_share_4q_avg": 8.21,
            "equity": 1316634,
            "current_ratio": 105.61,
            "debt_ratio": 21.71,
            "inventory_turnover_ratio": 1.4,
            "account_receivable_turnover_ratio": 2.17,
            "reinvestment_rate": null,
            "research_to_sale_ratio": 52.76,
            "price_fair": 0,
            "eps_avg_yearly": 0,
            "eps_latest_yearly": 0,
            "eps_growth_yearly": 0
        },
        "20104": {
            "year_quarter": 20104,
            "year": 2010,
            "quarter": 4,
            "eps": -0.23,
            "eps_growth_year": null,
            "eps_4q": -0.6,
            "eps_4q_growth_year": null,
            "roe": -3.18,
            "roe_4q": -8.879999999999999,
            "gross_profit": 19874,
            "gross_margin": 25.03,
            "gross_margin_4q_avg": 28.32,
            "net_income": -41025,
            "revenue": 79391,
            "common_shares": 1623770,
            "book_valuer_per_share": 7.72,
            "book_valuer_per_share_4q_avg": 8.02,
            "equity": 1266850,
            "current_ratio": 76.55,
            "debt_ratio": 26.98,
            "inventory_turnover_ratio": 0.65,
            "account_receivable_turnover_ratio": 2.18,
            "reinvestment_rate": null,
            "research_to_sale_ratio": 54.3,
            "price_fair": 0,
            "eps_avg_yearly": 0,
            "eps_latest_yearly": 0,
            "eps_growth_yearly": 0
        },
        "20111": {
            "year_quarter": 20111,
            "year": 2011,
            "quarter": 1,
            "eps": -0.19,
            "eps_growth_year": null,
            "eps_4q": -0.53,
            "eps_4q_growth_year": null,
            "roe": -2.4,
            "roe_4q": -8.620000000000001,
            "gross_profit": 30771,
            "gross_margin": 34.95,
            "gross_margin_4q_avg": 29.6,
            "net_income": -30064,
            "revenue": 88045,
            "common_shares": 1623770,
            "book_valuer_per_share": 7.55,
            "book_valuer_per_share_4q_avg": 7.84,
            "equity": 1235908,
            "current_ratio": 114.25,
            "debt_ratio": 27.82,
            "inventory_turnover_ratio": 0.54,
            "account_receivable_turnover_ratio": 3.42,
            "reinvestment_rate": null,
            "research_to_sale_ratio": 45.55,
            "price_fair": 0,
            "eps_avg_yearly": 0,
            "eps_latest_yearly": 0,
            "eps_growth_yearly": 0
        },
        "20112": {
            "year_quarter": 20112,
            "year": 2011,
            "quarter": 2,
            "eps": -0.13,
            "eps_growth_year": null,
            "eps_4q": -0.55,
            "eps_4q_growth_year": null,
            "roe": -1.91,
            "roe_4q": -9.23,
            "gross_profit": 40370,
            "gross_margin": 32.16,
            "gross_margin_4q_avg": 30.71,
            "net_income": -23339,
            "revenue": 125524,
            "common_shares": 1623770,
            "book_valuer_per_share": 7.39,
            "book_valuer_per_share_4q_avg": 7.67,
            "equity": 1211222,
            "current_ratio": 101.37,
            "debt_ratio": 28.52,
            "inventory_turnover_ratio": 0.78,
            "account_receivable_turnover_ratio": 3.75,
            "reinvestment_rate": null,
            "research_to_sale_ratio": 42.42,
            "price_fair": 0,
            "eps_avg_yearly": 0,
            "eps_latest_yearly": 0,
            "eps_growth_yearly": 0
        },
        "20113": {
            "year_quarter": 20113,
            "year": 2011,
            "quarter": 3,
            "eps": -0.2,
            "eps_growth_year": null,
            "eps_4q": -0.71,
            "eps_4q_growth_year": null,
            "roe": -2.68,
            "roe_4q": -10.17,
            "gross_profit": 29796,
            "gross_margin": 28.6,
            "gross_margin_4q_avg": 30.19,
            "net_income": -32006,
            "revenue": 104188,
            "common_shares": 1623770,
            "book_valuer_per_share": 7.18,
            "book_valuer_per_share_4q_avg": 7.46,
            "equity": 1180788,
            "current_ratio": 109.64,
            "debt_ratio": 27.8,
            "inventory_turnover_ratio": 0.75,
            "account_receivable_turnover_ratio": 3,
            "reinvestment_rate": null,
            "research_to_sale_ratio": 23.87,
            "price_fair": 0,
            "eps_avg_yearly": 0,
            "eps_latest_yearly": 0,
            "eps_growth_yearly": 0
        },
        "20114": {
            "year_quarter": 20114,
            "year": 2011,
            "quarter": 4,
            "eps": -0.26,
            "eps_growth_year": null,
            "eps_4q": -0.75,
            "eps_4q_growth_year": null,
            "roe": -3.68,
            "roe_4q": -10.67,
            "gross_profit": 25727,
            "gross_margin": 32.22,
            "gross_margin_4q_avg": 31.98,
            "net_income": -42591,
            "revenue": 79853,
            "common_shares": 1623770,
            "book_valuer_per_share": 6.89,
            "book_valuer_per_share_4q_avg": 7.25,
            "equity": 1136408,
            "current_ratio": 194.08,
            "debt_ratio": 27.33,
            "inventory_turnover_ratio": 0.72,
            "account_receivable_turnover_ratio": 3.15,
            "reinvestment_rate": null,
            "research_to_sale_ratio": 66,
            "price_fair": 0,
            "eps_avg_yearly": 0,
            "eps_latest_yearly": 0,
            "eps_growth_yearly": 0
        },
        "20121": {
            "year_quarter": 20121,
            "year": 2012,
            "quarter": 1,
            "eps": -0.01,
            "eps_growth_year": null,
            "eps_4q": -0.59,
            "eps_4q_growth_year": null,
            "roe": -0.15,
            "roe_4q": -8.42,
            "gross_profit": 48956,
            "gross_margin": 41.5,
            "gross_margin_4q_avg": 33.62,
            "net_income": -1719,
            "revenue": 117965,
            "common_shares": 1623770,
            "book_valuer_per_share": 6.88,
            "book_valuer_per_share_4q_avg": 7.09,
            "equity": 1134893,
            "current_ratio": 211.1,
            "debt_ratio": 27.02,
            "inventory_turnover_ratio": 1.42,
            "account_receivable_turnover_ratio": 4.59,
            "reinvestment_rate": null,
            "research_to_sale_ratio": 19.85,
            "price_fair": 0,
            "eps_avg_yearly": 0,
            "eps_latest_yearly": 0,
            "eps_growth_yearly": 0
        },
        "20122": {
            "year_quarter": 20122,
            "year": 2012,
            "quarter": 2,
            "eps": -0.06,
            "eps_growth_year": null,
            "eps_4q": -0.51,
            "eps_4q_growth_year": null,
            "roe": -0.94,
            "roe_4q": -7.449999999999999,
            "gross_profit": 36094,
            "gross_margin": 41.91,
            "gross_margin_4q_avg": 36.06,
            "net_income": -10601,
            "revenue": 86124,
            "common_shares": 1623770,
            "book_valuer_per_share": 6.8,
            "book_valuer_per_share_4q_avg": 6.94,
            "equity": 1124046,
            "current_ratio": 190.95,
            "debt_ratio": 27.19,
            "inventory_turnover_ratio": 1.08,
            "account_receivable_turnover_ratio": 2.84,
            "reinvestment_rate": null,
            "research_to_sale_ratio": 51.47,
            "price_fair": 0,
            "eps_avg_yearly": 0,
            "eps_latest_yearly": 0,
            "eps_growth_yearly": 0
        },
        "20123": {
            "year_quarter": 20123,
            "year": 2012,
            "quarter": 3,
            "eps": -0.08,
            "eps_growth_year": null,
            "eps_4q": -0.39,
            "eps_4q_growth_year": null,
            "roe": -1.13,
            "roe_4q": -5.9,
            "gross_profit": 35670,
            "gross_margin": 45.23,
            "gross_margin_4q_avg": 40.22,
            "net_income": -12623,
            "revenue": 78864,
            "common_shares": 1623770,
            "book_valuer_per_share": 6.72,
            "book_valuer_per_share_4q_avg": 6.82,
            "equity": 1109985,
            "current_ratio": 213.07,
            "debt_ratio": 26.07,
            "inventory_turnover_ratio": 0.81,
            "account_receivable_turnover_ratio": 2.95,
            "reinvestment_rate": null,
            "research_to_sale_ratio": 27.06,
            "price_fair": 0,
            "eps_avg_yearly": 0,
            "eps_latest_yearly": 0,
            "eps_growth_yearly": 0
        },
        "20124": {
            "year_quarter": 20124,
            "year": 2012,
            "quarter": 4,
            "eps": -0.1,
            "eps_growth_year": null,
            "eps_4q": -0.22,
            "eps_4q_growth_year": null,
            "roe": -1.46,
            "roe_4q": -3.6799999999999997,
            "gross_profit": 28882,
            "gross_margin": 38.72,
            "gross_margin_4q_avg": 41.84,
            "net_income": -16056,
            "revenue": 74590,
            "common_shares": 1623770,
            "book_valuer_per_share": 6.62,
            "book_valuer_per_share_4q_avg": 6.76,
            "equity": 1095593,
            "current_ratio": 189.85,
            "debt_ratio": 26.55,
            "inventory_turnover_ratio": 1.09,
            "account_receivable_turnover_ratio": 3.43,
            "reinvestment_rate": null,
            "research_to_sale_ratio": 30.85,
            "price_fair": 0,
            "eps_avg_yearly": 0,
            "eps_latest_yearly": 0,
            "eps_growth_yearly": 0
        },
        "20131": {
            "year_quarter": 20131,
            "year": 2013,
            "quarter": 1,
            "eps": -0.04,
            "eps_growth_year": null,
            "eps_4q": -0.27,
            "eps_4q_growth_year": null,
            "roe": -0.48,
            "roe_4q": -4.01,
            "gross_profit": 30197,
            "gross_margin": 48.29,
            "gross_margin_4q_avg": 43.54,
            "net_income": -7111,
            "revenue": 62535,
            "common_shares": 1623770,
            "book_valuer_per_share": 11.32,
            "book_valuer_per_share_4q_avg": 7.87,
            "equity": 1848399,
            "current_ratio": 202.19,
            "debt_ratio": 18.81,
            "inventory_turnover_ratio": 0.75,
            "account_receivable_turnover_ratio": 3.44,
            "reinvestment_rate": null,
            "research_to_sale_ratio": 32.96,
            "price_fair": 0,
            "eps_avg_yearly": 0,
            "eps_latest_yearly": 0,
            "eps_growth_yearly": 0
        },
        "20132": {
            "year_quarter": 20132,
            "year": 2013,
            "quarter": 2,
            "eps": -0.06,
            "eps_growth_year": null,
            "eps_4q": -0.27,
            "eps_4q_growth_year": null,
            "roe": -0.63,
            "roe_4q": -3.6999999999999997,
            "gross_profit": 29486,
            "gross_margin": 41.13,
            "gross_margin_4q_avg": 43.34,
            "net_income": -11664,
            "revenue": 71696,
            "common_shares": 1623770,
            "book_valuer_per_share": 11.25,
            "book_valuer_per_share_4q_avg": 8.98,
            "equity": 1834446,
            "current_ratio": 184.19,
            "debt_ratio": 18.38,
            "inventory_turnover_ratio": 0.94,
            "account_receivable_turnover_ratio": 4.18,
            "reinvestment_rate": null,
            "research_to_sale_ratio": 27.11,
            "price_fair": 0,
            "eps_avg_yearly": 0,
            "eps_latest_yearly": 0,
            "eps_growth_yearly": 0
        },
        "20133": {
            "year_quarter": 20133,
            "year": 2013,
            "quarter": 3,
            "eps": -0.03,
            "eps_growth_year": null,
            "eps_4q": -0.23,
            "eps_4q_growth_year": null,
            "roe": -0.14,
            "roe_4q": -2.71,
            "gross_profit": 35738,
            "gross_margin": 45.93,
            "gross_margin_4q_avg": 43.52,
            "net_income": -2489,
            "revenue": 77814,
            "common_shares": 1623770,
            "book_valuer_per_share": 11.19,
            "book_valuer_per_share_4q_avg": 10.1,
            "equity": 1826795,
            "current_ratio": 185.88,
            "debt_ratio": 17.13,
            "inventory_turnover_ratio": 1.08,
            "account_receivable_turnover_ratio": 4.49,
            "reinvestment_rate": null,
            "research_to_sale_ratio": 24.96,
            "price_fair": 0,
            "eps_avg_yearly": 0,
            "eps_latest_yearly": 0,
            "eps_growth_yearly": 0
        },
        "20134": {
            "year_quarter": 20134,
            "year": 2013,
            "quarter": 4,
            "eps": -0.09,
            "eps_growth_year": null,
            "eps_4q": -0.22,
            "eps_4q_growth_year": null,
            "roe": -0.82,
            "roe_4q": -2.07,
            "gross_profit": 25545,
            "gross_margin": 38.98,
            "gross_margin_4q_avg": 43.58,
            "net_income": -14921,
            "revenue": 65538,
            "common_shares": 1623770,
            "book_valuer_per_share": 11.07,
            "book_valuer_per_share_4q_avg": 11.21,
            "equity": 1808341,
            "current_ratio": 152.36,
            "debt_ratio": 17.45,
            "inventory_turnover_ratio": 1.23,
            "account_receivable_turnover_ratio": 4.55,
            "reinvestment_rate": null,
            "research_to_sale_ratio": 34.72,
            "price_fair": 0,
            "eps_avg_yearly": 0,
            "eps_latest_yearly": 0,
            "eps_growth_yearly": 0
        },
        "20141": {
            "year_quarter": 20141,
            "year": 2014,
            "quarter": 1,
            "eps": -0.12,
            "eps_growth_year": null,
            "eps_4q": -0.29,
            "eps_4q_growth_year": null,
            "roe": -1.28,
            "roe_4q": -2.87,
            "gross_profit": 14760,
            "gross_margin": 38.78,
            "gross_margin_4q_avg": 41.21,
            "net_income": -22946,
            "revenue": 38060,
            "common_shares": 1623770,
            "book_valuer_per_share": 10.93,
            "book_valuer_per_share_4q_avg": 11.11,
            "equity": 1781154,
            "current_ratio": 118.54,
            "debt_ratio": 18.31,
            "inventory_turnover_ratio": 0.77,
            "account_receivable_turnover_ratio": 3.49,
            "reinvestment_rate": null,
            "research_to_sale_ratio": 56.52,
            "price_fair": 0,
            "eps_avg_yearly": 0,
            "eps_latest_yearly": 0,
            "eps_growth_yearly": 0
        },
        "20142": {
            "year_quarter": 20142,
            "year": 2014,
            "quarter": 2,
            "eps": -0.07,
            "eps_growth_year": null,
            "eps_4q": -0.31,
            "eps_4q_growth_year": null,
            "roe": -0.85,
            "roe_4q": -3.09,
            "gross_profit": 21546,
            "gross_margin": 41.42,
            "gross_margin_4q_avg": 41.28,
            "net_income": -15122,
            "revenue": 52022,
            "common_shares": 1623770,
            "book_valuer_per_share": 10.85,
            "book_valuer_per_share_4q_avg": 11.01,
            "equity": 1765635,
            "current_ratio": 98.72,
            "debt_ratio": 18.43,
            "inventory_turnover_ratio": 0.95,
            "account_receivable_turnover_ratio": 4.32,
            "reinvestment_rate": null,
            "research_to_sale_ratio": 40.78,
            "price_fair": 0,
            "eps_avg_yearly": 0,
            "eps_latest_yearly": 0,
            "eps_growth_yearly": 0
        },
        "20143": {
            "year_quarter": 20143,
            "year": 2014,
            "quarter": 3,
            "eps": -0.05,
            "eps_growth_year": null,
            "eps_4q": -0.33,
            "eps_4q_growth_year": null,
            "roe": -0.52,
            "roe_4q": -3.47,
            "gross_profit": 21352,
            "gross_margin": 41.97,
            "gross_margin_4q_avg": 40.29,
            "net_income": -9164,
            "revenue": 50880,
            "common_shares": 1623770,
            "book_valuer_per_share": 10.79,
            "book_valuer_per_share_4q_avg": 10.91,
            "equity": 1754637,
            "current_ratio": 89.01,
            "debt_ratio": 18.73,
            "inventory_turnover_ratio": 0.91,
            "account_receivable_turnover_ratio": 4.07,
            "reinvestment_rate": null,
            "research_to_sale_ratio": 40.76,
            "price_fair": 0,
            "eps_avg_yearly": 0,
            "eps_latest_yearly": 0,
            "eps_growth_yearly": 0
        },
        "20144": {
            "year_quarter": 20144,
            "year": 2014,
            "quarter": 4,
            "eps": -0.07,
            "eps_growth_year": null,
            "eps_4q": -0.32,
            "eps_4q_growth_year": null,
            "roe": -0.77,
            "roe_4q": -3.42,
            "gross_profit": 22412,
            "gross_margin": 41.44,
            "gross_margin_4q_avg": 40.9,
            "net_income": -13528,
            "revenue": 54085,
            "common_shares": 1623770,
            "book_valuer_per_share": 10.71,
            "book_valuer_per_share_4q_avg": 10.82,
            "equity": 1743438,
            "current_ratio": 79.64,
            "debt_ratio": 19.02,
            "inventory_turnover_ratio": 1.01,
            "account_receivable_turnover_ratio": 4.78,
            "reinvestment_rate": null,
            "research_to_sale_ratio": 40.83,
            "price_fair": 0,
            "eps_avg_yearly": 0,
            "eps_latest_yearly": 0,
            "eps_growth_yearly": 0
        },
        "20151": {
            "year_quarter": 20151,
            "year": 2015,
            "quarter": 1,
            "eps": -0.09,
            "eps_growth_year": null,
            "eps_4q": -0.29,
            "eps_4q_growth_year": null,
            "roe": -1.08,
            "roe_4q": -3.22,
            "gross_profit": 14338,
            "gross_margin": 37.1,
            "gross_margin_4q_avg": 40.48,
            "net_income": -18689,
            "revenue": 38651,
            "common_shares": 1623770,
            "book_valuer_per_share": 10.63,
            "book_valuer_per_share_4q_avg": 10.75,
            "equity": 1724773,
            "current_ratio": 69.21,
            "debt_ratio": 19.33,
            "inventory_turnover_ratio": 0.73,
            "account_receivable_turnover_ratio": 3.81,
            "reinvestment_rate": null,
            "research_to_sale_ratio": 49.63,
            "price_fair": 0,
            "eps_avg_yearly": 0,
            "eps_latest_yearly": 0,
            "eps_growth_yearly": 0
        },
        "20152": {
            "year_quarter": 20152,
            "year": 2015,
            "quarter": 2,
            "eps": -0.04,
            "eps_growth_year": null,
            "eps_4q": -0.26,
            "eps_4q_growth_year": null,
            "roe": -0.51,
            "roe_4q": -2.8800000000000003,
            "gross_profit": 25322,
            "gross_margin": 42.19,
            "gross_margin_4q_avg": 40.68,
            "net_income": -8738,
            "revenue": 60021,
            "common_shares": 1623770,
            "book_valuer_per_share": 10.58,
            "book_valuer_per_share_4q_avg": 10.68,
            "equity": 1715662,
            "current_ratio": 71.98,
            "debt_ratio": 20.03,
            "inventory_turnover_ratio": 0.8,
            "account_receivable_turnover_ratio": 4.71,
            "reinvestment_rate": null,
            "research_to_sale_ratio": 29.22,
            "price_fair": 0,
            "eps_avg_yearly": 0,
            "eps_latest_yearly": 0,
            "eps_growth_yearly": 0
        },
        "20153": {
            "year_quarter": 20153,
            "year": 2015,
            "quarter": 3,
            "eps": -0.02,
            "eps_growth_year": null,
            "eps_4q": -0.22,
            "eps_4q_growth_year": null,
            "roe": -0.22,
            "roe_4q": -2.58,
            "gross_profit": 25121,
            "gross_margin": 40.97,
            "gross_margin_4q_avg": 40.43,
            "net_income": -3753,
            "revenue": 61314,
            "common_shares": 1623770,
            "book_valuer_per_share": 10.55,
            "book_valuer_per_share_4q_avg": 10.62,
            "equity": 1710926,
            "current_ratio": 68.2,
            "debt_ratio": 20.45,
            "inventory_turnover_ratio": 0.73,
            "account_receivable_turnover_ratio": 3.57,
            "reinvestment_rate": null,
            "research_to_sale_ratio": 27.59,
            "price_fair": 0,
            "eps_avg_yearly": 0,
            "eps_latest_yearly": 0,
            "eps_growth_yearly": 0
        },
        "20154": {
            "year_quarter": 20154,
            "year": 2015,
            "quarter": 4,
            "eps": -0.06,
            "eps_growth_year": null,
            "eps_4q": -0.21,
            "eps_4q_growth_year": null,
            "roe": -0.79,
            "roe_4q": -2.6,
            "gross_profit": 21632,
            "gross_margin": 40.48,
            "gross_margin_4q_avg": 40.19,
            "net_income": -13523,
            "revenue": 53441,
            "common_shares": 1623770,
            "book_valuer_per_share": 10.44,
            "book_valuer_per_share_4q_avg": 10.55,
            "equity": 1691465,
            "current_ratio": 60.23,
            "debt_ratio": 20.76,
            "inventory_turnover_ratio": 0.68,
            "account_receivable_turnover_ratio": 3.3,
            "reinvestment_rate": null,
            "research_to_sale_ratio": 30.25,
            "price_fair": 0,
            "eps_avg_yearly": 0,
            "eps_latest_yearly": 0,
            "eps_growth_yearly": 0
        },
        "20161": {
            "year_quarter": 20161,
            "year": 2016,
            "quarter": 1,
            "eps": -0.06,
            "eps_growth_year": null,
            "eps_4q": -0.18,
            "eps_4q_growth_year": null,
            "roe": -0.67,
            "roe_4q": -2.19,
            "gross_profit": 15640,
            "gross_margin": 38.94,
            "gross_margin_4q_avg": 40.65,
            "net_income": -11295,
            "revenue": 40162,
            "common_shares": 1623770,
            "book_valuer_per_share": 10.38,
            "book_valuer_per_share_4q_avg": 10.49,
            "equity": 1680571,
            "current_ratio": 52.41,
            "debt_ratio": 20.4,
            "inventory_turnover_ratio": 0.6,
            "account_receivable_turnover_ratio": 3.54,
            "reinvestment_rate": null,
            "research_to_sale_ratio": 38.22,
            "price_fair": 0,
            "eps_avg_yearly": 0,
            "eps_latest_yearly": 0,
            "eps_growth_yearly": 0
        },
        "20162": {
            "year_quarter": 20162,
            "year": 2016,
            "quarter": 2,
            "eps": -0.05,
            "eps_growth_year": null,
            "eps_4q": -0.19,
            "eps_4q_growth_year": null,
            "roe": -0.61,
            "roe_4q": -2.2900000000000005,
            "gross_profit": 18859,
            "gross_margin": 42.76,
            "gross_margin_4q_avg": 40.79,
            "net_income": -10146,
            "revenue": 44102,
            "common_shares": 1623770,
            "book_valuer_per_share": 10.33,
            "book_valuer_per_share_4q_avg": 10.43,
            "equity": 1670593,
            "current_ratio": 57.41,
            "debt_ratio": 20.58,
            "inventory_turnover_ratio": 0.76,
            "account_receivable_turnover_ratio": 4.13,
            "reinvestment_rate": null,
            "research_to_sale_ratio": 34.9,
            "price_fair": 0,
            "eps_avg_yearly": 0,
            "eps_latest_yearly": 0,
            "eps_growth_yearly": 0
        },
        "20163": {
            "year_quarter": 20163,
            "year": 2016,
            "quarter": 3,
            "eps": -0.04,
            "eps_growth_year": null,
            "eps_4q": -0.21,
            "eps_4q_growth_year": null,
            "roe": -0.52,
            "roe_4q": -2.59,
            "gross_profit": 23167,
            "gross_margin": 42.49,
            "gross_margin_4q_avg": 41.17,
            "net_income": -8708,
            "revenue": 54518,
            "common_shares": 1623770,
            "book_valuer_per_share": 10.31,
            "book_valuer_per_share_4q_avg": 10.37,
            "equity": 1665850,
            "current_ratio": 54.1,
            "debt_ratio": 20.78,
            "inventory_turnover_ratio": 1.09,
            "account_receivable_turnover_ratio": 3.04,
            "reinvestment_rate": null,
            "research_to_sale_ratio": 26.87,
            "price_fair": 0,
            "eps_avg_yearly": 0,
            "eps_latest_yearly": 0,
            "eps_growth_yearly": 0
        },
        "20164": {
            "year_quarter": 20164,
            "year": 2016,
            "quarter": 4,
            "eps": -0.03,
            "eps_growth_year": null,
            "eps_4q": -0.17,
            "eps_4q_growth_year": null,
            "roe": -0.44,
            "roe_4q": -2.2399999999999998,
            "gross_profit": 20968,
            "gross_margin": 43.4,
            "gross_margin_4q_avg": 41.9,
            "net_income": -7361,
            "revenue": 48311,
            "common_shares": 1623770,
            "book_valuer_per_share": 10.28,
            "book_valuer_per_share_4q_avg": 10.33,
            "equity": 1658595,
            "current_ratio": 91.91,
            "debt_ratio": 21.62,
            "inventory_turnover_ratio": 0.77,
            "account_receivable_turnover_ratio": 2.55,
            "reinvestment_rate": null,
            "research_to_sale_ratio": 31,
            "price_fair": 0,
            "eps_avg_yearly": 0,
            "eps_latest_yearly": 0,
            "eps_growth_yearly": 0
        },
        "20171": {
            "year_quarter": 20171,
            "year": 2017,
            "quarter": 1,
            "eps": 0.22,
            "eps_growth_year": null,
            "eps_4q": 0.11,
            "eps_4q_growth_year": null,
            "roe": 1.99,
            "roe_4q": 0.42000000000000004,
            "gross_profit": 12566,
            "gross_margin": 38.4,
            "gross_margin_4q_avg": 41.76,
            "net_income": 33481,
            "revenue": 32720,
            "common_shares": 1623770,
            "book_valuer_per_share": 10.54,
            "book_valuer_per_share_4q_avg": 10.37,
            "equity": 1698369,
            "current_ratio": 122.26,
            "debt_ratio": 18.34,
            "inventory_turnover_ratio": 0.44,
            "account_receivable_turnover_ratio": 2.04,
            "reinvestment_rate": null,
            "research_to_sale_ratio": 42.48,
            "price_fair": 0,
            "eps_avg_yearly": 0,
            "eps_latest_yearly": 0,
            "eps_growth_yearly": 0
        },
        "20172": {
            "year_quarter": 20172,
            "year": 2017,
            "quarter": 2,
            "eps": -0.1,
            "eps_growth_year": null,
            "eps_4q": 0.06,
            "eps_4q_growth_year": null,
            "roe": -1.04,
            "roe_4q": -0.010000000000000009,
            "gross_profit": 11951,
            "gross_margin": 41.78,
            "gross_margin_4q_avg": 41.52,
            "net_income": -17510,
            "revenue": 28608,
            "common_shares": 1623770,
            "book_valuer_per_share": 10.44,
            "book_valuer_per_share_4q_avg": 10.39,
            "equity": 1680906,
            "current_ratio": 149.7,
            "debt_ratio": 14.14,
            "inventory_turnover_ratio": 0.35,
            "account_receivable_turnover_ratio": 1.88,
            "reinvestment_rate": null,
            "research_to_sale_ratio": 56.79,
            "price_fair": 0,
            "eps_avg_yearly": 0,
            "eps_latest_yearly": 0,
            "eps_growth_yearly": 0
        },
        "20173": {
            "year_quarter": 20173,
            "year": 2017,
            "quarter": 3,
            "eps": -0.11,
            "eps_growth_year": null,
            "eps_4q": -0.02,
            "eps_4q_growth_year": null,
            "roe": -1.19,
            "roe_4q": -0.6799999999999999,
            "gross_profit": 7905,
            "gross_margin": 33.52,
            "gross_margin_4q_avg": 39.28,
            "net_income": -19823,
            "revenue": 23581,
            "common_shares": 1623770,
            "book_valuer_per_share": 10.32,
            "book_valuer_per_share_4q_avg": 10.4,
            "equity": 1661106,
            "current_ratio": 133.45,
            "debt_ratio": 14.38,
            "inventory_turnover_ratio": 0.37,
            "account_receivable_turnover_ratio": 2.34,
            "reinvestment_rate": null,
            "research_to_sale_ratio": 72.18,
            "price_fair": 0,
            "eps_avg_yearly": 0,
            "eps_latest_yearly": 0,
            "eps_growth_yearly": 0
        },
        "20174": {
            "year_quarter": 20174,
            "year": 2017,
            "quarter": 4,
            "eps": -0.12,
            "eps_growth_year": null,
            "eps_4q": -0.11,
            "eps_4q_growth_year": null,
            "roe": -1.25,
            "roe_4q": -1.49,
            "gross_profit": 8475,
            "gross_margin": 34.44,
            "gross_margin_4q_avg": 37.04,
            "net_income": -20645,
            "revenue": 24605,
            "common_shares": 1623770,
            "book_valuer_per_share": 10.17,
            "book_valuer_per_share_4q_avg": 10.37,
            "equity": 1640523,
            "current_ratio": 154.11,
            "debt_ratio": 15.46,
            "inventory_turnover_ratio": 0.44,
            "account_receivable_turnover_ratio": 2.76,
            "reinvestment_rate": null,
            "research_to_sale_ratio": 59.44,
            "price_fair": 0,
            "eps_avg_yearly": 0,
            "eps_latest_yearly": 0,
            "eps_growth_yearly": 0
        },
        "20181": {
            "year_quarter": 20181,
            "year": 2018,
            "quarter": 1,
            "eps": -0.09,
            "eps_growth_year": -140.91,
            "eps_4q": -0.43,
            "eps_4q_growth_year": -500.58,
            "roe": -0.96,
            "roe_4q": -4.4399999999999995,
            "gross_profit": 8913,
            "gross_margin": 37.5,
            "gross_margin_4q_avg": 36.81,
            "net_income": -15653,
            "revenue": 23765,
            "common_shares": 1623770,
            "book_valuer_per_share": 10.08,
            "book_valuer_per_share_4q_avg": 10.25,
            "equity": 1624861,
            "current_ratio": 138.74,
            "debt_ratio": 15.64,
            "inventory_turnover_ratio": 0.53,
            "account_receivable_turnover_ratio": 2.41,
            "reinvestment_rate": null,
            "research_to_sale_ratio": 58.12,
            "price_fair": 0,
            "eps_avg_yearly": 0,
            "eps_latest_yearly": 0,
            "eps_growth_yearly": 0
        },
        "20182": {
            "year_quarter": 20182,
            "year": 2018,
            "quarter": 2,
            "eps": -0.11,
            "eps_growth_year": null,
            "eps_4q": -0.43,
            "eps_4q_growth_year": -886.18,
            "roe": -1.09,
            "roe_4q": -4.49,
            "gross_profit": 9148,
            "gross_margin": 43.78,
            "gross_margin_4q_avg": 37.31,
            "net_income": -17610,
            "revenue": 20896,
            "common_shares": 1623770,
            "book_valuer_per_share": 9.97,
            "book_valuer_per_share_4q_avg": 10.14,
            "equity": 1607244,
            "current_ratio": 116.29,
            "debt_ratio": 16.54,
            "inventory_turnover_ratio": 0.53,
            "account_receivable_turnover_ratio": 2.17,
            "reinvestment_rate": null,
            "research_to_sale_ratio": 70.89,
            "price_fair": 0,
            "eps_avg_yearly": 0,
            "eps_latest_yearly": 0,
            "eps_growth_yearly": 0
        },
        "20183": {
            "year_quarter": 20183,
            "year": 2018,
            "quarter": 3,
            "eps": 0,
            "eps_growth_year": null,
            "eps_4q": -0.32,
            "eps_4q_growth_year": null,
            "roe": -0.12,
            "roe_4q": -3.42,
            "gross_profit": 9921,
            "gross_margin": 47.69,
            "gross_margin_4q_avg": 40.85,
            "net_income": -1889,
            "revenue": 20803,
            "common_shares": 1623770,
            "book_valuer_per_share": 9.97,
            "book_valuer_per_share_4q_avg": 10.05,
            "equity": 1605268,
            "current_ratio": 118.01,
            "debt_ratio": 13.99,
            "inventory_turnover_ratio": 0.55,
            "account_receivable_turnover_ratio": 1.95,
            "reinvestment_rate": null,
            "research_to_sale_ratio": 69.48,
            "price_fair": 0,
            "eps_avg_yearly": 0,
            "eps_latest_yearly": 0,
            "eps_growth_yearly": 0
        },
        "20184": {
            "year_quarter": 20184,
            "year": 2018,
            "quarter": 4,
            "eps": -0.1,
            "eps_growth_year": null,
            "eps_4q": -0.3,
            "eps_4q_growth_year": null,
            "roe": -1.05,
            "roe_4q": -3.2199999999999998,
            "gross_profit": 6395,
            "gross_margin": 39.12,
            "gross_margin_4q_avg": 42.02,
            "net_income": -16822,
            "revenue": 16348,
            "common_shares": 1623770,
            "book_valuer_per_share": 9.87,
            "book_valuer_per_share_4q_avg": 9.97,
            "equity": 1590223,
            "current_ratio": 92.71,
            "debt_ratio": 14.43,
            "inventory_turnover_ratio": 0.59,
            "account_receivable_turnover_ratio": 1.83,
            "reinvestment_rate": null,
            "research_to_sale_ratio": 89.24,
            "price_fair": 0,
            "eps_avg_yearly": 0,
            "eps_latest_yearly": 0,
            "eps_growth_yearly": 0
        },
        "20191": {
            "year_quarter": 20191,
            "year": 2019,
            "quarter": 1,
            "eps": -0.07,
            "eps_growth_year": null,
            "eps_4q": -0.28,
            "eps_4q_growth_year": null,
            "roe": -0.81,
            "roe_4q": -3.0700000000000003,
            "gross_profit": 5177,
            "gross_margin": 38.09,
            "gross_margin_4q_avg": 42.17,
            "net_income": -12759,
            "revenue": 13592,
            "common_shares": 1623770,
            "book_valuer_per_share": 9.8,
            "book_valuer_per_share_4q_avg": 9.9,
            "equity": 1577522,
            "current_ratio": 76.55,
            "debt_ratio": 14.88,
            "inventory_turnover_ratio": 0.52,
            "account_receivable_turnover_ratio": 2.01,
            "reinvestment_rate": null,
            "research_to_sale_ratio": 96.63,
            "price_fair": 0,
            "eps_avg_yearly": 0,
            "eps_latest_yearly": 0,
            "eps_growth_yearly": 0
        },
        "20192": {
            "year_quarter": 20192,
            "year": 2019,
            "quarter": 2,
            "eps": -0.1,
            "eps_growth_year": null,
            "eps_4q": -0.28,
            "eps_4q_growth_year": null,
            "roe": -1.03,
            "roe_4q": -3.0100000000000002,
            "gross_profit": 6978,
            "gross_margin": 50.85,
            "gross_margin_4q_avg": 43.94,
            "net_income": -16186,
            "revenue": 13724,
            "common_shares": 1623770,
            "book_valuer_per_share": 9.7,
            "book_valuer_per_share_4q_avg": 9.84,
            "equity": 1561308,
            "current_ratio": 65.07,
            "debt_ratio": 15.73,
            "inventory_turnover_ratio": 0.39,
            "account_receivable_turnover_ratio": 2.44,
            "reinvestment_rate": null,
            "research_to_sale_ratio": 99.22,
            "price_fair": 0,
            "eps_avg_yearly": 0,
            "eps_latest_yearly": 0,
            "eps_growth_yearly": 0
        },
        "20193": {
            "year_quarter": 20193,
            "year": 2019,
            "quarter": 3,
            "eps": -0.11,
            "eps_growth_year": null,
            "eps_4q": -0.38,
            "eps_4q_growth_year": null,
            "roe": -1.14,
            "roe_4q": -4.03,
            "gross_profit": 5406,
            "gross_margin": 39.94,
            "gross_margin_4q_avg": 42,
            "net_income": -17735,
            "revenue": 13537,
            "common_shares": 1623770,
            "book_valuer_per_share": 9.59,
            "book_valuer_per_share_4q_avg": 9.74,
            "equity": 1543503,
            "current_ratio": 55.99,
            "debt_ratio": 16.5,
            "inventory_turnover_ratio": 0.48,
            "account_receivable_turnover_ratio": 2.32,
            "reinvestment_rate": null,
            "research_to_sale_ratio": 105.95,
            "price_fair": 0,
            "eps_avg_yearly": 0,
            "eps_latest_yearly": 0,
            "eps_growth_yearly": 0
        },
        "20194": {
            "year_quarter": 20194,
            "year": 2019,
            "quarter": 4,
            "eps": -0.11,
            "eps_growth_year": null,
            "eps_4q": -0.39,
            "eps_4q_growth_year": null,
            "roe": -1.27,
            "roe_4q": -4.25,
            "gross_profit": 6164,
            "gross_margin": 38.59,
            "gross_margin_4q_avg": 41.87,
            "net_income": -19425,
            "revenue": 15972,
            "common_shares": 1623770,
            "book_valuer_per_share": 9.48,
            "book_valuer_per_share_4q_avg": 9.64,
            "equity": 1525368,
            "current_ratio": 48.42,
            "debt_ratio": 17.43,
            "inventory_turnover_ratio": 0.62,
            "account_receivable_turnover_ratio": 2.58,
            "reinvestment_rate": null,
            "research_to_sale_ratio": 81.24,
            "price_fair": 0,
            "eps_avg_yearly": 0,
            "eps_latest_yearly": 0,
            "eps_growth_yearly": 0
        },
        "20201": {
            "year_quarter": 20201,
            "year": 2020,
            "quarter": 1,
            "eps": -0.08,
            "eps_growth_year": null,
            "eps_4q": -0.4,
            "eps_4q_growth_year": null,
            "roe": -0.95,
            "roe_4q": -4.39,
            "gross_profit": 2366,
            "gross_margin": 32.4,
            "gross_margin_4q_avg": 40.45,
            "net_income": -14414,
            "revenue": 7302,
            "common_shares": 1623770,
            "book_valuer_per_share": 9.4,
            "book_valuer_per_share_4q_avg": 9.54,
            "equity": 1510948,
            "current_ratio": 41.32,
            "debt_ratio": 17.68,
            "inventory_turnover_ratio": 0.32,
            "account_receivable_turnover_ratio": 1.6,
            "reinvestment_rate": null,
            "research_to_sale_ratio": 156.12,
            "price_fair": 0,
            "eps_avg_yearly": 0,
            "eps_latest_yearly": 0,
            "eps_growth_yearly": 0
        },
        "20202": {
            "year_quarter": 20202,
            "year": 2020,
            "quarter": 2,
            "eps": -0.1,
            "eps_growth_year": null,
            "eps_4q": -0.4,
            "eps_4q_growth_year": null,
            "roe": -1.08,
            "roe_4q": -4.44,
            "gross_profit": 1102,
            "gross_margin": 23.35,
            "gross_margin_4q_avg": 33.57,
            "net_income": -16159,
            "revenue": 4720,
            "common_shares": 1623770,
            "book_valuer_per_share": 9.3,
            "book_valuer_per_share_4q_avg": 9.44,
            "equity": 1494749,
            "current_ratio": 34.94,
            "debt_ratio": 18.06,
            "inventory_turnover_ratio": 0.24,
            "account_receivable_turnover_ratio": 2.57,
            "reinvestment_rate": null,
            "research_to_sale_ratio": 248.54,
            "price_fair": 0,
            "eps_avg_yearly": 0,
            "eps_latest_yearly": 0,
            "eps_growth_yearly": 0
        },
        "20203": {
            "year_quarter": 20203,
            "year": 2020,
            "quarter": 3,
            "eps": -0.07,
            "eps_growth_year": null,
            "eps_4q": -0.36,
            "eps_4q_growth_year": null,
            "roe": -0.75,
            "roe_4q": -4.050000000000001,
            "gross_profit": 3112,
            "gross_margin": 35.22,
            "gross_margin_4q_avg": 32.39,
            "net_income": -11112,
            "revenue": 8835,
            "common_shares": 1623770,
            "book_valuer_per_share": 9.23,
            "book_valuer_per_share_4q_avg": 9.35,
            "equity": 1483672,
            "current_ratio": 37,
            "debt_ratio": 18.76,
            "inventory_turnover_ratio": 0.43,
            "account_receivable_turnover_ratio": 6.76,
            "reinvestment_rate": null,
            "research_to_sale_ratio": 122.5,
            "price_fair": 0,
            "eps_avg_yearly": 0,
            "eps_latest_yearly": 0,
            "eps_growth_yearly": 0
        },
        "20204": {
            "year_quarter": 20204,
            "year": 2020,
            "quarter": 4,
            "eps": -0.12,
            "eps_growth_year": null,
            "eps_4q": -0.37,
            "eps_4q_growth_year": null,
            "roe": -1.34,
            "roe_4q": -4.12,
            "gross_profit": 2522,
            "gross_margin": 35.23,
            "gross_margin_4q_avg": 31.55,
            "net_income": -19750,
            "revenue": 7159,
            "common_shares": 1623770,
            "book_valuer_per_share": 9.12,
            "book_valuer_per_share_4q_avg": 9.26,
            "equity": 1465456,
            "current_ratio": 33.44,
            "debt_ratio": 19.44,
            "inventory_turnover_ratio": 0.38,
            "account_receivable_turnover_ratio": 3.58,
            "reinvestment_rate": null,
            "research_to_sale_ratio": 159.65,
            "price_fair": 0,
            "eps_avg_yearly": 0,
            "eps_latest_yearly": 0,
            "eps_growth_yearly": 0
        },
        "20211": {
            "year_quarter": 20211,
            "year": 2021,
            "quarter": 1,
            "eps": -0.06,
            "eps_growth_year": null,
            "eps_4q": -0.34,
            "eps_4q_growth_year": null,
            "roe": -0.58,
            "roe_4q": -3.75,
            "gross_profit": 5867,
            "gross_margin": 46.24,
            "gross_margin_4q_avg": 35.01,
            "net_income": -8504,
            "revenue": 12688,
            "common_shares": 1623770,
            "book_valuer_per_share": 9.06,
            "book_valuer_per_share_4q_avg": 9.18,
            "equity": 1456935,
            "current_ratio": 33.43,
            "debt_ratio": 20.09,
            "inventory_turnover_ratio": 0.6,
            "account_receivable_turnover_ratio": 4.55,
            "reinvestment_rate": null,
            "research_to_sale_ratio": 81.55,
            "price_fair": 0,
            "eps_avg_yearly": 0,
            "eps_latest_yearly": 0,
            "eps_growth_yearly": 0
        },
        "20212": {
            "year_quarter": 20212,
            "year": 2021,
            "quarter": 2,
            "eps": -0.06,
            "eps_growth_year": null,
            "eps_4q": -0.31,
            "eps_4q_growth_year": null,
            "roe": -0.72,
            "roe_4q": -3.3899999999999997,
            "gross_profit": 5556,
            "gross_margin": 55.55,
            "gross_margin_4q_avg": 43.06,
            "net_income": -10436,
            "revenue": 10001,
            "common_shares": 1623770,
            "book_valuer_per_share": 9,
            "book_valuer_per_share_4q_avg": 9.1,
            "equity": 1446496,
            "current_ratio": 42.26,
            "debt_ratio": 20.39,
            "inventory_turnover_ratio": 0.43,
            "account_receivable_turnover_ratio": 2.28,
            "reinvestment_rate": null,
            "research_to_sale_ratio": 95.63,
            "price_fair": 0,
            "eps_avg_yearly": 0,
            "eps_latest_yearly": 0,
            "eps_growth_yearly": 0
        },
        "20213": {
            "year_quarter": 20213,
            "year": 2021,
            "quarter": 3,
            "eps": -0.06,
            "eps_growth_year": null,
            "eps_4q": -0.31,
            "eps_4q_growth_year": null,
            "roe": -0.78,
            "roe_4q": -3.42,
            "gross_profit": 2308,
            "gross_margin": 43.21,
            "gross_margin_4q_avg": 45.06,
            "net_income": -11230,
            "revenue": 5341,
            "common_shares": 1623770,
            "book_valuer_per_share": 8.93,
            "book_valuer_per_share_4q_avg": 9.03,
            "equity": 1435249,
            "current_ratio": 37.48,
            "debt_ratio": 20.57,
            "inventory_turnover_ratio": 0.29,
            "account_receivable_turnover_ratio": 1.92,
            "reinvestment_rate": null,
            "research_to_sale_ratio": 186.93,
            "price_fair": 0,
            "eps_avg_yearly": 0,
            "eps_latest_yearly": 0,
            "eps_growth_yearly": 0
        },
        "20214": {
            "year_quarter": 20214,
            "year": 2021,
            "quarter": 4,
            "eps": -0.09,
            "eps_growth_year": null,
            "eps_4q": -0.27,
            "eps_4q_growth_year": null,
            "roe": -1.03,
            "roe_4q": -3.1100000000000003,
            "gross_profit": 1220,
            "gross_margin": 36.67,
            "gross_margin_4q_avg": 45.42,
            "net_income": -14766,
            "revenue": 3327,
            "common_shares": 1623770,
            "book_valuer_per_share": 8.85,
            "book_valuer_per_share_4q_avg": 8.96,
            "equity": 1421165,
            "current_ratio": 154.98,
            "debt_ratio": 21.26,
            "inventory_turnover_ratio": 0.19,
            "account_receivable_turnover_ratio": 5.89,
            "reinvestment_rate": null,
            "research_to_sale_ratio": 276.62,
            "price_fair": 0,
            "eps_avg_yearly": 0,
            "eps_latest_yearly": 0,
            "eps_growth_yearly": 0
        },
        "20221": {
            "year_quarter": 20221,
            "year": 2022,
            "quarter": 1,
            "eps": -0.07,
            "eps_growth_year": null,
            "eps_4q": -0.29,
            "eps_4q_growth_year": null,
            "roe": -0.88,
            "roe_4q": -3.41,
            "gross_profit": 405,
            "gross_margin": 14.86,
            "gross_margin_4q_avg": 37.57,
            "net_income": -12501,
            "revenue": 2725,
            "common_shares": 1623770,
            "book_valuer_per_share": 8.77,
            "book_valuer_per_share_4q_avg": 8.89,
            "equity": 1408742,
            "current_ratio": 181.86,
            "debt_ratio": 21.88,
            "inventory_turnover_ratio": 0.22,
            "account_receivable_turnover_ratio": 3.15,
            "reinvestment_rate": null,
            "research_to_sale_ratio": 356.66,
            "price_fair": 0,
            "eps_avg_yearly": 0,
            "eps_latest_yearly": 0,
            "eps_growth_yearly": 0
        },
        "20222": {
            "year_quarter": 20222,
            "year": 2022,
            "quarter": 2,
            "eps": -0.08,
            "eps_growth_year": null,
            "eps_4q": -0.31,
            "eps_4q_growth_year": null,
            "roe": -1,
            "roe_4q": -3.6900000000000004,
            "gross_profit": 583,
            "gross_margin": 16.83,
            "gross_margin_4q_avg": 27.89,
            "net_income": -14005,
            "revenue": 3465,
            "common_shares": 1598883,
            "book_valuer_per_share": 8.69,
            "book_valuer_per_share_4q_avg": 8.81,
            "equity": 1394705,
            "current_ratio": 133.45,
            "debt_ratio": 22.42,
            "inventory_turnover_ratio": 0.36,
            "account_receivable_turnover_ratio": 2.7,
            "reinvestment_rate": null,
            "research_to_sale_ratio": 278.61,
            "price_fair": 0,
            "eps_avg_yearly": 0,
            "eps_latest_yearly": 0,
            "eps_growth_yearly": 0
        },
        "20223": {
            "year_quarter": 20223,
            "year": 2022,
            "quarter": 3,
            "eps": -0.08,
            "eps_growth_year": null,
            "eps_4q": -0.33,
            "eps_4q_growth_year": null,
            "roe": -0.93,
            "roe_4q": -3.84,
            "gross_profit": -543,
            "gross_margin": -20.71,
            "gross_margin_4q_avg": 11.91,
            "net_income": -12870,
            "revenue": 2622,
            "common_shares": 1598883,
            "book_valuer_per_share": 8.61,
            "book_valuer_per_share_4q_avg": 8.73,
            "equity": 1381931,
            "current_ratio": 98.81,
            "debt_ratio": 22.84,
            "inventory_turnover_ratio": 0.53,
            "account_receivable_turnover_ratio": 3.12,
            "reinvestment_rate": null,
            "research_to_sale_ratio": 383.83,
            "price_fair": 0,
            "eps_avg_yearly": 0,
            "eps_latest_yearly": 0,
            "eps_growth_yearly": 0
        },
        "20224": {
            "year_quarter": 20224,
            "year": 2022,
            "quarter": 4,
            "eps": -0.08,
            "eps_growth_year": null,
            "eps_4q": -0.32,
            "eps_4q_growth_year": null,
            "roe": -1,
            "roe_4q": -3.81,
            "gross_profit": 1772,
            "gross_margin": 73.13,
            "gross_margin_4q_avg": 21.03,
            "net_income": -13783,
            "revenue": 2423,
            "common_shares": 1598883,
            "book_valuer_per_share": 8.55,
            "book_valuer_per_share_4q_avg": 8.66,
            "equity": 1372529,
            "current_ratio": 76.51,
            "debt_ratio": 23.21,
            "inventory_turnover_ratio": 0.12,
            "account_receivable_turnover_ratio": 6.11,
            "reinvestment_rate": null,
            "research_to_sale_ratio": 412.26,
            "price_fair": 0,
            "eps_avg_yearly": 0,
            "eps_latest_yearly": 0,
            "eps_growth_yearly": 0
        },
        "20231": {
            "year_quarter": 20231,
            "year": 2023,
            "quarter": 1,
            "eps": -0.08,
            "eps_growth_year": null,
            "eps_4q": -0.33,
            "eps_4q_growth_year": null,
            "roe": -0.95,
            "roe_4q": -3.88,
            "gross_profit": 1890,
            "gross_margin": 75.06,
            "gross_margin_4q_avg": 36.08,
            "net_income": -12938,
            "revenue": 2518,
            "common_shares": 1598883,
            "book_valuer_per_share": 8.47,
            "book_valuer_per_share_4q_avg": 8.58,
            "equity": 1359616,
            "current_ratio": 58.24,
            "debt_ratio": 24.1,
            "inventory_turnover_ratio": 0.11,
            "account_receivable_turnover_ratio": 4.12,
            "reinvestment_rate": null,
            "research_to_sale_ratio": 399.68,
            "price_fair": 0,
            "eps_avg_yearly": 0,
            "eps_latest_yearly": 0,
            "eps_growth_yearly": 0
        }
    },
    "months": {
        "2001-06": {
            "month": "2001-06",
            "price": "30.24",
            "revenue": 38432
        },
        "2001-07": {
            "month": "2001-07",
            "price": "24.04",
            "revenue": 30278
        },
        "2001-08": {
            "month": "2001-08",
            "price": "17.31",
            "revenue": 30076
        },
        "2001-09": {
            "month": "2001-09",
            "price": "13.42",
            "revenue": 44844
        },
        "2001-10": {
            "month": "2001-10",
            "price": "11.15",
            "revenue": 73071
        },
        "2001-11": {
            "month": "2001-11",
            "price": "13.60",
            "revenue": 85234
        },
        "2001-12": {
            "month": "2001-12",
            "price": "17.52",
            "revenue": 62103
        },
        "2002-01": {
            "month": "2002-01",
            "price": "20.12",
            "revenue": 39636
        },
        "2002-02": {
            "month": "2002-02",
            "price": "20.28",
            "revenue": 23158
        },
        "2002-03": {
            "month": "2002-03",
            "price": "21.53",
            "revenue": 15660
        },
        "2002-04": {
            "month": "2002-04",
            "price": "27.32",
            "revenue": 17451
        },
        "2002-05": {
            "month": "2002-05",
            "price": "25.15",
            "revenue": 24960
        },
        "2002-06": {
            "month": "2002-06",
            "price": "22.35",
            "revenue": 20737
        },
        "2002-07": {
            "month": "2002-07",
            "price": "16.95",
            "revenue": 18408
        },
        "2002-08": {
            "month": "2002-08",
            "price": "15.35",
            "revenue": 18239
        },
        "2002-09": {
            "month": "2002-09",
            "price": "12.13",
            "revenue": 18200
        },
        "2002-10": {
            "month": "2002-10",
            "price": "11.73",
            "revenue": 20789
        },
        "2002-11": {
            "month": "2002-11",
            "price": "12.91",
            "revenue": 20039
        },
        "2002-12": {
            "month": "2002-12",
            "price": "12.95",
            "revenue": 21039
        },
        "2003-01": {
            "month": "2003-01",
            "price": "11.90",
            "revenue": 19555
        },
        "2003-02": {
            "month": "2003-02",
            "price": "10.99",
            "revenue": 19870
        },
        "2003-03": {
            "month": "2003-03",
            "price": "10.28",
            "revenue": 26500
        },
        "2003-04": {
            "month": "2003-04",
            "price": "9.97",
            "revenue": 22827
        },
        "2003-05": {
            "month": "2003-05",
            "price": "8.22",
            "revenue": 13976
        },
        "2003-06": {
            "month": "2003-06",
            "price": "10.03",
            "revenue": 15843
        },
        "2003-07": {
            "month": "2003-07",
            "price": "10.29",
            "revenue": 14949
        },
        "2003-08": {
            "month": "2003-08",
            "price": "8.68",
            "revenue": 16736
        },
        "2003-09": {
            "month": "2003-09",
            "price": "8.16",
            "revenue": 14328
        },
        "2003-10": {
            "month": "2003-10",
            "price": "8.56",
            "revenue": 16430
        },
        "2003-11": {
            "month": "2003-11",
            "price": "8.60",
            "revenue": 21878
        },
        "2003-12": {
            "month": "2003-12",
            "price": "8.54",
            "revenue": 25864
        },
        "2004-01": {
            "month": "2004-01",
            "price": "9.78",
            "revenue": 20870
        },
        "2004-02": {
            "month": "2004-02",
            "price": "13.48",
            "revenue": 22030
        },
        "2004-03": {
            "month": "2004-03",
            "price": "17.71",
            "revenue": 20162
        },
        "2004-04": {
            "month": "2004-04",
            "price": "18.65",
            "revenue": 17918
        },
        "2004-05": {
            "month": "2004-05",
            "price": "12.83",
            "revenue": 23459
        },
        "2004-06": {
            "month": "2004-06",
            "price": "11.41",
            "revenue": 21728
        },
        "2004-07": {
            "month": "2004-07",
            "price": "10.27",
            "revenue": 22112
        },
        "2004-08": {
            "month": "2004-08",
            "price": "10.01",
            "revenue": 25775
        },
        "2004-09": {
            "month": "2004-09",
            "price": "10.45",
            "revenue": 24617
        },
        "2004-10": {
            "month": "2004-10",
            "price": "10.85",
            "revenue": 22297
        },
        "2004-11": {
            "month": "2004-11",
            "price": "10.82",
            "revenue": 16950
        },
        "2004-12": {
            "month": "2004-12",
            "price": "11.08",
            "revenue": 14617
        },
        "2005-01": {
            "month": "2005-01",
            "price": "11.76",
            "revenue": 20052
        },
        "2005-02": {
            "month": "2005-02",
            "price": "12.05",
            "revenue": 10365
        },
        "2005-03": {
            "month": "2005-03",
            "price": "12.77",
            "revenue": 30124
        },
        "2005-04": {
            "month": "2005-04",
            "price": "12.94",
            "revenue": 30052
        },
        "2005-05": {
            "month": "2005-05",
            "price": "12.11",
            "revenue": 41323
        },
        "2005-06": {
            "month": "2005-06",
            "price": "12.68",
            "revenue": 26666
        },
        "2005-07": {
            "month": "2005-07",
            "price": "12.61",
            "revenue": 21562
        },
        "2005-08": {
            "month": "2005-08",
            "price": "11.14",
            "revenue": 19408
        },
        "2005-09": {
            "month": "2005-09",
            "price": "10.29",
            "revenue": 33979
        },
        "2005-10": {
            "month": "2005-10",
            "price": "9.37",
            "revenue": 31904
        },
        "2005-11": {
            "month": "2005-11",
            "price": "9.30",
            "revenue": 25969
        },
        "2005-12": {
            "month": "2005-12",
            "price": "10.41",
            "revenue": 25136
        },
        "2006-01": {
            "month": "2006-01",
            "price": "10.75",
            "revenue": 18670
        },
        "2006-02": {
            "month": "2006-02",
            "price": "10.12",
            "revenue": 19684
        },
        "2006-03": {
            "month": "2006-03",
            "price": "9.37",
            "revenue": 20974
        },
        "2006-04": {
            "month": "2006-04",
            "price": "9.95",
            "revenue": 30084
        },
        "2006-05": {
            "month": "2006-05",
            "price": "9.91",
            "revenue": 22436
        },
        "2006-06": {
            "month": "2006-06",
            "price": "9.71",
            "revenue": 23884
        },
        "2006-07": {
            "month": "2006-07",
            "price": "9.23",
            "revenue": 26372
        },
        "2006-08": {
            "month": "2006-08",
            "price": "9.45",
            "revenue": 34413
        },
        "2006-09": {
            "month": "2006-09",
            "price": "12.23",
            "revenue": 37574
        },
        "2006-10": {
            "month": "2006-10",
            "price": "16.98",
            "revenue": 31785
        },
        "2006-11": {
            "month": "2006-11",
            "price": "17.16",
            "revenue": 27688
        },
        "2006-12": {
            "month": "2006-12",
            "price": "17.72",
            "revenue": 22658
        },
        "2007-01": {
            "month": "2007-01",
            "price": "18.20",
            "revenue": 18164
        },
        "2007-02": {
            "month": "2007-02",
            "price": "19.57",
            "revenue": 14434
        },
        "2007-03": {
            "month": "2007-03",
            "price": "23.35",
            "revenue": 29107
        },
        "2007-04": {
            "month": "2007-04",
            "price": "27.29",
            "revenue": 28438
        },
        "2007-05": {
            "month": "2007-05",
            "price": "29.99",
            "revenue": 42443
        },
        "2007-06": {
            "month": "2007-06",
            "price": "55.04",
            "revenue": 34122
        },
        "2007-07": {
            "month": "2007-07",
            "price": "64.09",
            "revenue": 25994
        },
        "2007-08": {
            "month": "2007-08",
            "price": "47.55",
            "revenue": 26478
        },
        "2007-09": {
            "month": "2007-09",
            "price": "50.31",
            "revenue": 33788
        },
        "2007-10": {
            "month": "2007-10",
            "price": "48.80",
            "revenue": 40027
        },
        "2007-11": {
            "month": "2007-11",
            "price": "33.38",
            "revenue": 26429
        },
        "2007-12": {
            "month": "2007-12",
            "price": "27.21",
            "revenue": 20711
        },
        "2008-01": {
            "month": "2008-01",
            "price": "21.26",
            "revenue": 19837
        },
        "2008-02": {
            "month": "2008-02",
            "price": "19.01",
            "revenue": 26048
        },
        "2008-03": {
            "month": "2008-03",
            "price": "29.69",
            "revenue": 30069
        },
        "2008-04": {
            "month": "2008-04",
            "price": "30.67",
            "revenue": 21527
        },
        "2008-05": {
            "month": "2008-05",
            "price": "32.06",
            "revenue": 38715
        },
        "2008-06": {
            "month": "2008-06",
            "price": "23.29",
            "revenue": 25514
        },
        "2008-07": {
            "month": "2008-07",
            "price": "19.90",
            "revenue": 25033
        },
        "2008-08": {
            "month": "2008-08",
            "price": "18.81",
            "revenue": 27666
        },
        "2008-09": {
            "month": "2008-09",
            "price": "13.21",
            "revenue": 33129
        },
        "2008-10": {
            "month": "2008-10",
            "price": "10.90",
            "revenue": 17237
        },
        "2008-11": {
            "month": "2008-11",
            "price": "8.83",
            "revenue": 11282
        },
        "2008-12": {
            "month": "2008-12",
            "price": "8.08",
            "revenue": 10075
        },
        "2009-01": {
            "month": "2009-01",
            "price": "7.64",
            "revenue": 4515
        },
        "2009-02": {
            "month": "2009-02",
            "price": "8.39",
            "revenue": 15939
        },
        "2009-03": {
            "month": "2009-03",
            "price": "10.93",
            "revenue": 28068
        },
        "2009-04": {
            "month": "2009-04",
            "price": "14.65",
            "revenue": 40764
        },
        "2009-05": {
            "month": "2009-05",
            "price": "19.82",
            "revenue": 41890
        },
        "2009-06": {
            "month": "2009-06",
            "price": "17.33",
            "revenue": 30276
        },
        "2009-07": {
            "month": "2009-07",
            "price": "17.93",
            "revenue": 41669
        },
        "2009-08": {
            "month": "2009-08",
            "price": "17.72",
            "revenue": 46132
        },
        "2009-09": {
            "month": "2009-09",
            "price": "17.60",
            "revenue": 31973
        },
        "2009-10": {
            "month": "2009-10",
            "price": "17.54",
            "revenue": 22257
        },
        "2009-11": {
            "month": "2009-11",
            "price": "16.57",
            "revenue": 20723
        },
        "2009-12": {
            "month": "2009-12",
            "price": "18.68",
            "revenue": 19744
        },
        "2010-01": {
            "month": "2010-01",
            "price": "17.72",
            "revenue": 27340
        },
        "2010-02": {
            "month": "2010-02",
            "price": "15.81",
            "revenue": 17297
        },
        "2010-03": {
            "month": "2010-03",
            "price": "16.54",
            "revenue": 24900
        },
        "2010-04": {
            "month": "2010-04",
            "price": "17.44",
            "revenue": 35803
        },
        "2010-05": {
            "month": "2010-05",
            "price": "14.14",
            "revenue": 32916
        },
        "2010-06": {
            "month": "2010-06",
            "price": "12.86",
            "revenue": 31410
        },
        "2010-07": {
            "month": "2010-07",
            "price": "13.47",
            "revenue": 34251
        },
        "2010-08": {
            "month": "2010-08",
            "price": "13.11",
            "revenue": 35579
        },
        "2010-09": {
            "month": "2010-09",
            "price": "12.00",
            "revenue": 34523
        },
        "2010-10": {
            "month": "2010-10",
            "price": "11.66",
            "revenue": 23861
        },
        "2010-11": {
            "month": "2010-11",
            "price": "12.12",
            "revenue": 18980
        },
        "2010-12": {
            "month": "2010-12",
            "price": "11.81",
            "revenue": 22141
        },
        "2011-01": {
            "month": "2011-01",
            "price": "11.27",
            "revenue": 21099
        },
        "2011-02": {
            "month": "2011-02",
            "price": "11.25",
            "revenue": 15930
        },
        "2011-03": {
            "month": "2011-03",
            "price": "9.79",
            "revenue": 40687
        },
        "2011-04": {
            "month": "2011-04",
            "price": "13.16",
            "revenue": 42735
        },
        "2011-05": {
            "month": "2011-05",
            "price": "12.70",
            "revenue": 45562
        },
        "2011-06": {
            "month": "2011-06",
            "price": "12.15",
            "revenue": 25156
        },
        "2011-07": {
            "month": "2011-07",
            "price": "11.18",
            "revenue": 38936
        },
        "2011-08": {
            "month": "2011-08",
            "price": "9.38",
            "revenue": 19671
        },
        "2011-09": {
            "month": "2011-09",
            "price": "8.51",
            "revenue": 24533
        },
        "2011-10": {
            "month": "2011-10",
            "price": "8.34",
            "revenue": 21222
        },
        "2011-11": {
            "month": "2011-11",
            "price": "7.41",
            "revenue": 21512
        },
        "2011-12": {
            "month": "2011-12",
            "price": "6.48",
            "revenue": 20005
        },
        "2012-01": {
            "month": "2012-01",
            "price": "7.20",
            "revenue": 19481
        },
        "2012-02": {
            "month": "2012-02",
            "price": "9.03",
            "revenue": 31258
        },
        "2012-03": {
            "month": "2012-03",
            "price": "9.06",
            "revenue": 54122
        },
        "2012-04": {
            "month": "2012-04",
            "price": "8.51",
            "revenue": 31276
        },
        "2012-05": {
            "month": "2012-05",
            "price": "8.08",
            "revenue": 28164
        },
        "2012-06": {
            "month": "2012-06",
            "price": "7.74",
            "revenue": 19455
        },
        "2012-07": {
            "month": "2012-07",
            "price": "6.91",
            "revenue": 21383
        },
        "2012-08": {
            "month": "2012-08",
            "price": "7.20",
            "revenue": 16142
        },
        "2012-09": {
            "month": "2012-09",
            "price": "7.17",
            "revenue": 21163
        },
        "2012-10": {
            "month": "2012-10",
            "price": "6.61",
            "revenue": 21112
        },
        "2012-11": {
            "month": "2012-11",
            "price": "6.13",
            "revenue": 18198
        },
        "2012-12": {
            "month": "2012-12",
            "price": "6.15",
            "revenue": 21531
        },
        "2013-01": {
            "month": "2013-01",
            "price": "6.38",
            "revenue": 23579
        },
        "2013-02": {
            "month": "2013-02",
            "price": "6.49",
            "revenue": 15039
        },
        "2013-03": {
            "month": "2013-03",
            "price": "6.37",
            "revenue": 23917
        },
        "2013-04": {
            "month": "2013-04",
            "price": "6.15",
            "revenue": 24365
        },
        "2013-05": {
            "month": "2013-05",
            "price": "8.45",
            "revenue": 24263
        },
        "2013-06": {
            "month": "2013-06",
            "price": "8.24",
            "revenue": 23068
        },
        "2013-07": {
            "month": "2013-07",
            "price": "9.28",
            "revenue": 30273
        },
        "2013-08": {
            "month": "2013-08",
            "price": "8.15",
            "revenue": 25317
        },
        "2013-09": {
            "month": "2013-09",
            "price": "7.79",
            "revenue": 22224
        },
        "2013-10": {
            "month": "2013-10",
            "price": "7.57",
            "revenue": 21026
        },
        "2013-11": {
            "month": "2013-11",
            "price": "7.30",
            "revenue": 22506
        },
        "2013-12": {
            "month": "2013-12",
            "price": "7.94",
            "revenue": 22006
        },
        "2014-01": {
            "month": "2014-01",
            "price": "9.06",
            "revenue": 5465
        },
        "2014-02": {
            "month": "2014-02",
            "price": "9.11",
            "revenue": 16156
        },
        "2014-03": {
            "month": "2014-03",
            "price": "8.91",
            "revenue": 16439
        },
        "2014-04": {
            "month": "2014-04",
            "price": "8.23",
            "revenue": 15338
        },
        "2014-05": {
            "month": "2014-05",
            "price": "7.91",
            "revenue": 15127
        },
        "2014-06": {
            "month": "2014-06",
            "price": "8.41",
            "revenue": 21557
        },
        "2014-07": {
            "month": "2014-07",
            "price": "8.90",
            "revenue": 14440
        },
        "2014-08": {
            "month": "2014-08",
            "price": "8.31",
            "revenue": 14208
        },
        "2014-09": {
            "month": "2014-09",
            "price": "8.20",
            "revenue": 22232
        },
        "2014-10": {
            "month": "2014-10",
            "price": "7.43",
            "revenue": 15472
        },
        "2014-11": {
            "month": "2014-11",
            "price": "7.08",
            "revenue": 14020
        },
        "2014-12": {
            "month": "2014-12",
            "price": "7.26",
            "revenue": 24593
        },
        "2015-01": {
            "month": "2015-01",
            "price": "7.82",
            "revenue": 15432
        },
        "2015-02": {
            "month": "2015-02",
            "price": "8.17",
            "revenue": 3491
        },
        "2015-03": {
            "month": "2015-03",
            "price": "8.04",
            "revenue": 19728
        },
        "2015-04": {
            "month": "2015-04",
            "price": "7.74",
            "revenue": 19218
        },
        "2015-05": {
            "month": "2015-05",
            "price": "7.77",
            "revenue": 24345
        },
        "2015-06": {
            "month": "2015-06",
            "price": "7.09",
            "revenue": 16458
        },
        "2015-07": {
            "month": "2015-07",
            "price": "6.36",
            "revenue": 24659
        },
        "2015-08": {
            "month": "2015-08",
            "price": "5.33",
            "revenue": 20523
        },
        "2015-09": {
            "month": "2015-09",
            "price": "5.59",
            "revenue": 16132
        },
        "2015-10": {
            "month": "2015-10",
            "price": "5.69",
            "revenue": 14997
        },
        "2015-11": {
            "month": "2015-11",
            "price": "5.46",
            "revenue": 19335
        },
        "2015-12": {
            "month": "2015-12",
            "price": "5.59",
            "revenue": 19109
        },
        "2016-01": {
            "month": "2016-01",
            "price": "5.32",
            "revenue": 16543
        },
        "2016-02": {
            "month": "2016-02",
            "price": "5.24",
            "revenue": 2789
        },
        "2016-03": {
            "month": "2016-03",
            "price": "5.46",
            "revenue": 20830
        },
        "2016-04": {
            "month": "2016-04",
            "price": "5.27",
            "revenue": 8400
        },
        "2016-05": {
            "month": "2016-05",
            "price": "5.05",
            "revenue": 13295
        },
        "2016-06": {
            "month": "2016-06",
            "price": "4.95",
            "revenue": 22407
        },
        "2016-07": {
            "month": "2016-07",
            "price": "5.18",
            "revenue": 13948
        },
        "2016-08": {
            "month": "2016-08",
            "price": "5.54",
            "revenue": 17188
        },
        "2016-09": {
            "month": "2016-09",
            "price": "5.40",
            "revenue": 23382
        },
        "2016-10": {
            "month": "2016-10",
            "price": "5.79",
            "revenue": 8793
        },
        "2016-11": {
            "month": "2016-11",
            "price": "5.95",
            "revenue": 23052
        },
        "2016-12": {
            "month": "2016-12",
            "price": "5.86",
            "revenue": 16466
        },
        "2017-01": {
            "month": "2017-01",
            "price": "6.01",
            "revenue": 3650
        },
        "2017-02": {
            "month": "2017-02",
            "price": "6.28",
            "revenue": 13850
        },
        "2017-03": {
            "month": "2017-03",
            "price": "6.47",
            "revenue": 15220
        },
        "2017-04": {
            "month": "2017-04",
            "price": "6.12",
            "revenue": 15801
        },
        "2017-05": {
            "month": "2017-05",
            "price": "7.22",
            "revenue": 5757
        },
        "2017-06": {
            "month": "2017-06",
            "price": "7.45",
            "revenue": 7050
        },
        "2017-07": {
            "month": "2017-07",
            "price": "6.40",
            "revenue": 8706
        },
        "2017-08": {
            "month": "2017-08",
            "price": "5.98",
            "revenue": 6560
        },
        "2017-09": {
            "month": "2017-09",
            "price": "6.31",
            "revenue": 8315
        },
        "2017-10": {
            "month": "2017-10",
            "price": "6.38",
            "revenue": 7309
        },
        "2017-11": {
            "month": "2017-11",
            "price": "6.51",
            "revenue": 8865
        },
        "2017-12": {
            "month": "2017-12",
            "price": "6.21",
            "revenue": 8431
        },
        "2018-01": {
            "month": "2018-01",
            "price": "6.30",
            "revenue": 9413
        },
        "2018-02": {
            "month": "2018-02",
            "price": "6.16",
            "revenue": 3582
        },
        "2018-03": {
            "month": "2018-03",
            "price": "8.00",
            "revenue": 10770
        },
        "2018-04": {
            "month": "2018-04",
            "price": "8.49",
            "revenue": 4964
        },
        "2018-05": {
            "month": "2018-05",
            "price": "8.25",
            "revenue": 7511
        },
        "2018-06": {
            "month": "2018-06",
            "price": "12.76",
            "revenue": 8421
        },
        "2018-07": {
            "month": "2018-07",
            "price": "10.51",
            "revenue": 7764
        },
        "2018-08": {
            "month": "2018-08",
            "price": "8.63",
            "revenue": 7625
        },
        "2018-09": {
            "month": "2018-09",
            "price": "7.04",
            "revenue": 5414
        },
        "2018-10": {
            "month": "2018-10",
            "price": "5.57",
            "revenue": 8336
        },
        "2018-11": {
            "month": "2018-11",
            "price": "5.57",
            "revenue": 3836
        },
        "2018-12": {
            "month": "2018-12",
            "price": "5.69",
            "revenue": 4176
        },
        "2019-01": {
            "month": "2019-01",
            "price": "5.23",
            "revenue": 4543
        },
        "2019-02": {
            "month": "2019-02",
            "price": "5.68",
            "revenue": 2474
        },
        "2019-03": {
            "month": "2019-03",
            "price": "5.92",
            "revenue": 6575
        },
        "2019-04": {
            "month": "2019-04",
            "price": "5.85",
            "revenue": 6476
        },
        "2019-05": {
            "month": "2019-05",
            "price": "5.50",
            "revenue": 4341
        },
        "2019-06": {
            "month": "2019-06",
            "price": "5.24",
            "revenue": 2907
        },
        "2019-07": {
            "month": "2019-07",
            "price": "5.23",
            "revenue": 3789
        },
        "2019-08": {
            "month": "2019-08",
            "price": "5.08",
            "revenue": 6164
        },
        "2019-09": {
            "month": "2019-09",
            "price": "5.63",
            "revenue": 3584
        },
        "2019-10": {
            "month": "2019-10",
            "price": "5.63",
            "revenue": 7266
        },
        "2019-11": {
            "month": "2019-11",
            "price": "5.27",
            "revenue": 5809
        },
        "2019-12": {
            "month": "2019-12",
            "price": "5.60",
            "revenue": 2897
        },
        "2020-01": {
            "month": "2020-01",
            "price": "5.79",
            "revenue": 1892
        },
        "2020-02": {
            "month": "2020-02",
            "price": "6.24",
            "revenue": 841
        },
        "2020-03": {
            "month": "2020-03",
            "price": "5.76",
            "revenue": 4569
        },
        "2020-04": {
            "month": "2020-04",
            "price": "5.53",
            "revenue": 1314
        },
        "2020-05": {
            "month": "2020-05",
            "price": "5.58",
            "revenue": 2124
        },
        "2020-06": {
            "month": "2020-06",
            "price": "5.80",
            "revenue": 1282
        },
        "2020-07": {
            "month": "2020-07",
            "price": "6.69",
            "revenue": 3285
        },
        "2020-08": {
            "month": "2020-08",
            "price": "6.61",
            "revenue": 2251
        },
        "2020-09": {
            "month": "2020-09",
            "price": "7.21",
            "revenue": 3299
        },
        "2020-10": {
            "month": "2020-10",
            "price": "6.80",
            "revenue": 3016
        },
        "2020-11": {
            "month": "2020-11",
            "price": "6.65",
            "revenue": 2901
        },
        "2020-12": {
            "month": "2020-12",
            "price": "7.30",
            "revenue": 1242
        },
        "2021-01": {
            "month": "2021-01",
            "price": "7.20",
            "revenue": 1883
        },
        "2021-02": {
            "month": "2021-02",
            "price": "6.94",
            "revenue": 2993
        },
        "2021-03": {
            "month": "2021-03",
            "price": "9.70",
            "revenue": 7812
        },
        "2021-04": {
            "month": "2021-04",
            "price": "16.75",
            "revenue": 4297
        },
        "2021-05": {
            "month": "2021-05",
            "price": "14.03",
            "revenue": 2039
        },
        "2021-06": {
            "month": "2021-06",
            "price": "14.75",
            "revenue": 3665
        },
        "2021-07": {
            "month": "2021-07",
            "price": "15.74",
            "revenue": 2498
        },
        "2021-08": {
            "month": "2021-08",
            "price": "14.89",
            "revenue": 2225
        },
        "2021-09": {
            "month": "2021-09",
            "price": "13.78",
            "revenue": 618
        },
        "2021-10": {
            "month": "2021-10",
            "price": "11.80",
            "revenue": 578
        },
        "2021-11": {
            "month": "2021-11",
            "price": "12.87",
            "revenue": 534
        },
        "2021-12": {
            "month": "2021-12",
            "price": "12.95",
            "revenue": 2215
        },
        "2022-01": {
            "month": "2022-01",
            "price": "12.09",
            "revenue": 448
        },
        "2022-02": {
            "month": "2022-02",
            "price": "11.64",
            "revenue": 842
        },
        "2022-03": {
            "month": "2022-03",
            "price": "11.07",
            "revenue": 1435
        },
        "2022-04": {
            "month": "2022-04",
            "price": "11.16",
            "revenue": 1123
        },
        "2022-05": {
            "month": "2022-05",
            "price": "10.34",
            "revenue": 1118
        },
        "2022-06": {
            "month": "2022-06",
            "price": "10.37",
            "revenue": 1224
        },
        "2022-07": {
            "month": "2022-07",
            "price": "9.11",
            "revenue": 551
        },
        "2022-08": {
            "month": "2022-08",
            "price": "9.51",
            "revenue": 1015
        },
        "2022-09": {
            "month": "2022-09",
            "price": "9.10",
            "revenue": 1056
        },
        "2022-10": {
            "month": "2022-10",
            "price": "8.13",
            "revenue": 550
        },
        "2022-11": {
            "month": "2022-11",
            "price": "8.41",
            "revenue": 373
        },
        "2022-12": {
            "month": "2022-12",
            "price": "8.62",
            "revenue": 1500
        },
        "2023-01": {
            "month": "2023-01",
            "price": "8.34",
            "revenue": 626
        },
        "2023-02": {
            "month": "2023-02",
            "price": "8.63",
            "revenue": 343
        },
        "2023-03": {
            "month": "2023-03",
            "price": "9.07",
            "revenue": 1549
        },
        "2023-04": {
            "month": "2023-04",
            "price": "9.24",
            "revenue": 778
        },
        "2023-05": {
            "month": "2023-05",
            "price": "9.54",
            "revenue": 3368
        }
    }
}
