{
    "summary": {
        "stock_name": "鼎創達",
        "stock_id": "5304",
        "category": "電腦及週邊設備",
        "main_business": "行動電話,高頻無線電話,電話機,通訊零件等通訊產品之製造及買賣",
        "website_url": "http://www.dbtel.com.tw",
        "ceo": "莫皓然",
        "pe_ratio": 5,
        "report_year_from": 2001,
        "report_year_to": 2020,
        "age": 22,
        "eps_negative_percentage": 60,
        "eps_growth_avg": {
            "last_all": 2.26,
            "last_2y": null,
            "last_4y": null,
            "last_8y": -100,
            "last_12y": -21.05,
            "last_16y": -36.84,
            "last_20y": null,
            "at_2006_last_3y": 0,
            "at_2007_last_3y": -100,
            "at_2008_last_3y": null,
            "at_2009_last_3y": null,
            "at_2010_last_3y": 15.79,
            "at_2011_last_3y": 57.89,
            "at_2012_last_3y": 5.26,
            "at_2013_last_3y": 5.26,
            "at_2014_last_3y": 0,
            "at_2015_last_3y": -100,
            "at_2016_last_3y": -100,
            "at_2017_last_3y": -100,
            "at_2018_last_3y": -100,
            "at_2019_last_3y": null,
            "at_2020_last_3y": null,
            "at_2021_last_3y": null,
            "at_2022_last_3y": null,
            "at_2023_last_3y": null,
            "at_2006_last_all": 33.33,
            "at_2007_last_all": 33.33,
            "at_2008_last_all": 33.33,
            "at_2009_last_all": 33.33,
            "at_2010_last_all": 28.95,
            "at_2011_last_all": 43.16,
            "at_2012_last_all": 19.3,
            "at_2013_last_all": 19.3,
            "at_2014_last_all": 19.3,
            "at_2015_last_all": 2.26,
            "at_2016_last_all": 2.26,
            "at_2017_last_all": 2.26,
            "at_2018_last_all": 2.26,
            "at_2019_last_all": 2.26,
            "at_2020_last_all": 2.26,
            "at_2021_last_all": 2.26,
            "at_2022_last_all": 2.26,
            "at_2023_last_all": 2.26
        },
        "latest_eps": 0.65,
        "latest_price": 3.32,
        "latest_roe": 17,
        "latest_gross_margin": 43.48,
        "latest_equity": 1556891,
        "latest_revenue": 511957,
        "latest_gross_profit": 222585,
        "latest_net_income": 179652,
        "latest_debt_ratio": 59.26,
        "latest_current_ratio": 80.8,
        "latest_account_receivable_turnover_ratio": 3.44,
        "latest_inventory_turnover_ratio": 1.4,
        "latest_reinvestment_rate": null,
        "latest_research_to_sale_ratio": 12.11
    },
    "eps_dividends": {
        "1993": {
            "cash": 0,
            "stock": 1,
            "eps": 0
        },
        "1994": {
            "cash": 0.23,
            "stock": 0,
            "eps": 0
        },
        "1995": {
            "cash": 0,
            "stock": 2.6,
            "eps": 0
        },
        "1996": {
            "cash": 0.7,
            "stock": 1.65,
            "eps": 0
        },
        "1997": {
            "cash": 0,
            "stock": 2.5,
            "eps": 0
        },
        "1998": {
            "cash": 0,
            "stock": 1.3,
            "eps": 0
        },
        "1999": {
            "cash": 0,
            "stock": 2,
            "eps": 0
        },
        "2000": {
            "cash": 0,
            "stock": 1.38,
            "eps": 0
        },
        "2001": {
            "cash": 2,
            "stock": 2,
            "eps": 0.02
        },
        "2002": {
            "cash": 0,
            "stock": 1.78,
            "eps": 0.44
        },
        "2003": {
            "cash": 0,
            "stock": 0.3,
            "eps": 3.1
        },
        "2004": {
            "cash": 0.25,
            "stock": 2.25,
            "eps": -2.22
        },
        "2005": {
            "cash": 0,
            "stock": 0,
            "eps": -6.29
        },
        "2006": {
            "cash": 0,
            "stock": 0,
            "eps": -0.28
        },
        "2007": {
            "cash": 0,
            "stock": 0,
            "eps": -3.87
        },
        "2008": {
            "cash": 0,
            "stock": 0,
            "eps": -2.24
        },
        "2009": {
            "cash": 0,
            "stock": 0,
            "eps": 0.19
        },
        "2010": {
            "cash": 0,
            "stock": 0,
            "eps": 0.22
        },
        "2011": {
            "cash": 0,
            "stock": 0,
            "eps": 0.94
        },
        "2012": {
            "cash": 0,
            "stock": 0,
            "eps": -0.72
        },
        "2013": {
            "cash": 0,
            "stock": 0,
            "eps": -1.04
        },
        "2014": {
            "cash": 0,
            "stock": 0,
            "eps": 1.46
        },
        "2015": {
            "cash": 0,
            "stock": 0,
            "eps": -1.51
        },
        "2016": {
            "cash": 0,
            "stock": 0,
            "eps": -1.23
        },
        "2017": {
            "cash": 0,
            "stock": 0,
            "eps": -1.03
        },
        "2018": {
            "cash": 0,
            "stock": 0,
            "eps": -0.6
        },
        "2019": {
            "cash": 0,
            "stock": 0,
            "eps": -0.36
        },
        "2020": {
            "cash": 0,
            "stock": 0,
            "eps": 0.51
        }
    },
    "dividends": {
        "1993-05-26": {
            "cash": 0,
            "stock": 1
        },
        "1994-06-22": {
            "cash": 0.23,
            "stock": 0
        },
        "1995-06-13": {
            "cash": 0,
            "stock": 2.6
        },
        "1996-06-19": {
            "cash": 0.7,
            "stock": 1.65
        },
        "1997-06-29": {
            "cash": 0,
            "stock": 2.5
        },
        "1998-05-28": {
            "cash": 0,
            "stock": 1.3
        },
        "1999-05-28": {
            "cash": 0,
            "stock": 2
        },
        "2000-05-26": {
            "cash": 0,
            "stock": 1.38
        },
        "2001-06-29": {
            "cash": 2,
            "stock": 2
        },
        "2002-06-27": {
            "cash": 0,
            "stock": 1.78
        },
        "2003-06-27": {
            "cash": 0,
            "stock": 0.3
        },
        "2004-05-12": {
            "cash": 0.25,
            "stock": 2.25
        }
    },
    "prices": {
        "200101": "22.68",
        "200102": "27.71",
        "200103": "25.92",
        "200104": "29.88",
        "200105": "26.71",
        "200106": "25.56",
        "200107": "17.01",
        "200108": "15.25",
        "200109": "10.49",
        "200110": "9.95",
        "200111": "12.42",
        "200112": "20.51",
        "200201": "24.24",
        "200202": "23.26",
        "200203": "26.75",
        "200204": "40.25",
        "200205": "32.57",
        "200206": "24.72",
        "200207": "24.82",
        "200208": "21.35",
        "200209": "21.06",
        "200210": "20.44",
        "200211": "26.20",
        "200212": "21.33",
        "200301": "20.06",
        "200302": "17.56",
        "200303": "15.45",
        "200304": "15.61",
        "200305": "14.23",
        "200306": "16.88",
        "200307": "19.75",
        "200308": "20.65",
        "200309": "24.07",
        "200310": "31.68",
        "200311": "30.88",
        "200312": "31.75",
        "200401": "36.21",
        "200402": "40.52",
        "200403": "48.83",
        "200404": "43.22",
        "200405": "31.18",
        "200406": "23.11",
        "200407": "18.85",
        "200408": "17.74",
        "200409": "16.30",
        "200410": "16.33",
        "200411": "11.61",
        "200412": "9.65",
        "200501": "9.06",
        "200502": "10.20",
        "200503": "10.80",
        "200504": "9.67",
        "200505": "8.03",
        "200506": "8.88",
        "200507": "9.14",
        "200508": "7.14",
        "200509": "4.98",
        "200510": "2.54",
        "200511": "1.29",
        "200512": "1.71",
        "200601": "1.68",
        "200602": "1.54",
        "200603": "1.27",
        "200604": "1.13",
        "200605": "1.41",
        "200606": "1.43",
        "200607": "1.19",
        "200608": "1.03",
        "200609": "1.11",
        "200610": "1.34",
        "200611": "1.34",
        "200612": "1.51",
        "200701": "1.65",
        "200702": "1.49",
        "200703": "1.61",
        "200704": "11.05",
        "200705": "7.80",
        "200706": "7.24",
        "200707": "7.54",
        "200708": "7.37",
        "200709": "6.43",
        "200710": "5.22",
        "200711": "5.40",
        "200712": "4.69",
        "200801": "4.47",
        "200802": "4.19",
        "200803": "3.79",
        "200804": "4.39",
        "200805": "6.53",
        "200806": "5.90",
        "200807": "4.56",
        "200808": "3.97",
        "200809": "2.63",
        "200810": "2.24",
        "200811": "1.80",
        "200812": "1.74",
        "200901": "1.32",
        "200902": "1.21",
        "200903": "1.53",
        "200904": "1.96",
        "200905": "1.97",
        "200906": "2.88",
        "200907": "2.43",
        "200908": "2.91",
        "200909": "2.73",
        "200910": "2.46",
        "200911": "2.49",
        "200912": "2.46",
        "201001": "3.25",
        "201002": "2.87",
        "201003": "2.81",
        "201004": "4.16",
        "201005": "3.81",
        "201006": "3.98",
        "201007": "3.93",
        "201008": "4.36",
        "201009": "5.86",
        "201010": "6.00",
        "201011": "9.68",
        "201012": "10.67",
        "201101": "14.86",
        "201102": "14.77",
        "201103": "13.75",
        "201104": "12.34",
        "201105": "9.84",
        "201106": "8.83",
        "201107": "9.33",
        "201108": "8.34",
        "201109": "8.41",
        "201110": "7.80",
        "201111": "7.27",
        "201112": "6.12",
        "201201": "6.44",
        "201202": "8.26",
        "201203": "7.48",
        "201204": "6.78",
        "201205": "6.09",
        "201206": "5.09",
        "201207": "5.02",
        "201208": "5.20",
        "201209": "4.92",
        "201210": "4.30",
        "201211": "3.77",
        "201212": "4.22",
        "201301": "4.10",
        "201302": "4.07",
        "201303": "3.99",
        "201304": "3.73",
        "201305": "3.27",
        "201306": "2.99",
        "201307": "3.25",
        "201308": "3.14",
        "201309": "3.15",
        "201310": "3.06",
        "201311": "2.92",
        "201312": "2.83",
        "201401": "3.16",
        "201402": "3.46",
        "201403": "4.19",
        "201404": "4.14",
        "201405": "4.46",
        "201406": "4.07",
        "201407": "4.27",
        "201408": "4.17",
        "201409": "3.97",
        "201410": "3.85",
        "201411": "3.43",
        "201412": "3.29",
        "201501": "4.07",
        "201502": "4.61",
        "201503": "5.19",
        "201504": "5.26",
        "201505": "4.54",
        "201506": "3.96",
        "201507": "4.07",
        "201508": "3.61",
        "201509": "3.15",
        "201510": "3.26",
        "201511": "3.24",
        "201512": "2.96",
        "201601": "2.85",
        "201602": "3.07",
        "201603": "2.90",
        "201604": "2.67",
        "201605": "2.72",
        "201606": "2.69",
        "201607": "2.58",
        "201608": "2.32",
        "201609": "2.45",
        "201610": "2.30",
        "201611": "2.09",
        "201612": "2.06",
        "201701": "2.05",
        "201702": "2.30",
        "201703": "2.73",
        "201704": "2.98",
        "201705": "2.65",
        "201706": "2.35",
        "201707": "2.25",
        "201708": "2.07",
        "201709": "2.29",
        "201710": "2.71",
        "201711": "2.41",
        "201712": "2.21",
        "201801": "2.20",
        "201802": "2.22",
        "201803": "2.36",
        "201804": "2.31",
        "201805": "2.27",
        "201806": "4.30",
        "201807": "4.70",
        "201808": "4.33",
        "201809": "4.18",
        "201810": "3.82",
        "201811": "3.22",
        "201812": "3.13",
        "201901": "2.81",
        "201902": "2.87",
        "201903": "3.01",
        "201904": "3.32",
        "201905": "3.14",
        "201906": "3.11",
        "201907": "3.39",
        "201908": "3.16",
        "201909": "3.08",
        "201910": "3.07",
        "201911": "2.82",
        "201912": "2.48",
        "202001": "2.40",
        "202002": "2.51",
        "202003": "1.96",
        "202004": "2.28",
        "202005": "2.27",
        "202006": "2.35",
        "202007": "3.27",
        "202008": "3.27",
        "202009": "3.30",
        "202010": "3.32",
        "202011": "3.31",
        "202012": "無",
        "202101": "無",
        "202102": "無",
        "202103": "無",
        "202104": "無",
        "202105": "無",
        "202106": "無",
        "202107": "無",
        "202108": "無",
        "202109": "無",
        "202110": "無",
        "202111": "無",
        "202112": "無",
        "202201": "無",
        "202202": "無",
        "202203": "無",
        "202204": "無",
        "202205": "無",
        "202206": "無",
        "202207": "無",
        "202208": "無",
        "202209": "無",
        "202210": "無",
        "202211": "無",
        "202212": "無",
        "202301": "無",
        "202302": "無",
        "202303": "無",
        "202304": "無",
        "202305": "無",
        "202306": "無",
        "202307": "無",
        "202308": "無",
        "202309": "無"
    },
    "quarters": {
        "20011": {
            "year_quarter": 20011,
            "year": 2001,
            "quarter": 1,
            "eps": -0.36,
            "eps_growth_year": -124.83,
            "eps_4q": 2.27,
            "eps_4q_growth_year": 4.37,
            "roe": -2.26,
            "roe_4q": -2.26,
            "gross_profit": 86419,
            "gross_margin": 10.69,
            "gross_margin_4q_avg": 10.69,
            "net_income": -165619,
            "revenue": 808629,
            "common_shares": 4591538,
            "book_valuer_per_share": 15.22,
            "book_valuer_per_share_4q_avg": 15.22,
            "equity": 6987149,
            "current_ratio": 950.13,
            "debt_ratio": 8.93,
            "inventory_turnover_ratio": 0.99,
            "account_receivable_turnover_ratio": null,
            "reinvestment_rate": null,
            "research_to_sale_ratio": null,
            "price_fair": 0,
            "eps_avg_yearly": 0,
            "eps_latest_yearly": 0,
            "eps_growth_yearly": 0
        },
        "20012": {
            "year_quarter": 20012,
            "year": 2001,
            "quarter": 2,
            "eps": 0.12,
            "eps_growth_year": -93.37,
            "eps_4q": 0.67,
            "eps_4q_growth_year": -84.27,
            "roe": 0.99,
            "roe_4q": -1.2699999999999998,
            "gross_profit": 121276,
            "gross_margin": 8.56,
            "gross_margin_4q_avg": 9.63,
            "net_income": 69363,
            "revenue": 1416136,
            "common_shares": 4591538,
            "book_valuer_per_share": 15.44,
            "book_valuer_per_share_4q_avg": 15.33,
            "equity": 7088252,
            "current_ratio": 580.38,
            "debt_ratio": 8.53,
            "inventory_turnover_ratio": 5.52,
            "account_receivable_turnover_ratio": null,
            "reinvestment_rate": null,
            "research_to_sale_ratio": null,
            "price_fair": 0,
            "eps_avg_yearly": 0,
            "eps_latest_yearly": 0,
            "eps_growth_yearly": 0
        },
        "20013": {
            "year_quarter": 20013,
            "year": 2001,
            "quarter": 3,
            "eps": -0.2,
            "eps_growth_year": -112.66,
            "eps_4q": -0.82,
            "eps_4q_growth_year": -115.51,
            "roe": -1.61,
            "roe_4q": -2.88,
            "gross_profit": 133936,
            "gross_margin": 9.73,
            "gross_margin_4q_avg": 9.66,
            "net_income": -113213,
            "revenue": 1376773,
            "common_shares": 5556026,
            "book_valuer_per_share": 12.52,
            "book_valuer_per_share_4q_avg": 14.39,
            "equity": 6953638,
            "current_ratio": 895.3,
            "debt_ratio": 6.2,
            "inventory_turnover_ratio": 6.52,
            "account_receivable_turnover_ratio": null,
            "reinvestment_rate": null,
            "research_to_sale_ratio": null,
            "price_fair": 0,
            "eps_avg_yearly": 0,
            "eps_latest_yearly": 0,
            "eps_growth_yearly": 0
        },
        "20014": {
            "year_quarter": 20014,
            "year": 2001,
            "quarter": 4,
            "eps": 0.46,
            "eps_growth_year": null,
            "eps_4q": 0.08,
            "eps_4q_growth_year": -97.71,
            "roe": 3.53,
            "roe_4q": 0.6499999999999999,
            "gross_profit": 84736,
            "gross_margin": 7.82,
            "gross_margin_4q_avg": 9.2,
            "net_income": 254608,
            "revenue": 1082925,
            "common_shares": 5556026,
            "book_valuer_per_share": 12.93,
            "book_valuer_per_share_4q_avg": 14.03,
            "equity": 7490277,
            "current_ratio": 197.02,
            "debt_ratio": 31.34,
            "inventory_turnover_ratio": 1.64,
            "account_receivable_turnover_ratio": null,
            "reinvestment_rate": null,
            "research_to_sale_ratio": null,
            "price_fair": 0,
            "eps_avg_yearly": 0,
            "eps_latest_yearly": 0,
            "eps_growth_yearly": 0
        },
        "20021": {
            "year_quarter": 20021,
            "year": 2002,
            "quarter": 1,
            "eps": 0.16,
            "eps_growth_year": null,
            "eps_4q": 0.55,
            "eps_4q_growth_year": -75.76,
            "roe": 1.17,
            "roe_4q": 4.079999999999999,
            "gross_profit": 74072,
            "gross_margin": 11.88,
            "gross_margin_4q_avg": 9.5,
            "net_income": 86419,
            "revenue": 623559,
            "common_shares": 5556026,
            "book_valuer_per_share": 13.11,
            "book_valuer_per_share_4q_avg": 13.5,
            "equity": 7285801,
            "current_ratio": 1039.13,
            "debt_ratio": 6.73,
            "inventory_turnover_ratio": 0.95,
            "account_receivable_turnover_ratio": null,
            "reinvestment_rate": null,
            "research_to_sale_ratio": null,
            "price_fair": 1.92,
            "eps_avg_yearly": 0.64,
            "eps_latest_yearly": 0.64,
            "eps_growth_yearly": -260.87
        },
        "20022": {
            "year_quarter": 20022,
            "year": 2002,
            "quarter": 2,
            "eps": -0.35,
            "eps_growth_year": -391.67,
            "eps_4q": -0,
            "eps_4q_growth_year": -100.05,
            "roe": -3.2,
            "roe_4q": -0.11000000000000054,
            "gross_profit": 477390,
            "gross_margin": 29.46,
            "gross_margin_4q_avg": 14.72,
            "net_income": -228017,
            "revenue": 1620666,
            "common_shares": 5556026,
            "book_valuer_per_share": 12.56,
            "book_valuer_per_share_4q_avg": 12.78,
            "equity": 6980719,
            "current_ratio": 448.61,
            "debt_ratio": 14.02,
            "inventory_turnover_ratio": 19.76,
            "account_receivable_turnover_ratio": null,
            "reinvestment_rate": null,
            "research_to_sale_ratio": null,
            "price_fair": 1.92,
            "eps_avg_yearly": 0.64,
            "eps_latest_yearly": 0.64,
            "eps_growth_yearly": -260.87
        },
        "20023": {
            "year_quarter": 20023,
            "year": 2002,
            "quarter": 3,
            "eps": 0.33,
            "eps_growth_year": null,
            "eps_4q": 0.51,
            "eps_4q_growth_year": null,
            "roe": 2.86,
            "roe_4q": 4.359999999999999,
            "gross_profit": 560436,
            "gross_margin": 35.08,
            "gross_margin_4q_avg": 21.06,
            "net_income": 204280,
            "revenue": 1597675,
            "common_shares": 6591178,
            "book_valuer_per_share": 11.1,
            "book_valuer_per_share_4q_avg": 12.43,
            "equity": 7316870,
            "current_ratio": 380.5,
            "debt_ratio": 16.25,
            "inventory_turnover_ratio": 12.88,
            "account_receivable_turnover_ratio": null,
            "reinvestment_rate": null,
            "research_to_sale_ratio": null,
            "price_fair": 1.92,
            "eps_avg_yearly": 0.64,
            "eps_latest_yearly": 0.64,
            "eps_growth_yearly": -260.87
        },
        "20024": {
            "year_quarter": 20024,
            "year": 2002,
            "quarter": 4,
            "eps": 0.3,
            "eps_growth_year": -34.78,
            "eps_4q": 0.39,
            "eps_4q_growth_year": 383.47,
            "roe": 2.69,
            "roe_4q": 3.5199999999999996,
            "gross_profit": 222984,
            "gross_margin": 11.85,
            "gross_margin_4q_avg": 22.07,
            "net_income": 199446,
            "revenue": 1882288,
            "common_shares": 6591179,
            "book_valuer_per_share": 11.04,
            "book_valuer_per_share_4q_avg": 11.95,
            "equity": 7495542,
            "current_ratio": 163.81,
            "debt_ratio": 40.97,
            "inventory_turnover_ratio": 1.31,
            "account_receivable_turnover_ratio": null,
            "reinvestment_rate": 61.33,
            "research_to_sale_ratio": null,
            "price_fair": 2.76,
            "eps_avg_yearly": 0.92,
            "eps_latest_yearly": 1.2,
            "eps_growth_yearly": -148.62
        },
        "20031": {
            "year_quarter": 20031,
            "year": 2003,
            "quarter": 1,
            "eps": -0.14,
            "eps_growth_year": -187.5,
            "eps_4q": 0.13,
            "eps_4q_growth_year": -75.79,
            "roe": -1.23,
            "roe_4q": 1.12,
            "gross_profit": 267817,
            "gross_margin": 21.56,
            "gross_margin_4q_avg": 24.49,
            "net_income": -90041,
            "revenue": 1242376,
            "common_shares": 6591179,
            "book_valuer_per_share": 10.9,
            "book_valuer_per_share_4q_avg": 11.4,
            "equity": 7186858,
            "current_ratio": 423.17,
            "debt_ratio": 13.75,
            "inventory_turnover_ratio": 0.75,
            "account_receivable_turnover_ratio": null,
            "reinvestment_rate": 2.33,
            "research_to_sale_ratio": null,
            "price_fair": 2.76,
            "eps_avg_yearly": 0.92,
            "eps_latest_yearly": 1.2,
            "eps_growth_yearly": -148.62
        },
        "20032": {
            "year_quarter": 20032,
            "year": 2003,
            "quarter": 2,
            "eps": -0.18,
            "eps_growth_year": null,
            "eps_4q": 0.29,
            "eps_4q_growth_year": null,
            "roe": -1.73,
            "roe_4q": 2.59,
            "gross_profit": 362340,
            "gross_margin": 25.85,
            "gross_margin_4q_avg": 23.59,
            "net_income": -122948,
            "revenue": 1401836,
            "common_shares": 6591179,
            "book_valuer_per_share": 10.71,
            "book_valuer_per_share_4q_avg": 10.94,
            "equity": 7056800,
            "current_ratio": 532.79,
            "debt_ratio": 12.14,
            "inventory_turnover_ratio": 6.85,
            "account_receivable_turnover_ratio": null,
            "reinvestment_rate": -5.14,
            "research_to_sale_ratio": null,
            "price_fair": 2.76,
            "eps_avg_yearly": 0.92,
            "eps_latest_yearly": 1.2,
            "eps_growth_yearly": -148.62
        },
        "20033": {
            "year_quarter": 20033,
            "year": 2003,
            "quarter": 3,
            "eps": 1.69,
            "eps_growth_year": 412.12,
            "eps_4q": 1.67,
            "eps_4q_growth_year": 225.76,
            "roe": 14.88,
            "roe_4q": 14.61,
            "gross_profit": 207099,
            "gross_margin": 10.6,
            "gross_margin_4q_avg": 17.47,
            "net_income": 1128822,
            "revenue": 1954668,
            "common_shares": 6829794,
            "book_valuer_per_share": 11.88,
            "book_valuer_per_share_4q_avg": 11.13,
            "equity": 8116868,
            "current_ratio": 221.05,
            "debt_ratio": 25.72,
            "inventory_turnover_ratio": 8.12,
            "account_receivable_turnover_ratio": null,
            "reinvestment_rate": -4.82,
            "research_to_sale_ratio": null,
            "price_fair": 2.76,
            "eps_avg_yearly": 0.92,
            "eps_latest_yearly": 1.2,
            "eps_growth_yearly": -148.62
        },
        "20034": {
            "year_quarter": 20034,
            "year": 2003,
            "quarter": 4,
            "eps": 1.73,
            "eps_growth_year": 476.67,
            "eps_4q": 3.1,
            "eps_4q_growth_year": 687.1,
            "roe": 12.87,
            "roe_4q": 24.79,
            "gross_profit": 946292,
            "gross_margin": 29.13,
            "gross_margin_4q_avg": 21.79,
            "net_income": 1153610,
            "revenue": 3248046,
            "common_shares": 6829794,
            "book_valuer_per_share": 13.71,
            "book_valuer_per_share_4q_avg": 11.8,
            "equity": 9804660,
            "current_ratio": 134.39,
            "debt_ratio": 60.45,
            "inventory_turnover_ratio": 0.7,
            "account_receivable_turnover_ratio": null,
            "reinvestment_rate": 28.17,
            "research_to_sale_ratio": null,
            "price_fair": 8.76,
            "eps_avg_yearly": 2.92,
            "eps_latest_yearly": 6.92,
            "eps_growth_yearly": -95.92
        },
        "20041": {
            "year_quarter": 20041,
            "year": 2004,
            "quarter": 1,
            "eps": 1.23,
            "eps_growth_year": null,
            "eps_4q": 4.48,
            "eps_4q_growth_year": 3261.03,
            "roe": 8.22,
            "roe_4q": 34.24,
            "gross_profit": 642326,
            "gross_margin": 20.73,
            "gross_margin_4q_avg": 21.58,
            "net_income": 818056,
            "revenue": 3098112,
            "common_shares": 6829794,
            "book_valuer_per_share": 14.8,
            "book_valuer_per_share_4q_avg": 12.78,
            "equity": 10107434,
            "current_ratio": 214.06,
            "debt_ratio": 26.89,
            "inventory_turnover_ratio": 0.68,
            "account_receivable_turnover_ratio": null,
            "reinvestment_rate": -0.1,
            "research_to_sale_ratio": null,
            "price_fair": 10.26,
            "eps_avg_yearly": 3.42,
            "eps_latest_yearly": 4.92,
            "eps_growth_yearly": -100.84
        },
        "20042": {
            "year_quarter": 20042,
            "year": 2004,
            "quarter": 2,
            "eps": -0.32,
            "eps_growth_year": null,
            "eps_4q": 4.15,
            "eps_4q_growth_year": 1335.81,
            "roe": -2.65,
            "roe_4q": 33.32,
            "gross_profit": 341047,
            "gross_margin": 23.75,
            "gross_margin_4q_avg": 21.05,
            "net_income": -262717,
            "revenue": 1436117,
            "common_shares": 6829794,
            "book_valuer_per_share": 14.26,
            "book_valuer_per_share_4q_avg": 13.66,
            "equity": 9741674,
            "current_ratio": 217.19,
            "debt_ratio": 25.43,
            "inventory_turnover_ratio": 1.12,
            "account_receivable_turnover_ratio": null,
            "reinvestment_rate": -0.11,
            "research_to_sale_ratio": null,
            "price_fair": 10.26,
            "eps_avg_yearly": 3.42,
            "eps_latest_yearly": 4.92,
            "eps_growth_yearly": -100.84
        },
        "20043": {
            "year_quarter": 20043,
            "year": 2004,
            "quarter": 3,
            "eps": -1.5,
            "eps_growth_year": -188.76,
            "eps_4q": 0.56,
            "eps_4q_growth_year": -66.43,
            "roe": -13.56,
            "roe_4q": 4.879999999999999,
            "gross_profit": 273383,
            "gross_margin": 19.29,
            "gross_margin_4q_avg": 23.23,
            "net_income": -1238476,
            "revenue": 1417385,
            "common_shares": 8393549,
            "book_valuer_per_share": 10.15,
            "book_valuer_per_share_4q_avg": 13.23,
            "equity": 8521006,
            "current_ratio": 271.02,
            "debt_ratio": 21.29,
            "inventory_turnover_ratio": 1.33,
            "account_receivable_turnover_ratio": null,
            "reinvestment_rate": -9.4,
            "research_to_sale_ratio": null,
            "price_fair": 10.26,
            "eps_avg_yearly": 3.42,
            "eps_latest_yearly": 4.92,
            "eps_growth_yearly": -100.84
        },
        "20044": {
            "year_quarter": 20044,
            "year": 2004,
            "quarter": 4,
            "eps": -1.63,
            "eps_growth_year": -194.22,
            "eps_4q": -2.4,
            "eps_4q_growth_year": -177.28,
            "roe": -16.8,
            "roe_4q": -24.79,
            "gross_profit": 154329,
            "gross_margin": 7.14,
            "gross_margin_4q_avg": 17.73,
            "net_income": -1338517,
            "revenue": 2161220,
            "common_shares": 8393550,
            "book_valuer_per_share": 8.36,
            "book_valuer_per_share_4q_avg": 11.89,
            "equity": 7412631,
            "current_ratio": 133.6,
            "debt_ratio": 53.4,
            "inventory_turnover_ratio": 0.76,
            "account_receivable_turnover_ratio": null,
            "reinvestment_rate": 209.14,
            "research_to_sale_ratio": null,
            "price_fair": 10.26,
            "eps_avg_yearly": 3.42,
            "eps_latest_yearly": 4.92,
            "eps_growth_yearly": -100.84
        },
        "20051": {
            "year_quarter": 20051,
            "year": 2005,
            "quarter": 1,
            "eps": -1.05,
            "eps_growth_year": -185.37,
            "eps_4q": -4.48,
            "eps_4q_growth_year": -200.18,
            "roe": -12.91,
            "roe_4q": -45.92,
            "gross_profit": 40756,
            "gross_margin": 3.11,
            "gross_margin_4q_avg": 13.32,
            "net_income": -868085,
            "revenue": 1312198,
            "common_shares": 8393550,
            "book_valuer_per_share": 7.19,
            "book_valuer_per_share_4q_avg": 9.99,
            "equity": 6036394,
            "current_ratio": 409.78,
            "debt_ratio": 17.94,
            "inventory_turnover_ratio": 0.51,
            "account_receivable_turnover_ratio": null,
            "reinvestment_rate": null,
            "research_to_sale_ratio": null,
            "price_fair": 10.26,
            "eps_avg_yearly": 3.42,
            "eps_latest_yearly": 4.92,
            "eps_growth_yearly": -100.84
        },
        "20052": {
            "year_quarter": 20052,
            "year": 2005,
            "quarter": 2,
            "eps": -1.95,
            "eps_growth_year": null,
            "eps_4q": -6.02,
            "eps_4q_growth_year": -244.9,
            "roe": -30.39,
            "roe_4q": -73.66,
            "gross_profit": 59229,
            "gross_margin": 6.94,
            "gross_margin_4q_avg": 9.12,
            "net_income": -1608413,
            "revenue": 853478,
            "common_shares": 8393550,
            "book_valuer_per_share": 5.42,
            "book_valuer_per_share_4q_avg": 7.78,
            "equity": 4547349,
            "current_ratio": 272.3,
            "debt_ratio": 25.64,
            "inventory_turnover_ratio": 1.82,
            "account_receivable_turnover_ratio": null,
            "reinvestment_rate": null,
            "research_to_sale_ratio": null,
            "price_fair": 10.26,
            "eps_avg_yearly": 3.42,
            "eps_latest_yearly": 4.92,
            "eps_growth_yearly": -100.84
        },
        "20053": {
            "year_quarter": 20053,
            "year": 2005,
            "quarter": 3,
            "eps": -1.94,
            "eps_growth_year": null,
            "eps_4q": -6.44,
            "eps_4q_growth_year": -1249.71,
            "roe": -42.92,
            "roe_4q": -103.02,
            "gross_profit": -8260,
            "gross_margin": -1.99,
            "gross_margin_4q_avg": 3.8,
            "net_income": -1594037,
            "revenue": 415239,
            "common_shares": 8393550,
            "book_valuer_per_share": 3.43,
            "book_valuer_per_share_4q_avg": 6.1,
            "equity": 2879936,
            "current_ratio": 257.78,
            "debt_ratio": 25.44,
            "inventory_turnover_ratio": 1.34,
            "account_receivable_turnover_ratio": null,
            "reinvestment_rate": null,
            "research_to_sale_ratio": null,
            "price_fair": 10.26,
            "eps_avg_yearly": 3.42,
            "eps_latest_yearly": 4.92,
            "eps_growth_yearly": -100.84
        },
        "20054": {
            "year_quarter": 20054,
            "year": 2005,
            "quarter": 4,
            "eps": -1.35,
            "eps_growth_year": null,
            "eps_4q": -5.98,
            "eps_4q_growth_year": null,
            "roe": -48.23,
            "roe_4q": -134.45000000000002,
            "gross_profit": 8952,
            "gross_margin": 2.73,
            "gross_margin_4q_avg": 2.7,
            "net_income": -1108170,
            "revenue": 327398,
            "common_shares": 8321809,
            "book_valuer_per_share": 1.92,
            "book_valuer_per_share_4q_avg": 4.49,
            "equity": 1715270,
            "current_ratio": 82.89,
            "debt_ratio": 80.36,
            "inventory_turnover_ratio": 0.35,
            "account_receivable_turnover_ratio": null,
            "reinvestment_rate": null,
            "research_to_sale_ratio": null,
            "price_fair": 10.26,
            "eps_avg_yearly": 3.42,
            "eps_latest_yearly": 4.92,
            "eps_growth_yearly": -100.84
        },
        "20061": {
            "year_quarter": 20061,
            "year": 2006,
            "quarter": 1,
            "eps": -0.37,
            "eps_growth_year": null,
            "eps_4q": -5.62,
            "eps_4q_growth_year": null,
            "roe": -20.49,
            "roe_4q": -142.03,
            "gross_profit": 1840,
            "gross_margin": 1.93,
            "gross_margin_4q_avg": 2.4,
            "net_income": -303852,
            "revenue": 95206,
            "common_shares": 8321809,
            "book_valuer_per_share": 1.5,
            "book_valuer_per_share_4q_avg": 3.07,
            "equity": 1250491,
            "current_ratio": 304.97,
            "debt_ratio": 56.65,
            "inventory_turnover_ratio": 0.11,
            "account_receivable_turnover_ratio": null,
            "reinvestment_rate": null,
            "research_to_sale_ratio": null,
            "price_fair": 13.04,
            "eps_avg_yearly": 4.35,
            "eps_latest_yearly": 4.92,
            "eps_growth_yearly": -47.5
        },
        "20062": {
            "year_quarter": 20062,
            "year": 2006,
            "quarter": 2,
            "eps": -0.22,
            "eps_growth_year": null,
            "eps_4q": -3.83,
            "eps_4q_growth_year": null,
            "roe": -15.36,
            "roe_4q": -126.99999999999999,
            "gross_profit": -4631,
            "gross_margin": 442.31,
            "gross_margin_4q_avg": 111.25,
            "net_income": -182474,
            "revenue": -1047,
            "common_shares": 8321809,
            "book_valuer_per_share": 1.35,
            "book_valuer_per_share_4q_avg": 2.05,
            "equity": 1126134,
            "current_ratio": 710.51,
            "debt_ratio": 61.25,
            "inventory_turnover_ratio": 0.03,
            "account_receivable_turnover_ratio": null,
            "reinvestment_rate": null,
            "research_to_sale_ratio": null,
            "price_fair": 13.04,
            "eps_avg_yearly": 4.35,
            "eps_latest_yearly": 4.92,
            "eps_growth_yearly": -47.5
        },
        "20063": {
            "year_quarter": 20063,
            "year": 2006,
            "quarter": 3,
            "eps": 0.56,
            "eps_growth_year": null,
            "eps_4q": -1.38,
            "eps_4q_growth_year": null,
            "roe": 34.87,
            "roe_4q": -49.209999999999994,
            "gross_profit": 4147,
            "gross_margin": 24.54,
            "gross_margin_4q_avg": 117.88,
            "net_income": 461005,
            "revenue": 16898,
            "common_shares": 8321809,
            "book_valuer_per_share": 1.82,
            "book_valuer_per_share_4q_avg": 1.65,
            "equity": 1517775,
            "current_ratio": 659.13,
            "debt_ratio": 47.86,
            "inventory_turnover_ratio": 0.15,
            "account_receivable_turnover_ratio": null,
            "reinvestment_rate": null,
            "research_to_sale_ratio": null,
            "price_fair": 13.04,
            "eps_avg_yearly": 4.35,
            "eps_latest_yearly": 4.92,
            "eps_growth_yearly": -47.5
        },
        "20064": {
            "year_quarter": 20064,
            "year": 2006,
            "quarter": 4,
            "eps": -0.25,
            "eps_growth_year": null,
            "eps_4q": -0.41,
            "eps_4q_growth_year": null,
            "roe": -12.83,
            "roe_4q": -13.809999999999999,
            "gross_profit": -11163,
            "gross_margin": -296.42,
            "gross_margin_4q_avg": 43.09,
            "net_income": -209021,
            "revenue": 3766,
            "common_shares": 8321809,
            "book_valuer_per_share": 1.65,
            "book_valuer_per_share_4q_avg": 1.58,
            "equity": 1739554,
            "current_ratio": 36.81,
            "debt_ratio": 69.61,
            "inventory_turnover_ratio": 0.12,
            "account_receivable_turnover_ratio": null,
            "reinvestment_rate": null,
            "research_to_sale_ratio": null,
            "price_fair": 17.76,
            "eps_avg_yearly": 5.92,
            "eps_latest_yearly": 4.92,
            "eps_growth_yearly": -53.07
        },
        "20071": {
            "year_quarter": 20071,
            "year": 2007,
            "quarter": 1,
            "eps": -0.65,
            "eps_growth_year": null,
            "eps_4q": -0.09,
            "eps_4q_growth_year": null,
            "roe": -5.28,
            "roe_4q": 1.3999999999999986,
            "gross_profit": 51,
            "gross_margin": 16.29,
            "gross_margin_4q_avg": 46.68,
            "net_income": -80159,
            "revenue": 313,
            "common_shares": 1248271,
            "book_valuer_per_share": 10.39,
            "book_valuer_per_share_4q_avg": 3.8,
            "equity": 1296481,
            "current_ratio": 402.23,
            "debt_ratio": 54.08,
            "inventory_turnover_ratio": 0,
            "account_receivable_turnover_ratio": null,
            "reinvestment_rate": null,
            "research_to_sale_ratio": null,
            "price_fair": 17.76,
            "eps_avg_yearly": 5.92,
            "eps_latest_yearly": 4.92,
            "eps_growth_yearly": -53.07
        },
        "20072": {
            "year_quarter": 20072,
            "year": 2007,
            "quarter": 2,
            "eps": -1.41,
            "eps_growth_year": null,
            "eps_4q": -0.02,
            "eps_4q_growth_year": null,
            "roe": -14.96,
            "roe_4q": 1.7999999999999972,
            "gross_profit": 56,
            "gross_margin": 45.9,
            "gross_margin_4q_avg": -52.42,
            "net_income": -174945,
            "revenue": 122,
            "common_shares": 1248271,
            "book_valuer_per_share": 8.35,
            "book_valuer_per_share_4q_avg": 5.55,
            "equity": 1041805,
            "current_ratio": 150.19,
            "debt_ratio": 58.71,
            "inventory_turnover_ratio": null,
            "account_receivable_turnover_ratio": null,
            "reinvestment_rate": null,
            "research_to_sale_ratio": null,
            "price_fair": 17.76,
            "eps_avg_yearly": 5.92,
            "eps_latest_yearly": 4.92,
            "eps_growth_yearly": -53.07
        },
        "20073": {
            "year_quarter": 20073,
            "year": 2007,
            "quarter": 3,
            "eps": -1.9,
            "eps_growth_year": -439.29,
            "eps_4q": -6.41,
            "eps_4q_growth_year": null,
            "roe": -44.81,
            "roe_4q": -77.88,
            "gross_profit": 53,
            "gross_margin": 86.89,
            "gross_margin_4q_avg": -36.84,
            "net_income": -387635,
            "revenue": 61,
            "common_shares": 1328271,
            "book_valuer_per_share": 5.18,
            "book_valuer_per_share_4q_avg": 6.39,
            "equity": 688400,
            "current_ratio": 182.8,
            "debt_ratio": 73.21,
            "inventory_turnover_ratio": null,
            "account_receivable_turnover_ratio": null,
            "reinvestment_rate": null,
            "research_to_sale_ratio": null,
            "price_fair": 17.76,
            "eps_avg_yearly": 5.92,
            "eps_latest_yearly": 4.92,
            "eps_growth_yearly": -53.07
        },
        "20074": {
            "year_quarter": 20074,
            "year": 2007,
            "quarter": 4,
            "eps": 0.09,
            "eps_growth_year": null,
            "eps_4q": -5.05,
            "eps_4q_growth_year": null,
            "roe": 1.08,
            "roe_4q": -63.970000000000006,
            "gross_profit": -8,
            "gross_margin": -72.73,
            "gross_margin_4q_avg": 19.09,
            "net_income": 11248,
            "revenue": 11,
            "common_shares": 1500000,
            "book_valuer_per_share": 6.22,
            "book_valuer_per_share_4q_avg": 7.54,
            "equity": 1397186,
            "current_ratio": 31.04,
            "debt_ratio": 73.56,
            "inventory_turnover_ratio": 0,
            "account_receivable_turnover_ratio": null,
            "reinvestment_rate": null,
            "research_to_sale_ratio": null,
            "price_fair": 14.76,
            "eps_avg_yearly": 4.92,
            "eps_latest_yearly": 4.92,
            "eps_growth_yearly": -115.61
        },
        "20081": {
            "year_quarter": 20081,
            "year": 2008,
            "quarter": 1,
            "eps": -1.21,
            "eps_growth_year": null,
            "eps_4q": -5.33,
            "eps_4q_growth_year": null,
            "roe": -12.24,
            "roe_4q": -70.93,
            "gross_profit": 45072,
            "gross_margin": 6.51,
            "gross_margin_4q_avg": 16.64,
            "net_income": -166348,
            "revenue": 691940,
            "common_shares": 1500000,
            "book_valuer_per_share": 5.62,
            "book_valuer_per_share_4q_avg": 6.34,
            "equity": 1320671,
            "current_ratio": 31.58,
            "debt_ratio": 74.08,
            "inventory_turnover_ratio": 4.64,
            "account_receivable_turnover_ratio": null,
            "reinvestment_rate": null,
            "research_to_sale_ratio": null,
            "price_fair": 0,
            "eps_avg_yearly": 0,
            "eps_latest_yearly": 0,
            "eps_growth_yearly": 0
        },
        "20082": {
            "year_quarter": 20082,
            "year": 2008,
            "quarter": 2,
            "eps": -0.25,
            "eps_growth_year": null,
            "eps_4q": -3.22,
            "eps_4q_growth_year": null,
            "roe": -0.81,
            "roe_4q": -56.78,
            "gross_profit": 38532,
            "gross_margin": 100.22,
            "gross_margin_4q_avg": 30.22,
            "net_income": -10411,
            "revenue": 38449,
            "common_shares": 1860000,
            "book_valuer_per_share": 4.49,
            "book_valuer_per_share_4q_avg": 5.38,
            "equity": 1241741,
            "current_ratio": 36.47,
            "debt_ratio": 76.54,
            "inventory_turnover_ratio": -0,
            "account_receivable_turnover_ratio": null,
            "reinvestment_rate": null,
            "research_to_sale_ratio": null,
            "price_fair": 0,
            "eps_avg_yearly": 0,
            "eps_latest_yearly": 0,
            "eps_growth_yearly": 0
        },
        "20083": {
            "year_quarter": 20083,
            "year": 2008,
            "quarter": 3,
            "eps": 0.13,
            "eps_growth_year": null,
            "eps_4q": -0.69,
            "eps_4q_growth_year": null,
            "roe": 3.01,
            "roe_4q": -8.96,
            "gross_profit": -130962,
            "gross_margin": -44.16,
            "gross_margin_4q_avg": -2.54,
            "net_income": 35519,
            "revenue": 296541,
            "common_shares": 1859624,
            "book_valuer_per_share": 3.73,
            "book_valuer_per_share_4q_avg": 5.02,
            "equity": 1114760,
            "current_ratio": 34.12,
            "debt_ratio": 74.32,
            "inventory_turnover_ratio": 2.87,
            "account_receivable_turnover_ratio": null,
            "reinvestment_rate": null,
            "research_to_sale_ratio": null,
            "price_fair": 0,
            "eps_avg_yearly": 0,
            "eps_latest_yearly": 0,
            "eps_growth_yearly": 0
        },
        "20084": {
            "year_quarter": 20084,
            "year": 2008,
            "quarter": 4,
            "eps": -0.91,
            "eps_growth_year": -1111.11,
            "eps_4q": -2.5,
            "eps_4q_growth_year": null,
            "roe": -15.08,
            "roe_4q": -25.12,
            "gross_profit": -3665,
            "gross_margin": -1.3,
            "gross_margin_4q_avg": 15.32,
            "net_income": -153176,
            "revenue": 281660,
            "common_shares": 1859624,
            "book_valuer_per_share": 2.63,
            "book_valuer_per_share_4q_avg": 4.12,
            "equity": 916109,
            "current_ratio": 30.95,
            "debt_ratio": 78.5,
            "inventory_turnover_ratio": 1.9,
            "account_receivable_turnover_ratio": 6.76,
            "reinvestment_rate": null,
            "research_to_sale_ratio": null,
            "price_fair": 0,
            "eps_avg_yearly": 0,
            "eps_latest_yearly": 0,
            "eps_growth_yearly": 0
        },
        "20091": {
            "year_quarter": 20091,
            "year": 2009,
            "quarter": 1,
            "eps": 0.03,
            "eps_growth_year": null,
            "eps_4q": -0.28,
            "eps_4q_growth_year": null,
            "roe": 2.13,
            "roe_4q": -10.75,
            "gross_profit": 20234,
            "gross_margin": 7.16,
            "gross_margin_4q_avg": 15.48,
            "net_income": 18575,
            "revenue": 282461,
            "common_shares": 1859624,
            "book_valuer_per_share": 2.07,
            "book_valuer_per_share_4q_avg": 3.23,
            "equity": 825440,
            "current_ratio": 30.67,
            "debt_ratio": 80.69,
            "inventory_turnover_ratio": 1.79,
            "account_receivable_turnover_ratio": 3.43,
            "reinvestment_rate": null,
            "research_to_sale_ratio": null,
            "price_fair": 0,
            "eps_avg_yearly": 0,
            "eps_latest_yearly": 0,
            "eps_growth_yearly": 0
        },
        "20092": {
            "year_quarter": 20092,
            "year": 2009,
            "quarter": 2,
            "eps": 0.03,
            "eps_growth_year": null,
            "eps_4q": -0.21,
            "eps_4q_growth_year": null,
            "roe": 2.02,
            "roe_4q": -7.92,
            "gross_profit": 32007,
            "gross_margin": 9.35,
            "gross_margin_4q_avg": -7.24,
            "net_income": 17972,
            "revenue": 342489,
            "common_shares": 1859624,
            "book_valuer_per_share": 3.01,
            "book_valuer_per_share_4q_avg": 2.86,
            "equity": 957198,
            "current_ratio": 37.86,
            "debt_ratio": 78.35,
            "inventory_turnover_ratio": 2.18,
            "account_receivable_turnover_ratio": 4.21,
            "reinvestment_rate": null,
            "research_to_sale_ratio": null,
            "price_fair": 1.2,
            "eps_avg_yearly": 0.12,
            "eps_latest_yearly": 0.12,
            "eps_growth_yearly": 0
        },
        "20093": {
            "year_quarter": 20093,
            "year": 2009,
            "quarter": 3,
            "eps": -0.44,
            "eps_growth_year": -438.46,
            "eps_4q": -1.22,
            "eps_4q_growth_year": null,
            "roe": -6.26,
            "roe_4q": -17.19,
            "gross_profit": 136503,
            "gross_margin": 33.66,
            "gross_margin_4q_avg": 12.22,
            "net_income": -62359,
            "revenue": 405537,
            "common_shares": 1859624,
            "book_valuer_per_share": 3.33,
            "book_valuer_per_share_4q_avg": 2.76,
            "equity": 1036026,
            "current_ratio": 37.71,
            "debt_ratio": 76.54,
            "inventory_turnover_ratio": 1.95,
            "account_receivable_turnover_ratio": 4.36,
            "reinvestment_rate": null,
            "research_to_sale_ratio": null,
            "price_fair": 1.2,
            "eps_avg_yearly": 0.12,
            "eps_latest_yearly": 0.12,
            "eps_growth_yearly": 0
        },
        "20094": {
            "year_quarter": 20094,
            "year": 2009,
            "quarter": 4,
            "eps": 0.57,
            "eps_growth_year": null,
            "eps_4q": 0.19,
            "eps_4q_growth_year": null,
            "roe": 12.44,
            "roe_4q": 10.329999999999998,
            "gross_profit": 141309,
            "gross_margin": 25.28,
            "gross_margin_4q_avg": 18.86,
            "net_income": 138039,
            "revenue": 558867,
            "common_shares": 1859624,
            "book_valuer_per_share": 3.98,
            "book_valuer_per_share_4q_avg": 3.1,
            "equity": 1183788,
            "current_ratio": 40.45,
            "debt_ratio": 72.89,
            "inventory_turnover_ratio": 3.48,
            "account_receivable_turnover_ratio": 8,
            "reinvestment_rate": null,
            "research_to_sale_ratio": null,
            "price_fair": 1.2,
            "eps_avg_yearly": 0.12,
            "eps_latest_yearly": 0.12,
            "eps_growth_yearly": 0
        },
        "20101": {
            "year_quarter": 20101,
            "year": 2010,
            "quarter": 1,
            "eps": 0.21,
            "eps_growth_year": 600,
            "eps_4q": 0.37,
            "eps_4q_growth_year": null,
            "roe": 5.88,
            "roe_4q": 14.08,
            "gross_profit": 96495,
            "gross_margin": 17.83,
            "gross_margin_4q_avg": 21.53,
            "net_income": 72378,
            "revenue": 541197,
            "common_shares": 1859624,
            "book_valuer_per_share": 4.31,
            "book_valuer_per_share_4q_avg": 3.66,
            "equity": 1276764,
            "current_ratio": 45.27,
            "debt_ratio": 71.41,
            "inventory_turnover_ratio": 3.9,
            "account_receivable_turnover_ratio": 4.17,
            "reinvestment_rate": null,
            "research_to_sale_ratio": 3.83,
            "price_fair": 1.44,
            "eps_avg_yearly": 0.48,
            "eps_latest_yearly": 0.84,
            "eps_growth_yearly": -126.32
        },
        "20102": {
            "year_quarter": 20102,
            "year": 2010,
            "quarter": 2,
            "eps": 0.91,
            "eps_growth_year": 2920.19,
            "eps_4q": 1.24,
            "eps_4q_growth_year": null,
            "roe": 16.73,
            "roe_4q": 28.79,
            "gross_profit": 225027,
            "gross_margin": 35.91,
            "gross_margin_4q_avg": 28.17,
            "net_income": 215382,
            "revenue": 626579,
            "common_shares": 1859624,
            "book_valuer_per_share": 4.82,
            "book_valuer_per_share_4q_avg": 4.11,
            "equity": 1297541,
            "current_ratio": 46.95,
            "debt_ratio": 71.53,
            "inventory_turnover_ratio": 2.8,
            "account_receivable_turnover_ratio": 4.44,
            "reinvestment_rate": null,
            "research_to_sale_ratio": 4.41,
            "price_fair": 53.67,
            "eps_avg_yearly": 1.53,
            "eps_latest_yearly": 3.64,
            "eps_growth_yearly": 360.23
        },
        "20103": {
            "year_quarter": 20103,
            "year": 2010,
            "quarter": 3,
            "eps": 0.33,
            "eps_growth_year": null,
            "eps_4q": 2.02,
            "eps_4q_growth_year": null,
            "roe": 6.95,
            "roe_4q": 42,
            "gross_profit": 130672,
            "gross_margin": 25.62,
            "gross_margin_4q_avg": 26.16,
            "net_income": 95786,
            "revenue": 509979,
            "common_shares": 1859624,
            "book_valuer_per_share": 5.5,
            "book_valuer_per_share_4q_avg": 4.65,
            "equity": 1457010,
            "current_ratio": 55.86,
            "debt_ratio": 68.64,
            "inventory_turnover_ratio": 1.89,
            "account_receivable_turnover_ratio": 3.33,
            "reinvestment_rate": null,
            "research_to_sale_ratio": 4.29,
            "price_fair": 51.8,
            "eps_avg_yearly": 1.48,
            "eps_latest_yearly": 1.32,
            "eps_growth_yearly": 206.44
        },
        "20104": {
            "year_quarter": 20104,
            "year": 2010,
            "quarter": 4,
            "eps": -1.23,
            "eps_growth_year": -316.38,
            "eps_4q": 0.22,
            "eps_4q_growth_year": 19.2,
            "roe": -14.94,
            "roe_4q": 14.620000000000001,
            "gross_profit": 58972,
            "gross_margin": 16.74,
            "gross_margin_4q_avg": 24.03,
            "net_income": -219646,
            "revenue": 352179,
            "common_shares": 1859624,
            "book_valuer_per_share": 5.57,
            "book_valuer_per_share_4q_avg": 5.05,
            "equity": 1482520,
            "current_ratio": 55.57,
            "debt_ratio": 65.8,
            "inventory_turnover_ratio": 1.4,
            "account_receivable_turnover_ratio": 2.75,
            "reinvestment_rate": null,
            "research_to_sale_ratio": 8.15,
            "price_fair": 51.8,
            "eps_avg_yearly": 1.48,
            "eps_latest_yearly": 1.32,
            "eps_growth_yearly": 206.44
        },
        "20111": {
            "year_quarter": 20111,
            "year": 2011,
            "quarter": 1,
            "eps": 0.05,
            "eps_growth_year": -76.19,
            "eps_4q": 0.06,
            "eps_4q_growth_year": -84.74,
            "roe": 1.48,
            "roe_4q": 10.220000000000002,
            "gross_profit": 78299,
            "gross_margin": 22.59,
            "gross_margin_4q_avg": 25.22,
            "net_income": 21901,
            "revenue": 346665,
            "common_shares": 1859624,
            "book_valuer_per_share": 5.37,
            "book_valuer_per_share_4q_avg": 5.32,
            "equity": 1482641,
            "current_ratio": 56.54,
            "debt_ratio": 66.41,
            "inventory_turnover_ratio": 1.49,
            "account_receivable_turnover_ratio": 3.11,
            "reinvestment_rate": null,
            "research_to_sale_ratio": 5.8,
            "price_fair": 51.8,
            "eps_avg_yearly": 1.48,
            "eps_latest_yearly": 1.32,
            "eps_growth_yearly": 206.44
        },
        "20112": {
            "year_quarter": 20112,
            "year": 2011,
            "quarter": 2,
            "eps": 0.31,
            "eps_growth_year": -66.16,
            "eps_4q": -0.54,
            "eps_4q_growth_year": -143.65,
            "roe": 5.1,
            "roe_4q": -1.4099999999999993,
            "gross_profit": 77587,
            "gross_margin": 19.83,
            "gross_margin_4q_avg": 21.2,
            "net_income": 75666,
            "revenue": 391342,
            "common_shares": 1859624,
            "book_valuer_per_share": 5.91,
            "book_valuer_per_share_4q_avg": 5.59,
            "equity": 1486162,
            "current_ratio": 57.56,
            "debt_ratio": 66.26,
            "inventory_turnover_ratio": 1.81,
            "account_receivable_turnover_ratio": 3.4,
            "reinvestment_rate": null,
            "research_to_sale_ratio": 6.1,
            "price_fair": 50.12,
            "eps_avg_yearly": 1.43,
            "eps_latest_yearly": 1.24,
            "eps_growth_yearly": 581.15
        },
        "20113": {
            "year_quarter": 20113,
            "year": 2011,
            "quarter": 3,
            "eps": 0.58,
            "eps_growth_year": 74.51,
            "eps_4q": -0.29,
            "eps_4q_growth_year": -114.57,
            "roe": 8.66,
            "roe_4q": 0.3000000000000007,
            "gross_profit": 69677,
            "gross_margin": 23.52,
            "gross_margin_4q_avg": 20.67,
            "net_income": 122683,
            "revenue": 296231,
            "common_shares": 1859624,
            "book_valuer_per_share": 5.07,
            "book_valuer_per_share_4q_avg": 5.48,
            "equity": 1346161,
            "current_ratio": 52.72,
            "debt_ratio": 68.99,
            "inventory_turnover_ratio": 1.06,
            "account_receivable_turnover_ratio": 2.62,
            "reinvestment_rate": null,
            "research_to_sale_ratio": 8.15,
            "price_fair": 55.3,
            "eps_avg_yearly": 1.58,
            "eps_latest_yearly": 2.32,
            "eps_growth_yearly": 542.36
        },
        "20114": {
            "year_quarter": 20114,
            "year": 2011,
            "quarter": 4,
            "eps": 0,
            "eps_growth_year": null,
            "eps_4q": 0.94,
            "eps_4q_growth_year": 327.34,
            "roe": 1.43,
            "roe_4q": 16.669999999999998,
            "gross_profit": 110037,
            "gross_margin": 30.48,
            "gross_margin_4q_avg": 24.11,
            "net_income": 19351,
            "revenue": 360984,
            "common_shares": 1859624,
            "book_valuer_per_share": 5.06,
            "book_valuer_per_share_4q_avg": 5.35,
            "equity": 1362535,
            "current_ratio": 53.87,
            "debt_ratio": 68.81,
            "inventory_turnover_ratio": 0.93,
            "account_receivable_turnover_ratio": 3.16,
            "reinvestment_rate": null,
            "research_to_sale_ratio": 6.69,
            "price_fair": 55.3,
            "eps_avg_yearly": 1.58,
            "eps_latest_yearly": 2.32,
            "eps_growth_yearly": 542.36
        },
        "20121": {
            "year_quarter": 20121,
            "year": 2012,
            "quarter": 1,
            "eps": -0.26,
            "eps_growth_year": -620,
            "eps_4q": 0.63,
            "eps_4q_growth_year": 1026.67,
            "roe": -2.4,
            "roe_4q": 12.79,
            "gross_profit": 92416,
            "gross_margin": 26.49,
            "gross_margin_4q_avg": 25.08,
            "net_income": -33469,
            "revenue": 348816,
            "common_shares": 1859624,
            "book_valuer_per_share": 5.31,
            "book_valuer_per_share_4q_avg": 5.34,
            "equity": 1423539,
            "current_ratio": 56.99,
            "debt_ratio": 67.43,
            "inventory_turnover_ratio": 0.93,
            "account_receivable_turnover_ratio": 3.21,
            "reinvestment_rate": -223.57,
            "research_to_sale_ratio": 6.43,
            "price_fair": 55.3,
            "eps_avg_yearly": 1.58,
            "eps_latest_yearly": 2.32,
            "eps_growth_yearly": 542.36
        },
        "20122": {
            "year_quarter": 20122,
            "year": 2012,
            "quarter": 2,
            "eps": 0.14,
            "eps_growth_year": -54.84,
            "eps_4q": 0.46,
            "eps_4q_growth_year": null,
            "roe": 3.27,
            "roe_4q": 10.96,
            "gross_profit": 92827,
            "gross_margin": 25.85,
            "gross_margin_4q_avg": 26.59,
            "net_income": 46065,
            "revenue": 359086,
            "common_shares": 1859624,
            "book_valuer_per_share": 5.36,
            "book_valuer_per_share_4q_avg": 5.2,
            "equity": 1396867,
            "current_ratio": 56.69,
            "debt_ratio": 68.47,
            "inventory_turnover_ratio": 1.11,
            "account_receivable_turnover_ratio": 3.36,
            "reinvestment_rate": -147.68,
            "research_to_sale_ratio": 6.87,
            "price_fair": 55.3,
            "eps_avg_yearly": 1.58,
            "eps_latest_yearly": 2.32,
            "eps_growth_yearly": 542.36
        },
        "20123": {
            "year_quarter": 20123,
            "year": 2012,
            "quarter": 3,
            "eps": -0.31,
            "eps_growth_year": -153.13,
            "eps_4q": -0.43,
            "eps_4q_growth_year": null,
            "roe": -3.42,
            "roe_4q": -1.1199999999999999,
            "gross_profit": 77724,
            "gross_margin": 27.86,
            "gross_margin_4q_avg": 27.67,
            "net_income": -47498,
            "revenue": 279029,
            "common_shares": 1859624,
            "book_valuer_per_share": 5.24,
            "book_valuer_per_share_4q_avg": 5.24,
            "equity": 1384625,
            "current_ratio": 55.64,
            "debt_ratio": 68.23,
            "inventory_turnover_ratio": 0.99,
            "account_receivable_turnover_ratio": 2.94,
            "reinvestment_rate": 2868.74,
            "research_to_sale_ratio": 8.43,
            "price_fair": 55.3,
            "eps_avg_yearly": 1.58,
            "eps_latest_yearly": 2.32,
            "eps_growth_yearly": 542.36
        },
        "20124": {
            "year_quarter": 20124,
            "year": 2012,
            "quarter": 4,
            "eps": -0.29,
            "eps_growth_year": -6754.14,
            "eps_4q": -0.72,
            "eps_4q_growth_year": -176.21,
            "roe": -4.19,
            "roe_4q": -6.74,
            "gross_profit": 36987,
            "gross_margin": 18.05,
            "gross_margin_4q_avg": 24.56,
            "net_income": -57969,
            "revenue": 204967,
            "common_shares": 1859624,
            "book_valuer_per_share": 5.25,
            "book_valuer_per_share_4q_avg": 5.29,
            "equity": 1381225,
            "current_ratio": 53.58,
            "debt_ratio": 67.01,
            "inventory_turnover_ratio": 0.96,
            "account_receivable_turnover_ratio": 2.93,
            "reinvestment_rate": 399.97,
            "research_to_sale_ratio": 10.62,
            "price_fair": 55.3,
            "eps_avg_yearly": 1.58,
            "eps_latest_yearly": 2.32,
            "eps_growth_yearly": 542.36
        },
        "20131": {
            "year_quarter": 20131,
            "year": 2013,
            "quarter": 1,
            "eps": -1.13,
            "eps_growth_year": null,
            "eps_4q": -1.59,
            "eps_4q_growth_year": -351.47,
            "roe": -16.58,
            "roe_4q": -20.919999999999998,
            "gross_profit": 64259,
            "gross_margin": 26.08,
            "gross_margin_4q_avg": 24.46,
            "net_income": -199637,
            "revenue": 246430,
            "common_shares": 1859624,
            "book_valuer_per_share": 3.32,
            "book_valuer_per_share_4q_avg": 4.79,
            "equity": 1026788,
            "current_ratio": 52.03,
            "debt_ratio": 74.13,
            "inventory_turnover_ratio": 1.19,
            "account_receivable_turnover_ratio": 3.79,
            "reinvestment_rate": null,
            "research_to_sale_ratio": 8.84,
            "price_fair": 55.3,
            "eps_avg_yearly": 1.58,
            "eps_latest_yearly": 2.32,
            "eps_growth_yearly": 542.36
        },
        "20132": {
            "year_quarter": 20132,
            "year": 2013,
            "quarter": 2,
            "eps": 0.04,
            "eps_growth_year": -71.11,
            "eps_4q": -1.69,
            "eps_4q_growth_year": -463.47,
            "roe": 1.95,
            "roe_4q": -22.240000000000002,
            "gross_profit": 74518,
            "gross_margin": 25.52,
            "gross_margin_4q_avg": 24.38,
            "net_income": 19345,
            "revenue": 291989,
            "common_shares": 1859624,
            "book_valuer_per_share": 3.06,
            "book_valuer_per_share_4q_avg": 4.22,
            "equity": 953501,
            "current_ratio": 52.8,
            "debt_ratio": 76.76,
            "inventory_turnover_ratio": 1.36,
            "account_receivable_turnover_ratio": 4.21,
            "reinvestment_rate": null,
            "research_to_sale_ratio": 7.28,
            "price_fair": 65.52,
            "eps_avg_yearly": 1.87,
            "eps_latest_yearly": 2.32,
            "eps_growth_yearly": 650.83
        },
        "20133": {
            "year_quarter": 20133,
            "year": 2013,
            "quarter": 3,
            "eps": -0.1,
            "eps_growth_year": null,
            "eps_4q": -1.48,
            "eps_4q_growth_year": null,
            "roe": -1.75,
            "roe_4q": -20.57,
            "gross_profit": 45810,
            "gross_margin": 20.51,
            "gross_margin_4q_avg": 22.54,
            "net_income": -16767,
            "revenue": 223320,
            "common_shares": 1859624,
            "book_valuer_per_share": 3.24,
            "book_valuer_per_share_4q_avg": 3.72,
            "equity": 962346,
            "current_ratio": 52.5,
            "debt_ratio": 75.65,
            "inventory_turnover_ratio": 0.9,
            "account_receivable_turnover_ratio": 3.63,
            "reinvestment_rate": null,
            "research_to_sale_ratio": 9.47,
            "price_fair": 65.52,
            "eps_avg_yearly": 1.87,
            "eps_latest_yearly": 2.32,
            "eps_growth_yearly": 650.83
        },
        "20134": {
            "year_quarter": 20134,
            "year": 2013,
            "quarter": 4,
            "eps": 0.15,
            "eps_growth_year": null,
            "eps_4q": -1.04,
            "eps_4q_growth_year": null,
            "roe": 3.27,
            "roe_4q": -13.11,
            "gross_profit": 51517,
            "gross_margin": 26.9,
            "gross_margin_4q_avg": 24.75,
            "net_income": 31014,
            "revenue": 191507,
            "common_shares": 1859624,
            "book_valuer_per_share": 3.07,
            "book_valuer_per_share_4q_avg": 3.17,
            "equity": 934052,
            "current_ratio": 50.73,
            "debt_ratio": 75.82,
            "inventory_turnover_ratio": 0.66,
            "account_receivable_turnover_ratio": 4.31,
            "reinvestment_rate": null,
            "research_to_sale_ratio": 12.1,
            "price_fair": 65.52,
            "eps_avg_yearly": 1.87,
            "eps_latest_yearly": 2.32,
            "eps_growth_yearly": 650.83
        },
        "20141": {
            "year_quarter": 20141,
            "year": 2014,
            "quarter": 1,
            "eps": -0.18,
            "eps_growth_year": null,
            "eps_4q": -0.09,
            "eps_4q_growth_year": null,
            "roe": -3.7,
            "roe_4q": -0.2300000000000002,
            "gross_profit": 34110,
            "gross_margin": 19.75,
            "gross_margin_4q_avg": 23.17,
            "net_income": -33823,
            "revenue": 172695,
            "common_shares": 1859624,
            "book_valuer_per_share": 2.87,
            "book_valuer_per_share_4q_avg": 3.06,
            "equity": 896619,
            "current_ratio": 50.46,
            "debt_ratio": 76.46,
            "inventory_turnover_ratio": 0.75,
            "account_receivable_turnover_ratio": 4.17,
            "reinvestment_rate": null,
            "research_to_sale_ratio": 10.03,
            "price_fair": 74.55,
            "eps_avg_yearly": 2.13,
            "eps_latest_yearly": 2.32,
            "eps_growth_yearly": 876.69
        },
        "20142": {
            "year_quarter": 20142,
            "year": 2014,
            "quarter": 2,
            "eps": 1.57,
            "eps_growth_year": 3825,
            "eps_4q": 1.44,
            "eps_4q_growth_year": null,
            "roe": 27.13,
            "roe_4q": 24.95,
            "gross_profit": 50240,
            "gross_margin": 23.81,
            "gross_margin_4q_avg": 22.74,
            "net_income": 289352,
            "revenue": 211023,
            "common_shares": 1859624,
            "book_valuer_per_share": 4.82,
            "book_valuer_per_share_4q_avg": 3.5,
            "equity": 1236237,
            "current_ratio": 67.66,
            "debt_ratio": 70.37,
            "inventory_turnover_ratio": 1.02,
            "account_receivable_turnover_ratio": 4.29,
            "reinvestment_rate": null,
            "research_to_sale_ratio": 9.03,
            "price_fair": 56.93,
            "eps_avg_yearly": 1.63,
            "eps_latest_yearly": 2.32,
            "eps_growth_yearly": 724.48
        },
        "20143": {
            "year_quarter": 20143,
            "year": 2014,
            "quarter": 3,
            "eps": 0.02,
            "eps_growth_year": null,
            "eps_4q": 1.57,
            "eps_4q_growth_year": null,
            "roe": 0.31,
            "roe_4q": 27.009999999999998,
            "gross_profit": 31811,
            "gross_margin": 20.84,
            "gross_margin_4q_avg": 22.83,
            "net_income": 3653,
            "revenue": 152676,
            "common_shares": 1859624,
            "book_valuer_per_share": 4.34,
            "book_valuer_per_share_4q_avg": 3.78,
            "equity": 1146411,
            "current_ratio": 67.1,
            "debt_ratio": 72.33,
            "inventory_turnover_ratio": 0.88,
            "account_receivable_turnover_ratio": 3.26,
            "reinvestment_rate": null,
            "research_to_sale_ratio": 12.55,
            "price_fair": 42.47,
            "eps_avg_yearly": 1.21,
            "eps_latest_yearly": 0.08,
            "eps_growth_yearly": 677.83
        },
        "20144": {
            "year_quarter": 20144,
            "year": 2014,
            "quarter": 4,
            "eps": 0.05,
            "eps_growth_year": -65.78,
            "eps_4q": 1.47,
            "eps_4q_growth_year": null,
            "roe": 0.81,
            "roe_4q": 24.55,
            "gross_profit": 32877,
            "gross_margin": 20.33,
            "gross_margin_4q_avg": 21.18,
            "net_income": 8739,
            "revenue": 161714,
            "common_shares": 1859624,
            "book_valuer_per_share": 3.68,
            "book_valuer_per_share_4q_avg": 3.93,
            "equity": 1021641,
            "current_ratio": 65.21,
            "debt_ratio": 75.61,
            "inventory_turnover_ratio": 0.98,
            "account_receivable_turnover_ratio": 4.17,
            "reinvestment_rate": -1705.45,
            "research_to_sale_ratio": 14.65,
            "price_fair": 33.6,
            "eps_avg_yearly": 0.96,
            "eps_latest_yearly": 0.2,
            "eps_growth_yearly": 658.37
        },
        "20151": {
            "year_quarter": 20151,
            "year": 2015,
            "quarter": 1,
            "eps": -0.46,
            "eps_growth_year": null,
            "eps_4q": 1.19,
            "eps_4q_growth_year": null,
            "roe": -8.67,
            "roe_4q": 19.58,
            "gross_profit": 51873,
            "gross_margin": 25.6,
            "gross_margin_4q_avg": 22.65,
            "net_income": -86925,
            "revenue": 202642,
            "common_shares": 1859624,
            "book_valuer_per_share": 3.5,
            "book_valuer_per_share_4q_avg": 4.09,
            "equity": 984576,
            "current_ratio": 64.84,
            "debt_ratio": 76.23,
            "inventory_turnover_ratio": 1.24,
            "account_receivable_turnover_ratio": 3.86,
            "reinvestment_rate": -7856.45,
            "research_to_sale_ratio": 10.57,
            "price_fair": 33.6,
            "eps_avg_yearly": 0.96,
            "eps_latest_yearly": 0.2,
            "eps_growth_yearly": 658.37
        },
        "20152": {
            "year_quarter": 20152,
            "year": 2015,
            "quarter": 2,
            "eps": -0.38,
            "eps_growth_year": -124.2,
            "eps_4q": -0.76,
            "eps_4q_growth_year": -152.81,
            "roe": -7.46,
            "roe_4q": -15.009999999999998,
            "gross_profit": 57289,
            "gross_margin": 25.25,
            "gross_margin_4q_avg": 23.01,
            "net_income": -72964,
            "revenue": 226905,
            "common_shares": 1859624,
            "book_valuer_per_share": 3.45,
            "book_valuer_per_share_4q_avg": 3.74,
            "equity": 972475,
            "current_ratio": 65.09,
            "debt_ratio": 76.64,
            "inventory_turnover_ratio": 1.38,
            "account_receivable_turnover_ratio": 3.81,
            "reinvestment_rate": null,
            "research_to_sale_ratio": 10.85,
            "price_fair": 30.33,
            "eps_avg_yearly": 0.87,
            "eps_latest_yearly": 0.2,
            "eps_growth_yearly": 184.49
        },
        "20153": {
            "year_quarter": 20153,
            "year": 2015,
            "quarter": 3,
            "eps": 0.26,
            "eps_growth_year": 1200,
            "eps_4q": -0.53,
            "eps_4q_growth_year": -133.4,
            "roe": 5.52,
            "roe_4q": -9.799999999999999,
            "gross_profit": 47024,
            "gross_margin": 24.26,
            "gross_margin_4q_avg": 23.86,
            "net_income": 50432,
            "revenue": 193869,
            "common_shares": 1859624,
            "book_valuer_per_share": 2.81,
            "book_valuer_per_share_4q_avg": 3.36,
            "equity": 854125,
            "current_ratio": 64.03,
            "debt_ratio": 80.05,
            "inventory_turnover_ratio": 1,
            "account_receivable_turnover_ratio": 3.7,
            "reinvestment_rate": null,
            "research_to_sale_ratio": 14.8,
            "price_fair": 4.9,
            "eps_avg_yearly": 0.14,
            "eps_latest_yearly": 0.2,
            "eps_growth_yearly": 102.55
        },
        "20154": {
            "year_quarter": 20154,
            "year": 2015,
            "quarter": 4,
            "eps": -0.93,
            "eps_growth_year": -1878.45,
            "eps_4q": -1.5,
            "eps_4q_growth_year": -202.18,
            "roe": -20.73,
            "roe_4q": -31.340000000000003,
            "gross_profit": 61887,
            "gross_margin": 33.19,
            "gross_margin_4q_avg": 27.08,
            "net_income": -171516,
            "revenue": 186484,
            "common_shares": 1859624,
            "book_valuer_per_share": 2.55,
            "book_valuer_per_share_4q_avg": 3.08,
            "equity": 800877,
            "current_ratio": 62.85,
            "debt_ratio": 80.97,
            "inventory_turnover_ratio": 0.75,
            "account_receivable_turnover_ratio": 4.13,
            "reinvestment_rate": null,
            "research_to_sale_ratio": 12.51,
            "price_fair": 4.9,
            "eps_avg_yearly": 0.14,
            "eps_latest_yearly": 0.2,
            "eps_growth_yearly": 102.55
        },
        "20161": {
            "year_quarter": 20161,
            "year": 2016,
            "quarter": 1,
            "eps": -0.31,
            "eps_growth_year": null,
            "eps_4q": -1.36,
            "eps_4q_growth_year": -213.92,
            "roe": -8.1,
            "roe_4q": -30.77,
            "gross_profit": 53128,
            "gross_margin": 28.98,
            "gross_margin_4q_avg": 27.92,
            "net_income": -63045,
            "revenue": 183305,
            "common_shares": 1859624,
            "book_valuer_per_share": 2.33,
            "book_valuer_per_share_4q_avg": 2.79,
            "equity": 754998,
            "current_ratio": 61.06,
            "debt_ratio": 81.64,
            "inventory_turnover_ratio": 0.8,
            "account_receivable_turnover_ratio": 4.4,
            "reinvestment_rate": null,
            "research_to_sale_ratio": 12.1,
            "price_fair": 4.9,
            "eps_avg_yearly": 0.14,
            "eps_latest_yearly": 0.2,
            "eps_growth_yearly": 102.55
        },
        "20162": {
            "year_quarter": 20162,
            "year": 2016,
            "quarter": 2,
            "eps": -0.19,
            "eps_growth_year": null,
            "eps_4q": -1.16,
            "eps_4q_growth_year": null,
            "roe": -4.11,
            "roe_4q": -27.419999999999998,
            "gross_profit": 74466,
            "gross_margin": 29.63,
            "gross_margin_4q_avg": 29.02,
            "net_income": -32436,
            "revenue": 251299,
            "common_shares": 1859624,
            "book_valuer_per_share": 2.69,
            "book_valuer_per_share_4q_avg": 2.6,
            "equity": 822157,
            "current_ratio": 62.59,
            "debt_ratio": 79.59,
            "inventory_turnover_ratio": 1.22,
            "account_receivable_turnover_ratio": 3.77,
            "reinvestment_rate": null,
            "research_to_sale_ratio": 9.27,
            "price_fair": 4.9,
            "eps_avg_yearly": 0.14,
            "eps_latest_yearly": 0.2,
            "eps_growth_yearly": 102.55
        },
        "20163": {
            "year_quarter": 20163,
            "year": 2016,
            "quarter": 3,
            "eps": -0.76,
            "eps_growth_year": -392.31,
            "eps_4q": -2.18,
            "eps_4q_growth_year": null,
            "roe": -17.53,
            "roe_4q": -50.47,
            "gross_profit": 58496,
            "gross_margin": 31.41,
            "gross_margin_4q_avg": 30.8,
            "net_income": -144032,
            "revenue": 186223,
            "common_shares": 1859624,
            "book_valuer_per_share": 2.72,
            "book_valuer_per_share_4q_avg": 2.57,
            "equity": 821118,
            "current_ratio": 62.17,
            "debt_ratio": 79.06,
            "inventory_turnover_ratio": 0.93,
            "account_receivable_turnover_ratio": 2.6,
            "reinvestment_rate": null,
            "research_to_sale_ratio": 11.58,
            "price_fair": 4.9,
            "eps_avg_yearly": 0.14,
            "eps_latest_yearly": 0.2,
            "eps_growth_yearly": 102.55
        },
        "20164": {
            "year_quarter": 20164,
            "year": 2016,
            "quarter": 4,
            "eps": 0.03,
            "eps_growth_year": null,
            "eps_4q": -1.23,
            "eps_4q_growth_year": null,
            "roe": 1.14,
            "roe_4q": -28.6,
            "gross_profit": 49699,
            "gross_margin": 28.58,
            "gross_margin_4q_avg": 29.65,
            "net_income": 9617,
            "revenue": 173866,
            "common_shares": 1859624,
            "book_valuer_per_share": 3,
            "book_valuer_per_share_4q_avg": 2.69,
            "equity": 870806,
            "current_ratio": 65.51,
            "debt_ratio": 78.25,
            "inventory_turnover_ratio": 0.9,
            "account_receivable_turnover_ratio": 3.47,
            "reinvestment_rate": null,
            "research_to_sale_ratio": 11.33,
            "price_fair": 4.9,
            "eps_avg_yearly": 0.14,
            "eps_latest_yearly": 0.2,
            "eps_growth_yearly": 102.55
        },
        "20171": {
            "year_quarter": 20171,
            "year": 2017,
            "quarter": 1,
            "eps": -1.17,
            "eps_growth_year": null,
            "eps_4q": -2.08,
            "eps_4q_growth_year": null,
            "roe": -26.29,
            "roe_4q": -46.79,
            "gross_profit": 56128,
            "gross_margin": 29.02,
            "gross_margin_4q_avg": 29.66,
            "net_income": -226301,
            "revenue": 193442,
            "common_shares": 1859624,
            "book_valuer_per_share": 2.96,
            "book_valuer_per_share_4q_avg": 2.84,
            "equity": 850931,
            "current_ratio": 64.16,
            "debt_ratio": 77.9,
            "inventory_turnover_ratio": 1.04,
            "account_receivable_turnover_ratio": 4.02,
            "reinvestment_rate": null,
            "research_to_sale_ratio": 14.13,
            "price_fair": 4.9,
            "eps_avg_yearly": 0.14,
            "eps_latest_yearly": 0.2,
            "eps_growth_yearly": 102.55
        },
        "20172": {
            "year_quarter": 20172,
            "year": 2017,
            "quarter": 2,
            "eps": 0.3,
            "eps_growth_year": null,
            "eps_4q": -1.6,
            "eps_4q_growth_year": null,
            "roe": 6.72,
            "roe_4q": -35.96,
            "gross_profit": 79494,
            "gross_margin": 30.06,
            "gross_margin_4q_avg": 29.77,
            "net_income": 56662,
            "revenue": 264437,
            "common_shares": 1859624,
            "book_valuer_per_share": 2.86,
            "book_valuer_per_share_4q_avg": 2.89,
            "equity": 835920,
            "current_ratio": 63.73,
            "debt_ratio": 78.39,
            "inventory_turnover_ratio": 1.49,
            "account_receivable_turnover_ratio": 3.98,
            "reinvestment_rate": null,
            "research_to_sale_ratio": 15.16,
            "price_fair": 4.9,
            "eps_avg_yearly": 0.14,
            "eps_latest_yearly": 0.2,
            "eps_growth_yearly": 102.55
        },
        "20173": {
            "year_quarter": 20173,
            "year": 2017,
            "quarter": 3,
            "eps": 0,
            "eps_growth_year": null,
            "eps_4q": -0.85,
            "eps_4q_growth_year": null,
            "roe": 0.38,
            "roe_4q": -18.049999999999997,
            "gross_profit": 92088,
            "gross_margin": 34.66,
            "gross_margin_4q_avg": 30.58,
            "net_income": 3114,
            "revenue": 265727,
            "common_shares": 1859624,
            "book_valuer_per_share": 2.58,
            "book_valuer_per_share_4q_avg": 2.85,
            "equity": 788227,
            "current_ratio": 62.8,
            "debt_ratio": 79.67,
            "inventory_turnover_ratio": 1.45,
            "account_receivable_turnover_ratio": 3.28,
            "reinvestment_rate": null,
            "research_to_sale_ratio": 15.57,
            "price_fair": 4.9,
            "eps_avg_yearly": 0.14,
            "eps_latest_yearly": 0.2,
            "eps_growth_yearly": 102.55
        },
        "20174": {
            "year_quarter": 20174,
            "year": 2017,
            "quarter": 4,
            "eps": -0.16,
            "eps_growth_year": -677.9,
            "eps_4q": -1.03,
            "eps_4q_growth_year": null,
            "roe": -2.86,
            "roe_4q": -22.049999999999997,
            "gross_profit": 89091,
            "gross_margin": 37.26,
            "gross_margin_4q_avg": 32.75,
            "net_income": -21868,
            "revenue": 239135,
            "common_shares": 1859624,
            "book_valuer_per_share": 2.31,
            "book_valuer_per_share_4q_avg": 2.68,
            "equity": 740899,
            "current_ratio": 62.05,
            "debt_ratio": 80.89,
            "inventory_turnover_ratio": 1.23,
            "account_receivable_turnover_ratio": 3.11,
            "reinvestment_rate": null,
            "research_to_sale_ratio": 14.46,
            "price_fair": 4.9,
            "eps_avg_yearly": 0.14,
            "eps_latest_yearly": 0.2,
            "eps_growth_yearly": 102.55
        },
        "20181": {
            "year_quarter": 20181,
            "year": 2018,
            "quarter": 1,
            "eps": -0.12,
            "eps_growth_year": null,
            "eps_4q": 0.01,
            "eps_4q_growth_year": null,
            "roe": -3.07,
            "roe_4q": 1.17,
            "gross_profit": 83560,
            "gross_margin": 33,
            "gross_margin_4q_avg": 33.75,
            "net_income": -24214,
            "revenue": 253243,
            "common_shares": 1859624,
            "book_valuer_per_share": 2.83,
            "book_valuer_per_share_4q_avg": 2.65,
            "equity": 836227,
            "current_ratio": 50.11,
            "debt_ratio": 75.68,
            "inventory_turnover_ratio": 1.3,
            "account_receivable_turnover_ratio": 3.88,
            "reinvestment_rate": null,
            "research_to_sale_ratio": 18.9,
            "price_fair": 4.9,
            "eps_avg_yearly": 0.14,
            "eps_latest_yearly": 0.2,
            "eps_growth_yearly": 102.55
        },
        "20182": {
            "year_quarter": 20182,
            "year": 2018,
            "quarter": 2,
            "eps": 0.04,
            "eps_growth_year": -86.67,
            "eps_4q": -0.24,
            "eps_4q_growth_year": null,
            "roe": 1.92,
            "roe_4q": -3.63,
            "gross_profit": 124672,
            "gross_margin": 35.74,
            "gross_margin_4q_avg": 35.17,
            "net_income": 16707,
            "revenue": 348871,
            "common_shares": 1859624,
            "book_valuer_per_share": 3.17,
            "book_valuer_per_share_4q_avg": 2.72,
            "equity": 906016,
            "current_ratio": 54.34,
            "debt_ratio": 74.75,
            "inventory_turnover_ratio": 1.68,
            "account_receivable_turnover_ratio": 4.38,
            "reinvestment_rate": null,
            "research_to_sale_ratio": 17.48,
            "price_fair": 4.9,
            "eps_avg_yearly": 0.14,
            "eps_latest_yearly": 0.2,
            "eps_growth_yearly": 102.55
        },
        "20183": {
            "year_quarter": 20183,
            "year": 2018,
            "quarter": 3,
            "eps": -0.56,
            "eps_growth_year": null,
            "eps_4q": -0.79,
            "eps_4q_growth_year": null,
            "roe": -10.84,
            "roe_4q": -14.85,
            "gross_profit": 135361,
            "gross_margin": 37.64,
            "gross_margin_4q_avg": 35.91,
            "net_income": -100233,
            "revenue": 359615,
            "common_shares": 1859624,
            "book_valuer_per_share": 3.36,
            "book_valuer_per_share_4q_avg": 2.92,
            "equity": 943057,
            "current_ratio": 56.13,
            "debt_ratio": 73.81,
            "inventory_turnover_ratio": 1.59,
            "account_receivable_turnover_ratio": 3.55,
            "reinvestment_rate": null,
            "research_to_sale_ratio": 18.41,
            "price_fair": 7,
            "eps_avg_yearly": 0.2,
            "eps_latest_yearly": 0.2,
            "eps_growth_yearly": 600
        },
        "20184": {
            "year_quarter": 20184,
            "year": 2018,
            "quarter": 4,
            "eps": 0.04,
            "eps_growth_year": null,
            "eps_4q": -0.59,
            "eps_4q_growth_year": null,
            "roe": 1.35,
            "roe_4q": -10.64,
            "gross_profit": 111862,
            "gross_margin": 38.33,
            "gross_margin_4q_avg": 36.18,
            "net_income": 12732,
            "revenue": 291833,
            "common_shares": 1859624,
            "book_valuer_per_share": 3.31,
            "book_valuer_per_share_4q_avg": 3.17,
            "equity": 936866,
            "current_ratio": 55.37,
            "debt_ratio": 74.03,
            "inventory_turnover_ratio": 1.13,
            "account_receivable_turnover_ratio": 3.59,
            "reinvestment_rate": null,
            "research_to_sale_ratio": 17.7,
            "price_fair": 0,
            "eps_avg_yearly": 0,
            "eps_latest_yearly": 0,
            "eps_growth_yearly": 0
        },
        "20191": {
            "year_quarter": 20191,
            "year": 2019,
            "quarter": 1,
            "eps": 0.24,
            "eps_growth_year": null,
            "eps_4q": -0.23,
            "eps_4q_growth_year": -2181.18,
            "roe": 4.98,
            "roe_4q": -2.59,
            "gross_profit": 119876,
            "gross_margin": 37.43,
            "gross_margin_4q_avg": 37.29,
            "net_income": 45463,
            "revenue": 320307,
            "common_shares": 1859624,
            "book_valuer_per_share": 3.05,
            "book_valuer_per_share_4q_avg": 3.22,
            "equity": 889132,
            "current_ratio": 52.99,
            "debt_ratio": 76.03,
            "inventory_turnover_ratio": 1.24,
            "account_receivable_turnover_ratio": 4.07,
            "reinvestment_rate": null,
            "research_to_sale_ratio": 20.5,
            "price_fair": 33.6,
            "eps_avg_yearly": 0.96,
            "eps_latest_yearly": 0.96,
            "eps_growth_yearly": 2000
        },
        "20192": {
            "year_quarter": 20192,
            "year": 2019,
            "quarter": 2,
            "eps": -0.41,
            "eps_growth_year": -1125,
            "eps_4q": -0.42,
            "eps_4q_growth_year": null,
            "roe": -6.47,
            "roe_4q": -10.979999999999999,
            "gross_profit": 158973,
            "gross_margin": 36.17,
            "gross_margin_4q_avg": 37.39,
            "net_income": -72611,
            "revenue": 439490,
            "common_shares": 3269624,
            "book_valuer_per_share": 3.16,
            "book_valuer_per_share_4q_avg": 3.22,
            "equity": 1355533,
            "current_ratio": 73.54,
            "debt_ratio": 68.48,
            "inventory_turnover_ratio": 1.68,
            "account_receivable_turnover_ratio": 3.69,
            "reinvestment_rate": null,
            "research_to_sale_ratio": 15.65,
            "price_fair": 33.6,
            "eps_avg_yearly": 0.96,
            "eps_latest_yearly": 0.96,
            "eps_growth_yearly": 2000
        },
        "20193": {
            "year_quarter": 20193,
            "year": 2019,
            "quarter": 3,
            "eps": -0.34,
            "eps_growth_year": null,
            "eps_4q": -0.44,
            "eps_4q_growth_year": null,
            "roe": -8.14,
            "roe_4q": -8.28,
            "gross_profit": 110325,
            "gross_margin": 38.71,
            "gross_margin_4q_avg": 37.66,
            "net_income": -112259,
            "revenue": 284969,
            "common_shares": 3269624,
            "book_valuer_per_share": 3.3,
            "book_valuer_per_share_4q_avg": 3.21,
            "equity": 1401710,
            "current_ratio": 77.76,
            "debt_ratio": 66.67,
            "inventory_turnover_ratio": 0.9,
            "account_receivable_turnover_ratio": 2.39,
            "reinvestment_rate": null,
            "research_to_sale_ratio": 20.75,
            "price_fair": 33.6,
            "eps_avg_yearly": 0.96,
            "eps_latest_yearly": 0.96,
            "eps_growth_yearly": 2000
        },
        "20194": {
            "year_quarter": 20194,
            "year": 2019,
            "quarter": 4,
            "eps": 0.15,
            "eps_growth_year": 254.29,
            "eps_4q": -0.32,
            "eps_4q_growth_year": null,
            "roe": 3.36,
            "roe_4q": -6.27,
            "gross_profit": 102989,
            "gross_margin": 36.36,
            "gross_margin_4q_avg": 37.17,
            "net_income": 47194,
            "revenue": 283254,
            "common_shares": 3269624,
            "book_valuer_per_share": 3.33,
            "book_valuer_per_share_4q_avg": 3.21,
            "equity": 1406615,
            "current_ratio": 66.67,
            "debt_ratio": 58.35,
            "inventory_turnover_ratio": 0.85,
            "account_receivable_turnover_ratio": 3.04,
            "reinvestment_rate": null,
            "research_to_sale_ratio": 15.01,
            "price_fair": 33.6,
            "eps_avg_yearly": 0.96,
            "eps_latest_yearly": 0.96,
            "eps_growth_yearly": 2000
        },
        "20201": {
            "year_quarter": 20201,
            "year": 2020,
            "quarter": 1,
            "eps": -0.24,
            "eps_growth_year": -200,
            "eps_4q": -0.69,
            "eps_4q_growth_year": null,
            "roe": -5.47,
            "roe_4q": -16.72,
            "gross_profit": 113745,
            "gross_margin": 37.39,
            "gross_margin_4q_avg": 37.16,
            "net_income": -76945,
            "revenue": 304226,
            "common_shares": 3269624,
            "book_valuer_per_share": 3.33,
            "book_valuer_per_share_4q_avg": 3.28,
            "equity": 1405629,
            "current_ratio": 68.1,
            "debt_ratio": 58.2,
            "inventory_turnover_ratio": 0.95,
            "account_receivable_turnover_ratio": 2.68,
            "reinvestment_rate": null,
            "research_to_sale_ratio": 18.86,
            "price_fair": 33.6,
            "eps_avg_yearly": 0.96,
            "eps_latest_yearly": 0.96,
            "eps_growth_yearly": 2000
        },
        "20202": {
            "year_quarter": 20202,
            "year": 2020,
            "quarter": 2,
            "eps": 0.27,
            "eps_growth_year": null,
            "eps_4q": -0.17,
            "eps_4q_growth_year": null,
            "roe": 6.98,
            "roe_4q": -3.2699999999999996,
            "gross_profit": 183813,
            "gross_margin": 40.03,
            "gross_margin_4q_avg": 38.12,
            "net_income": 101589,
            "revenue": 459214,
            "common_shares": 3269624,
            "book_valuer_per_share": 3.61,
            "book_valuer_per_share_4q_avg": 3.39,
            "equity": 1503657,
            "current_ratio": 77.83,
            "debt_ratio": 59.01,
            "inventory_turnover_ratio": 1.39,
            "account_receivable_turnover_ratio": 3.18,
            "reinvestment_rate": null,
            "research_to_sale_ratio": 13.33,
            "price_fair": 33.6,
            "eps_avg_yearly": 0.96,
            "eps_latest_yearly": 0.96,
            "eps_growth_yearly": 2000
        },
        "20203": {
            "year_quarter": 20203,
            "year": 2020,
            "quarter": 3,
            "eps": 0.48,
            "eps_growth_year": null,
            "eps_4q": 0.65,
            "eps_4q_growth_year": null,
            "roe": 11.74,
            "roe_4q": 16.61,
            "gross_profit": 222585,
            "gross_margin": 43.48,
            "gross_margin_4q_avg": 39.32,
            "net_income": 179652,
            "revenue": 511957,
            "common_shares": 3269624,
            "book_valuer_per_share": 3.71,
            "book_valuer_per_share_4q_avg": 3.5,
            "equity": 1556891,
            "current_ratio": 80.8,
            "debt_ratio": 59.26,
            "inventory_turnover_ratio": 1.4,
            "account_receivable_turnover_ratio": 3.44,
            "reinvestment_rate": null,
            "research_to_sale_ratio": 12.11,
            "price_fair": 50.4,
            "eps_avg_yearly": 1.44,
            "eps_latest_yearly": 1.92,
            "eps_growth_yearly": 1155.56
        }
    },
    "months": {
        "2001-06": {
            "month": "2001-06",
            "price": "25.56",
            "revenue": 502825
        },
        "2001-07": {
            "month": "2001-07",
            "price": "17.01",
            "revenue": 503629
        },
        "2001-08": {
            "month": "2001-08",
            "price": "15.25",
            "revenue": 462373
        },
        "2001-09": {
            "month": "2001-09",
            "price": "10.49",
            "revenue": 410762
        },
        "2001-10": {
            "month": "2001-10",
            "price": "9.95",
            "revenue": 331328
        },
        "2001-11": {
            "month": "2001-11",
            "price": "12.42",
            "revenue": 354511
        },
        "2001-12": {
            "month": "2001-12",
            "price": "20.51",
            "revenue": 394805
        },
        "2002-01": {
            "month": "2002-01",
            "price": "24.24",
            "revenue": 163960
        },
        "2002-02": {
            "month": "2002-02",
            "price": "23.26",
            "revenue": 161494
        },
        "2002-03": {
            "month": "2002-03",
            "price": "26.75",
            "revenue": 298105
        },
        "2002-04": {
            "month": "2002-04",
            "price": "40.25",
            "revenue": 382018
        },
        "2002-05": {
            "month": "2002-05",
            "price": "32.57",
            "revenue": 555126
        },
        "2002-06": {
            "month": "2002-06",
            "price": "24.72",
            "revenue": 683522
        },
        "2002-07": {
            "month": "2002-07",
            "price": "24.82",
            "revenue": 489016
        },
        "2002-08": {
            "month": "2002-08",
            "price": "21.35",
            "revenue": 516429
        },
        "2002-09": {
            "month": "2002-09",
            "price": "21.06",
            "revenue": 592230
        },
        "2002-10": {
            "month": "2002-10",
            "price": "20.44",
            "revenue": 515299
        },
        "2002-11": {
            "month": "2002-11",
            "price": "26.20",
            "revenue": 589844
        },
        "2002-12": {
            "month": "2002-12",
            "price": "21.33",
            "revenue": 777146
        },
        "2003-01": {
            "month": "2003-01",
            "price": "20.06",
            "revenue": 506215
        },
        "2003-02": {
            "month": "2003-02",
            "price": "17.56",
            "revenue": 361529
        },
        "2003-03": {
            "month": "2003-03",
            "price": "15.45",
            "revenue": 374632
        },
        "2003-04": {
            "month": "2003-04",
            "price": "15.61",
            "revenue": 534961
        },
        "2003-05": {
            "month": "2003-05",
            "price": "14.23",
            "revenue": 396739
        },
        "2003-06": {
            "month": "2003-06",
            "price": "16.88",
            "revenue": 470136
        },
        "2003-07": {
            "month": "2003-07",
            "price": "19.75",
            "revenue": 444211
        },
        "2003-08": {
            "month": "2003-08",
            "price": "20.65",
            "revenue": 608321
        },
        "2003-09": {
            "month": "2003-09",
            "price": "24.07",
            "revenue": 902135
        },
        "2003-10": {
            "month": "2003-10",
            "price": "31.68",
            "revenue": 803972
        },
        "2003-11": {
            "month": "2003-11",
            "price": "30.88",
            "revenue": 1026547
        },
        "2003-12": {
            "month": "2003-12",
            "price": "31.75",
            "revenue": 1534342
        },
        "2004-01": {
            "month": "2004-01",
            "price": "36.21",
            "revenue": 581196
        },
        "2004-02": {
            "month": "2004-02",
            "price": "40.52",
            "revenue": 1027065
        },
        "2004-03": {
            "month": "2004-03",
            "price": "48.83",
            "revenue": 965862
        },
        "2004-04": {
            "month": "2004-04",
            "price": "43.22",
            "revenue": 897004
        },
        "2004-05": {
            "month": "2004-05",
            "price": "31.18",
            "revenue": 211988
        },
        "2004-06": {
            "month": "2004-06",
            "price": "23.11",
            "revenue": 327125
        },
        "2004-07": {
            "month": "2004-07",
            "price": "18.85",
            "revenue": 310251
        },
        "2004-08": {
            "month": "2004-08",
            "price": "17.74",
            "revenue": 523877
        },
        "2004-09": {
            "month": "2004-09",
            "price": "16.30",
            "revenue": 583257
        },
        "2004-10": {
            "month": "2004-10",
            "price": "16.33",
            "revenue": 839262
        },
        "2004-11": {
            "month": "2004-11",
            "price": "11.61",
            "revenue": 644186
        },
        "2004-12": {
            "month": "2004-12",
            "price": "9.65",
            "revenue": 665733
        },
        "2005-01": {
            "month": "2005-01",
            "price": "9.06",
            "revenue": 558794
        },
        "2005-02": {
            "month": "2005-02",
            "price": "10.20",
            "revenue": 322828
        },
        "2005-03": {
            "month": "2005-03",
            "price": "10.80",
            "revenue": 430575
        },
        "2005-04": {
            "month": "2005-04",
            "price": "9.67",
            "revenue": 387728
        },
        "2005-05": {
            "month": "2005-05",
            "price": "8.03",
            "revenue": 201445
        },
        "2005-06": {
            "month": "2005-06",
            "price": "8.88",
            "revenue": 263867
        },
        "2005-07": {
            "month": "2005-07",
            "price": "9.14",
            "revenue": 127013
        },
        "2005-08": {
            "month": "2005-08",
            "price": "7.14",
            "revenue": 186005
        },
        "2005-09": {
            "month": "2005-09",
            "price": "4.98",
            "revenue": 101885
        },
        "2005-10": {
            "month": "2005-10",
            "price": "2.54",
            "revenue": 116227
        },
        "2005-11": {
            "month": "2005-11",
            "price": "1.29",
            "revenue": 112111
        },
        "2005-12": {
            "month": "2005-12",
            "price": "1.71",
            "revenue": 99789
        },
        "2006-01": {
            "month": "2006-01",
            "price": "1.68",
            "revenue": 37276
        },
        "2006-02": {
            "month": "2006-02",
            "price": "1.54",
            "revenue": 39755
        },
        "2006-03": {
            "month": "2006-03",
            "price": "1.27",
            "revenue": 18143
        },
        "2006-04": {
            "month": "2006-04",
            "price": "1.13",
            "revenue": 422
        },
        "2006-05": {
            "month": "2006-05",
            "price": "1.41",
            "revenue": 253
        },
        "2006-06": {
            "month": "2006-06",
            "price": "1.43",
            "revenue": -1721
        },
        "2006-07": {
            "month": "2006-07",
            "price": "1.19",
            "revenue": 754
        },
        "2006-08": {
            "month": "2006-08",
            "price": "1.03",
            "revenue": 15966
        },
        "2006-09": {
            "month": "2006-09",
            "price": "1.11",
            "revenue": 178
        },
        "2006-10": {
            "month": "2006-10",
            "price": "1.34",
            "revenue": 523
        },
        "2006-11": {
            "month": "2006-11",
            "price": "1.34",
            "revenue": 285
        },
        "2006-12": {
            "month": "2006-12",
            "price": "1.51",
            "revenue": 2958
        },
        "2007-01": {
            "month": "2007-01",
            "price": "1.65",
            "revenue": 231
        },
        "2007-02": {
            "month": "2007-02",
            "price": "1.49",
            "revenue": 32
        },
        "2007-03": {
            "month": "2007-03",
            "price": "1.61",
            "revenue": 51
        },
        "2007-04": {
            "month": "2007-04",
            "price": "11.05",
            "revenue": 68
        },
        "2007-05": {
            "month": "2007-05",
            "price": "7.80",
            "revenue": 214
        },
        "2007-06": {
            "month": "2007-06",
            "price": "7.24",
            "revenue": 55
        },
        "2007-07": {
            "month": "2007-07",
            "price": "7.54",
            "revenue": 30
        },
        "2007-08": {
            "month": "2007-08",
            "price": "7.37",
            "revenue": 13
        },
        "2007-09": {
            "month": "2007-09",
            "price": "6.43",
            "revenue": 17
        },
        "2007-10": {
            "month": "2007-10",
            "price": "5.22",
            "revenue": 0
        },
        "2007-11": {
            "month": "2007-11",
            "price": "5.40",
            "revenue": 0
        },
        "2007-12": {
            "month": "2007-12",
            "price": "4.69",
            "revenue": 12
        },
        "2008-01": {
            "month": "2008-01",
            "price": "4.47",
            "revenue": 0
        },
        "2008-02": {
            "month": "2008-02",
            "price": "4.19",
            "revenue": 36
        },
        "2008-03": {
            "month": "2008-03",
            "price": "3.79",
            "revenue": 225
        },
        "2008-04": {
            "month": "2008-04",
            "price": "4.39",
            "revenue": 618
        },
        "2008-05": {
            "month": "2008-05",
            "price": "6.53",
            "revenue": 592
        },
        "2008-06": {
            "month": "2008-06",
            "price": "5.90",
            "revenue": 646
        },
        "2008-07": {
            "month": "2008-07",
            "price": "4.56",
            "revenue": 1314
        },
        "2008-08": {
            "month": "2008-08",
            "price": "3.97",
            "revenue": 1322
        },
        "2008-09": {
            "month": "2008-09",
            "price": "2.63",
            "revenue": 1347
        },
        "2008-10": {
            "month": "2008-10",
            "price": "2.24",
            "revenue": 1360
        },
        "2008-11": {
            "month": "2008-11",
            "price": "1.80",
            "revenue": 1352
        },
        "2008-12": {
            "month": "2008-12",
            "price": "1.74",
            "revenue": 1350
        },
        "2009-01": {
            "month": "2009-01",
            "price": "1.32",
            "revenue": 1349
        },
        "2009-02": {
            "month": "2009-02",
            "price": "1.21",
            "revenue": 1351
        },
        "2009-03": {
            "month": "2009-03",
            "price": "1.53",
            "revenue": 1398
        },
        "2009-04": {
            "month": "2009-04",
            "price": "1.96",
            "revenue": 107882
        },
        "2009-05": {
            "month": "2009-05",
            "price": "1.97",
            "revenue": 109241
        },
        "2009-06": {
            "month": "2009-06",
            "price": "2.88",
            "revenue": 124318
        },
        "2009-07": {
            "month": "2009-07",
            "price": "2.43",
            "revenue": 131176
        },
        "2009-08": {
            "month": "2009-08",
            "price": "2.91",
            "revenue": 127505
        },
        "2009-09": {
            "month": "2009-09",
            "price": "2.73",
            "revenue": 136912
        },
        "2009-10": {
            "month": "2009-10",
            "price": "2.46",
            "revenue": 151019
        },
        "2009-11": {
            "month": "2009-11",
            "price": "2.49",
            "revenue": 190167
        },
        "2009-12": {
            "month": "2009-12",
            "price": "2.46",
            "revenue": 197754
        },
        "2010-01": {
            "month": "2010-01",
            "price": "3.25",
            "revenue": 191383
        },
        "2010-02": {
            "month": "2010-02",
            "price": "2.87",
            "revenue": 147515
        },
        "2010-03": {
            "month": "2010-03",
            "price": "2.81",
            "revenue": 199546
        },
        "2010-04": {
            "month": "2010-04",
            "price": "4.16",
            "revenue": 206622
        },
        "2010-05": {
            "month": "2010-05",
            "price": "3.81",
            "revenue": 213347
        },
        "2010-06": {
            "month": "2010-06",
            "price": "3.98",
            "revenue": 238583
        },
        "2010-07": {
            "month": "2010-07",
            "price": "3.93",
            "revenue": 216148
        },
        "2010-08": {
            "month": "2010-08",
            "price": "4.36",
            "revenue": 173503
        },
        "2010-09": {
            "month": "2010-09",
            "price": "5.86",
            "revenue": 138418
        },
        "2010-10": {
            "month": "2010-10",
            "price": "6.00",
            "revenue": 138297
        },
        "2010-11": {
            "month": "2010-11",
            "price": "9.68",
            "revenue": 108018
        },
        "2010-12": {
            "month": "2010-12",
            "price": "10.67",
            "revenue": 125572
        },
        "2011-01": {
            "month": "2011-01",
            "price": "14.86",
            "revenue": 109292
        },
        "2011-02": {
            "month": "2011-02",
            "price": "14.77",
            "revenue": 105453
        },
        "2011-03": {
            "month": "2011-03",
            "price": "13.75",
            "revenue": 144582
        },
        "2011-04": {
            "month": "2011-04",
            "price": "12.34",
            "revenue": 145176
        },
        "2011-05": {
            "month": "2011-05",
            "price": "9.84",
            "revenue": 128281
        },
        "2011-06": {
            "month": "2011-06",
            "price": "8.83",
            "revenue": 130527
        },
        "2011-07": {
            "month": "2011-07",
            "price": "9.33",
            "revenue": 132489
        },
        "2011-08": {
            "month": "2011-08",
            "price": "8.34",
            "revenue": 68564
        },
        "2011-09": {
            "month": "2011-09",
            "price": "8.41",
            "revenue": 98701
        },
        "2011-10": {
            "month": "2011-10",
            "price": "7.80",
            "revenue": 118682
        },
        "2011-11": {
            "month": "2011-11",
            "price": "7.27",
            "revenue": 118100
        },
        "2011-12": {
            "month": "2011-12",
            "price": "6.12",
            "revenue": 141939
        },
        "2012-01": {
            "month": "2012-01",
            "price": "6.44",
            "revenue": 104982
        },
        "2012-02": {
            "month": "2012-02",
            "price": "8.26",
            "revenue": 119582
        },
        "2012-03": {
            "month": "2012-03",
            "price": "7.48",
            "revenue": 136413
        },
        "2012-04": {
            "month": "2012-04",
            "price": "6.78",
            "revenue": 133287
        },
        "2012-05": {
            "month": "2012-05",
            "price": "6.09",
            "revenue": 127265
        },
        "2012-06": {
            "month": "2012-06",
            "price": "5.09",
            "revenue": 108648
        },
        "2012-07": {
            "month": "2012-07",
            "price": "5.02",
            "revenue": 114968
        },
        "2012-08": {
            "month": "2012-08",
            "price": "5.20",
            "revenue": 95783
        },
        "2012-09": {
            "month": "2012-09",
            "price": "4.92",
            "revenue": 77838
        },
        "2012-10": {
            "month": "2012-10",
            "price": "4.30",
            "revenue": 73443
        },
        "2012-11": {
            "month": "2012-11",
            "price": "3.77",
            "revenue": 75071
        },
        "2012-12": {
            "month": "2012-12",
            "price": "4.22",
            "revenue": 67942
        },
        "2013-01": {
            "month": "2013-01",
            "price": "4.10",
            "revenue": 83685
        },
        "2013-02": {
            "month": "2013-02",
            "price": "4.07",
            "revenue": 68654
        },
        "2013-03": {
            "month": "2013-03",
            "price": "3.99",
            "revenue": 92857
        },
        "2013-04": {
            "month": "2013-04",
            "price": "3.73",
            "revenue": 98400
        },
        "2013-05": {
            "month": "2013-05",
            "price": "3.27",
            "revenue": 97441
        },
        "2013-06": {
            "month": "2013-06",
            "price": "2.99",
            "revenue": 96904
        },
        "2013-07": {
            "month": "2013-07",
            "price": "3.25",
            "revenue": 94359
        },
        "2013-08": {
            "month": "2013-08",
            "price": "3.14",
            "revenue": 79866
        },
        "2013-09": {
            "month": "2013-09",
            "price": "3.15",
            "revenue": 49573
        },
        "2013-10": {
            "month": "2013-10",
            "price": "3.06",
            "revenue": 71567
        },
        "2013-11": {
            "month": "2013-11",
            "price": "2.92",
            "revenue": 56758
        },
        "2013-12": {
            "month": "2013-12",
            "price": "2.83",
            "revenue": 64253
        },
        "2014-01": {
            "month": "2014-01",
            "price": "3.16",
            "revenue": 45226
        },
        "2014-02": {
            "month": "2014-02",
            "price": "3.46",
            "revenue": 64717
        },
        "2014-03": {
            "month": "2014-03",
            "price": "4.19",
            "revenue": 62776
        },
        "2014-04": {
            "month": "2014-04",
            "price": "4.14",
            "revenue": 68138
        },
        "2014-05": {
            "month": "2014-05",
            "price": "4.46",
            "revenue": 67855
        },
        "2014-06": {
            "month": "2014-06",
            "price": "4.07",
            "revenue": 75022
        },
        "2014-07": {
            "month": "2014-07",
            "price": "4.27",
            "revenue": 68628
        },
        "2014-08": {
            "month": "2014-08",
            "price": "4.17",
            "revenue": 36163
        },
        "2014-09": {
            "month": "2014-09",
            "price": "3.97",
            "revenue": 47883
        },
        "2014-10": {
            "month": "2014-10",
            "price": "3.85",
            "revenue": 54115
        },
        "2014-11": {
            "month": "2014-11",
            "price": "3.43",
            "revenue": 63421
        },
        "2014-12": {
            "month": "2014-12",
            "price": "3.29",
            "revenue": 44177
        },
        "2015-01": {
            "month": "2015-01",
            "price": "4.07",
            "revenue": 62343
        },
        "2015-02": {
            "month": "2015-02",
            "price": "4.61",
            "revenue": 57471
        },
        "2015-03": {
            "month": "2015-03",
            "price": "5.19",
            "revenue": 83181
        },
        "2015-04": {
            "month": "2015-04",
            "price": "5.26",
            "revenue": 69264
        },
        "2015-05": {
            "month": "2015-05",
            "price": "4.54",
            "revenue": 70566
        },
        "2015-06": {
            "month": "2015-06",
            "price": "3.96",
            "revenue": 87165
        },
        "2015-07": {
            "month": "2015-07",
            "price": "4.07",
            "revenue": 52177
        },
        "2015-08": {
            "month": "2015-08",
            "price": "3.61",
            "revenue": 79209
        },
        "2015-09": {
            "month": "2015-09",
            "price": "3.15",
            "revenue": 62803
        },
        "2015-10": {
            "month": "2015-10",
            "price": "3.26",
            "revenue": 69008
        },
        "2015-11": {
            "month": "2015-11",
            "price": "3.24",
            "revenue": 60915
        },
        "2015-12": {
            "month": "2015-12",
            "price": "2.96",
            "revenue": 57000
        },
        "2016-01": {
            "month": "2016-01",
            "price": "2.85",
            "revenue": 61362
        },
        "2016-02": {
            "month": "2016-02",
            "price": "3.07",
            "revenue": 48049
        },
        "2016-03": {
            "month": "2016-03",
            "price": "2.90",
            "revenue": 73894
        },
        "2016-04": {
            "month": "2016-04",
            "price": "2.67",
            "revenue": 70615
        },
        "2016-05": {
            "month": "2016-05",
            "price": "2.72",
            "revenue": 90922
        },
        "2016-06": {
            "month": "2016-06",
            "price": "2.69",
            "revenue": 89781
        },
        "2016-07": {
            "month": "2016-07",
            "price": "2.58",
            "revenue": 64226
        },
        "2016-08": {
            "month": "2016-08",
            "price": "2.32",
            "revenue": 61765
        },
        "2016-09": {
            "month": "2016-09",
            "price": "2.45",
            "revenue": 60263
        },
        "2016-10": {
            "month": "2016-10",
            "price": "2.30",
            "revenue": 60009
        },
        "2016-11": {
            "month": "2016-11",
            "price": "2.09",
            "revenue": 55225
        },
        "2016-12": {
            "month": "2016-12",
            "price": "2.06",
            "revenue": 58346
        },
        "2017-01": {
            "month": "2017-01",
            "price": "2.05",
            "revenue": 58748
        },
        "2017-02": {
            "month": "2017-02",
            "price": "2.30",
            "revenue": 61451
        },
        "2017-03": {
            "month": "2017-03",
            "price": "2.73",
            "revenue": 73243
        },
        "2017-04": {
            "month": "2017-04",
            "price": "2.98",
            "revenue": 78334
        },
        "2017-05": {
            "month": "2017-05",
            "price": "2.65",
            "revenue": 87015
        },
        "2017-06": {
            "month": "2017-06",
            "price": "2.35",
            "revenue": 100295
        },
        "2017-07": {
            "month": "2017-07",
            "price": "2.25",
            "revenue": 94952
        },
        "2017-08": {
            "month": "2017-08",
            "price": "2.07",
            "revenue": 91269
        },
        "2017-09": {
            "month": "2017-09",
            "price": "2.29",
            "revenue": 78335
        },
        "2017-10": {
            "month": "2017-10",
            "price": "2.71",
            "revenue": 67697
        },
        "2017-11": {
            "month": "2017-11",
            "price": "2.41",
            "revenue": 87775
        },
        "2017-12": {
            "month": "2017-12",
            "price": "2.21",
            "revenue": 83736
        },
        "2018-01": {
            "month": "2018-01",
            "price": "2.20",
            "revenue": 83857
        },
        "2018-02": {
            "month": "2018-02",
            "price": "2.22",
            "revenue": 82428
        },
        "2018-03": {
            "month": "2018-03",
            "price": "2.36",
            "revenue": 86939
        },
        "2018-04": {
            "month": "2018-04",
            "price": "2.31",
            "revenue": 103694
        },
        "2018-05": {
            "month": "2018-05",
            "price": "2.27",
            "revenue": 128147
        },
        "2018-06": {
            "month": "2018-06",
            "price": "4.30",
            "revenue": 117023
        },
        "2018-07": {
            "month": "2018-07",
            "price": "4.70",
            "revenue": 125752
        },
        "2018-08": {
            "month": "2018-08",
            "price": "4.33",
            "revenue": 129268
        },
        "2018-09": {
            "month": "2018-09",
            "price": "4.18",
            "revenue": 105540
        },
        "2018-10": {
            "month": "2018-10",
            "price": "3.82",
            "revenue": 100314
        },
        "2018-11": {
            "month": "2018-11",
            "price": "3.22",
            "revenue": 85367
        },
        "2018-12": {
            "month": "2018-12",
            "price": "3.13",
            "revenue": 108756
        },
        "2019-01": {
            "month": "2019-01",
            "price": "2.81",
            "revenue": 106896
        },
        "2019-02": {
            "month": "2019-02",
            "price": "2.87",
            "revenue": 98140
        },
        "2019-03": {
            "month": "2019-03",
            "price": "3.01",
            "revenue": 117329
        },
        "2019-04": {
            "month": "2019-04",
            "price": "3.32",
            "revenue": 145694
        },
        "2019-05": {
            "month": "2019-05",
            "price": "3.14",
            "revenue": 150199
        },
        "2019-06": {
            "month": "2019-06",
            "price": "3.11",
            "revenue": 145340
        },
        "2019-07": {
            "month": "2019-07",
            "price": "3.39",
            "revenue": 124863
        },
        "2019-08": {
            "month": "2019-08",
            "price": "3.16",
            "revenue": 102471
        },
        "2019-09": {
            "month": "2019-09",
            "price": "3.08",
            "revenue": 59803
        },
        "2019-10": {
            "month": "2019-10",
            "price": "3.07",
            "revenue": 94688
        },
        "2019-11": {
            "month": "2019-11",
            "price": "2.82",
            "revenue": 89252
        },
        "2019-12": {
            "month": "2019-12",
            "price": "2.48",
            "revenue": 107840
        },
        "2020-01": {
            "month": "2020-01",
            "price": "2.40",
            "revenue": 87951
        },
        "2020-02": {
            "month": "2020-02",
            "price": "2.51",
            "revenue": 107758
        },
        "2020-03": {
            "month": "2020-03",
            "price": "1.96",
            "revenue": 110099
        },
        "2020-04": {
            "month": "2020-04",
            "price": "2.28",
            "revenue": 160344
        },
        "2020-05": {
            "month": "2020-05",
            "price": "2.27",
            "revenue": 152379
        },
        "2020-06": {
            "month": "2020-06",
            "price": "2.35",
            "revenue": 147743
        },
        "2020-07": {
            "month": "2020-07",
            "price": "3.27",
            "revenue": 169534
        },
        "2020-08": {
            "month": "2020-08",
            "price": "3.27",
            "revenue": 174649
        },
        "2020-09": {
            "month": "2020-09",
            "price": "3.30",
            "revenue": 170389
        },
        "2020-10": {
            "month": "2020-10",
            "price": "3.32",
            "revenue": 176119
        },
        "2020-11": {
            "month": "2020-11",
            "price": "3.31",
            "revenue": 207021
        }
    }
}
