{
    "summary": {
        "stock_name": "敦南",
        "stock_id": "5305",
        "category": "半導體",
        "main_business": "分離式元件<br>IC 產品<br>系統模組",
        "website_url": "http://www.liteon-semi.com",
        "ceo": "李朝福",
        "pe_ratio": 5,
        "report_year_from": 2001,
        "report_year_to": 2020,
        "age": 22,
        "eps_negative_percentage": 18,
        "eps_growth_avg": {
            "last_all": 12.69,
            "last_2y": 37.45,
            "last_4y": 26.73,
            "last_8y": 25.8,
            "last_12y": 2.31,
            "last_16y": 3.56,
            "last_20y": null,
            "at_2006_last_3y": 26.89,
            "at_2007_last_3y": 7.3,
            "at_2008_last_3y": -19.19,
            "at_2009_last_3y": -46.33,
            "at_2010_last_3y": -54.79,
            "at_2011_last_3y": -68.15,
            "at_2012_last_3y": -55.29,
            "at_2013_last_3y": -28.16,
            "at_2014_last_3y": 3.88,
            "at_2015_last_3y": 24.64,
            "at_2016_last_3y": 27.54,
            "at_2017_last_3y": 39.33,
            "at_2018_last_3y": 28.22,
            "at_2019_last_3y": 8.41,
            "at_2020_last_3y": 35.23,
            "at_2021_last_3y": 35.23,
            "at_2022_last_3y": 35.23,
            "at_2023_last_3y": 35.23,
            "at_2006_last_all": 41.51,
            "at_2007_last_all": 33.44,
            "at_2008_last_all": 20.46,
            "at_2009_last_all": 5.4,
            "at_2010_last_all": 5.4,
            "at_2011_last_all": -0.42,
            "at_2012_last_all": -2.27,
            "at_2013_last_all": -3.75,
            "at_2014_last_all": 4.89,
            "at_2015_last_all": 7.29,
            "at_2016_last_all": 6.25,
            "at_2017_last_all": 7.74,
            "at_2018_last_all": 10.73,
            "at_2019_last_all": 7.55,
            "at_2020_last_all": 12.69,
            "at_2021_last_all": 12.69,
            "at_2022_last_all": 12.69,
            "at_2023_last_all": 12.69
        },
        "latest_eps": 8.06,
        "latest_price": 42.3,
        "latest_roe": 26.56,
        "latest_gross_margin": 13.68,
        "latest_equity": 9223467,
        "latest_revenue": 1754501,
        "latest_gross_profit": 240012,
        "latest_net_income": 54767,
        "latest_debt_ratio": 42.45,
        "latest_current_ratio": 139.97,
        "latest_account_receivable_turnover_ratio": 1.32,
        "latest_inventory_turnover_ratio": 0.93,
        "latest_reinvestment_rate": -18.78,
        "latest_research_to_sale_ratio": 5.41
    },
    "eps_dividends": {
        "1995": {
            "cash": 0,
            "stock": 1,
            "eps": 0
        },
        "1996": {
            "cash": 0,
            "stock": 2,
            "eps": 0
        },
        "1997": {
            "cash": 0,
            "stock": 3,
            "eps": 0
        },
        "1998": {
            "cash": 0,
            "stock": 2,
            "eps": 0
        },
        "1999": {
            "cash": 0,
            "stock": 2,
            "eps": 0
        },
        "2000": {
            "cash": 0,
            "stock": 1,
            "eps": 0
        },
        "2001": {
            "cash": 0,
            "stock": 1,
            "eps": 0.48
        },
        "2002": {
            "cash": 0,
            "stock": 0,
            "eps": 1.19
        },
        "2003": {
            "cash": 1,
            "stock": 0,
            "eps": 2.04
        },
        "2004": {
            "cash": 1,
            "stock": 1,
            "eps": 3.03
        },
        "2005": {
            "cash": 1,
            "stock": 1,
            "eps": 3.29
        },
        "2006": {
            "cash": 1,
            "stock": 1,
            "eps": 2.6
        },
        "2007": {
            "cash": 2,
            "stock": 0,
            "eps": 2.42
        },
        "2008": {
            "cash": 2,
            "stock": 0,
            "eps": 1.03
        },
        "2009": {
            "cash": 1,
            "stock": 0,
            "eps": -0.85
        },
        "2010": {
            "cash": 0,
            "stock": 0,
            "eps": 1
        },
        "2011": {
            "cash": 1,
            "stock": 0,
            "eps": 0.53
        },
        "2012": {
            "cash": 0,
            "stock": 0,
            "eps": 0.43
        },
        "2013": {
            "cash": 0,
            "stock": 0,
            "eps": 0.35
        },
        "2014": {
            "cash": 0,
            "stock": 0,
            "eps": 1.11
        },
        "2015": {
            "cash": 1,
            "stock": 0,
            "eps": 1.51
        },
        "2016": {
            "cash": 1,
            "stock": 0,
            "eps": 1.4
        },
        "2017": {
            "cash": 1,
            "stock": 0,
            "eps": 1.8
        },
        "2018": {
            "cash": 2,
            "stock": 0,
            "eps": 2.8
        },
        "2019": {
            "cash": 2,
            "stock": 0,
            "eps": 1.59
        },
        "2020": {
            "cash": 1,
            "stock": 0,
            "eps": 7.71
        }
    },
    "dividends": {
        "1995-04-07": {
            "cash": 0,
            "stock": 0.6
        },
        "1996-04-22": {
            "cash": 0,
            "stock": 2
        },
        "1997-04-29": {
            "cash": 0,
            "stock": 2.5
        },
        "1998-05-26": {
            "cash": 0,
            "stock": 1.7
        },
        "1999-06-02": {
            "cash": 0,
            "stock": 1.8
        },
        "2000-05-16": {
            "cash": 0,
            "stock": 1.3
        },
        "2001-04-24": {
            "cash": 0.3,
            "stock": 1.3
        },
        "2002-05-23": {
            "cash": 0,
            "stock": 0.4
        },
        "2003-02-25": {
            "cash": 0.5,
            "stock": 0.4
        },
        "2004-02-11": {
            "cash": 0.73,
            "stock": 0.73
        },
        "2005-04-28": {
            "cash": 1.4,
            "stock": 0.6
        },
        "2006-04-21": {
            "cash": 1.4,
            "stock": 0.6
        },
        "2007-04-24": {
            "cash": 1.8,
            "stock": 0.2
        },
        "2008-04-29": {
            "cash": 1.7,
            "stock": 0.1
        },
        "2009-04-28": {
            "cash": 0.6,
            "stock": 0
        },
        "2011-01-01": {
            "cash": 0.4,
            "stock": 0
        },
        "2011-04-27": {
            "cash": 0.7,
            "stock": 0
        },
        "2013-05-13": {
            "cash": 0.3,
            "stock": 0
        },
        "2014-06-12": {
            "cash": 0.3,
            "stock": 0
        },
        "2015-08-25": {
            "cash": 1,
            "stock": 0
        },
        "2016-08-18": {
            "cash": 1.2,
            "stock": 0
        },
        "2017-08-18": {
            "cash": 1.2,
            "stock": 0
        },
        "2018-08-20": {
            "cash": 1.6,
            "stock": 0
        },
        "2019-08-12": {
            "cash": 2.2,
            "stock": 0
        },
        "2020-05-05": {
            "cash": 1.2,
            "stock": 0
        }
    },
    "prices": {
        "200101": "20.23",
        "200102": "27.64",
        "200103": "32.25",
        "200104": "30.32",
        "200105": "21.44",
        "200106": "19.59",
        "200107": "14.57",
        "200108": "13.10",
        "200109": "9.86",
        "200110": "10.01",
        "200111": "13.38",
        "200112": "20.28",
        "200201": "25.49",
        "200202": "21.90",
        "200203": "24.21",
        "200204": "26.38",
        "200205": "23.56",
        "200206": "19.52",
        "200207": "17.30",
        "200208": "17.20",
        "200209": "16.44",
        "200210": "15.09",
        "200211": "16.98",
        "200212": "18.27",
        "200301": "20.59",
        "200302": "22.66",
        "200303": "22.58",
        "200304": "21.47",
        "200305": "23.55",
        "200306": "25.94",
        "200307": "26.35",
        "200308": "26.31",
        "200309": "24.14",
        "200310": "23.75",
        "200311": "25.98",
        "200312": "25.93",
        "200401": "26.65",
        "200402": "31.34",
        "200403": "29.19",
        "200404": "30.17",
        "200405": "27.10",
        "200406": "24.83",
        "200407": "22.25",
        "200408": "24.04",
        "200409": "24.88",
        "200410": "24.98",
        "200411": "25.37",
        "200412": "26.57",
        "200501": "24.96",
        "200502": "25.01",
        "200503": "25.93",
        "200504": "25.62",
        "200505": "24.50",
        "200506": "26.92",
        "200507": "27.89",
        "200508": "26.28",
        "200509": "25.13",
        "200510": "25.63",
        "200511": "26.14",
        "200512": "29.82",
        "200601": "36.64",
        "200602": "35.46",
        "200603": "34.85",
        "200604": "38.79",
        "200605": "36.31",
        "200606": "31.67",
        "200607": "30.80",
        "200608": "29.07",
        "200609": "28.70",
        "200610": "28.26",
        "200611": "29.52",
        "200612": "33.01",
        "200701": "31.89",
        "200702": "31.45",
        "200703": "30.62",
        "200704": "30.77",
        "200705": "27.41",
        "200706": "29.34",
        "200707": "30.16",
        "200708": "25.28",
        "200709": "25.92",
        "200710": "27.18",
        "200711": "25.54",
        "200712": "24.41",
        "200801": "23.10",
        "200802": "22.60",
        "200803": "22.75",
        "200804": "23.57",
        "200805": "24.25",
        "200806": "21.81",
        "200807": "17.92",
        "200808": "17.56",
        "200809": "15.98",
        "200810": "13.39",
        "200811": "10.47",
        "200812": "9.73",
        "200901": "9.37",
        "200902": "9.16",
        "200903": "11.12",
        "200904": "13.64",
        "200905": "14.72",
        "200906": "17.13",
        "200907": "17.35",
        "200908": "19.06",
        "200909": "21.82",
        "200910": "24.15",
        "200911": "21.91",
        "200912": "23.04",
        "201001": "22.65",
        "201002": "19.91",
        "201003": "21.57",
        "201004": "22.61",
        "201005": "19.26",
        "201006": "18.90",
        "201007": "19.09",
        "201008": "19.53",
        "201009": "19.00",
        "201010": "17.87",
        "201011": "16.85",
        "201012": "18.75",
        "201101": "20.52",
        "201102": "19.94",
        "201103": "18.87",
        "201104": "17.97",
        "201105": "19.29",
        "201106": "19.59",
        "201107": "18.23",
        "201108": "14.65",
        "201109": "15.30",
        "201110": "17.58",
        "201111": "14.80",
        "201112": "12.36",
        "201201": "12.46",
        "201202": "16.70",
        "201203": "18.47",
        "201204": "15.62",
        "201205": "15.80",
        "201206": "14.87",
        "201207": "15.29",
        "201208": "15.35",
        "201209": "15.34",
        "201210": "14.21",
        "201211": "12.64",
        "201212": "14.06",
        "201301": "14.46",
        "201302": "15.07",
        "201303": "15.68",
        "201304": "17.40",
        "201305": "16.88",
        "201306": "16.36",
        "201307": "16.84",
        "201308": "16.27",
        "201309": "16.88",
        "201310": "17.72",
        "201311": "17.73",
        "201312": "19.10",
        "201401": "19.32",
        "201402": "21.94",
        "201403": "22.04",
        "201404": "21.74",
        "201405": "22.49",
        "201406": "22.95",
        "201407": "21.92",
        "201408": "22.18",
        "201409": "21.89",
        "201410": "20.70",
        "201411": "19.52",
        "201412": "20.31",
        "201501": "22.58",
        "201502": "22.17",
        "201503": "24.25",
        "201504": "24.80",
        "201505": "24.50",
        "201506": "23.01",
        "201507": "21.32",
        "201508": "18.11",
        "201509": "20.41",
        "201510": "22.58",
        "201511": "21.80",
        "201512": "20.87",
        "201601": "21.68",
        "201602": "22.93",
        "201603": "22.66",
        "201604": "21.27",
        "201605": "20.22",
        "201606": "21.21",
        "201607": "21.51",
        "201608": "22.69",
        "201609": "23.35",
        "201610": "22.67",
        "201611": "21.27",
        "201612": "22.17",
        "201701": "26.04",
        "201702": "30.13",
        "201703": "29.62",
        "201704": "27.66",
        "201705": "29.17",
        "201706": "31.98",
        "201707": "30.59",
        "201708": "31.76",
        "201709": "35.06",
        "201710": "37.61",
        "201711": "39.83",
        "201712": "41.47",
        "201801": "44.63",
        "201802": "39.89",
        "201803": "40.19",
        "201804": "38.62",
        "201805": "38.80",
        "201806": "44.31",
        "201807": "41.49",
        "201808": "36.94",
        "201809": "30.52",
        "201810": "25.72",
        "201811": "27.98",
        "201812": "28.20",
        "201901": "27.40",
        "201902": "33.50",
        "201903": "34.68",
        "201904": "35.62",
        "201905": "31.62",
        "201906": "29.60",
        "201907": "33.02",
        "201908": "37.89",
        "201909": "41.11",
        "201910": "41.22",
        "201911": "40.48",
        "201912": "39.30",
        "202001": "40.72",
        "202002": "40.98",
        "202003": "39.51",
        "202004": "40.83",
        "202005": "41.40",
        "202006": "41.46",
        "202007": "40.81",
        "202008": "39.55",
        "202009": "39.64",
        "202010": "42.17",
        "202011": "42.24",
        "202012": "無",
        "202101": "無",
        "202102": "無",
        "202103": "無",
        "202104": "無",
        "202105": "無",
        "202106": "無",
        "202107": "無",
        "202108": "無",
        "202109": "無",
        "202110": "無",
        "202111": "無",
        "202112": "無",
        "202201": "無",
        "202202": "無",
        "202203": "無",
        "202204": "無",
        "202205": "無",
        "202206": "無",
        "202207": "無",
        "202208": "無",
        "202209": "無",
        "202210": "無",
        "202211": "無",
        "202212": "無",
        "202301": "無",
        "202302": "無",
        "202303": "無",
        "202304": "無",
        "202305": "無"
    },
    "quarters": {
        "20011": {
            "year_quarter": 20011,
            "year": 2001,
            "quarter": 1,
            "eps": 0.23,
            "eps_growth_year": 64.29,
            "eps_4q": 1.34,
            "eps_4q_growth_year": 122.99,
            "roe": 1.67,
            "gross_profit": 77839,
            "gross_margin": 8.98,
            "net_income": 57643,
            "revenue": 866322,
            "common_shares": 2545475,
            "equity": 3465905,
            "current_ratio": 159.99,
            "debt_ratio": 34.32,
            "inventory_turnover_ratio": 1.37,
            "account_receivable_turnover_ratio": null,
            "reinvestment_rate": null,
            "research_to_sale_ratio": null,
            "price_fair": 0,
            "eps_avg_yearly": 0,
            "eps_latest_yearly": 0,
            "eps_growth_yearly": 0
        },
        "20012": {
            "year_quarter": 20012,
            "year": 2001,
            "quarter": 2,
            "eps": -0.08,
            "eps_growth_year": -125,
            "eps_4q": 0.95,
            "eps_4q_growth_year": 59.31,
            "roe": -0.69,
            "gross_profit": 38559,
            "gross_margin": 5.08,
            "net_income": -23620,
            "revenue": 759139,
            "common_shares": 2888571,
            "equity": 3401097,
            "current_ratio": 149.79,
            "debt_ratio": 34.61,
            "inventory_turnover_ratio": 2.26,
            "account_receivable_turnover_ratio": null,
            "reinvestment_rate": null,
            "research_to_sale_ratio": null,
            "price_fair": 0,
            "eps_avg_yearly": 0,
            "eps_latest_yearly": 0,
            "eps_growth_yearly": 0
        },
        "20013": {
            "year_quarter": 20013,
            "year": 2001,
            "quarter": 3,
            "eps": 0.1,
            "eps_growth_year": -72.22,
            "eps_4q": 0.91,
            "eps_4q_growth_year": -23.82,
            "roe": 0.83,
            "gross_profit": 136985,
            "gross_margin": 15.92,
            "net_income": 28455,
            "revenue": 860647,
            "common_shares": 2888571,
            "equity": 3439226,
            "current_ratio": 162.54,
            "debt_ratio": 32.19,
            "inventory_turnover_ratio": 2.78,
            "account_receivable_turnover_ratio": null,
            "reinvestment_rate": null,
            "research_to_sale_ratio": null,
            "price_fair": 0,
            "eps_avg_yearly": 0,
            "eps_latest_yearly": 0,
            "eps_growth_yearly": 0
        },
        "20014": {
            "year_quarter": 20014,
            "year": 2001,
            "quarter": 4,
            "eps": 0.23,
            "eps_growth_year": -84.14,
            "eps_4q": 0.45,
            "eps_4q_growth_year": -79.52,
            "roe": 1.91,
            "gross_profit": 172270,
            "gross_margin": 17.09,
            "net_income": 65944,
            "revenue": 1007924,
            "common_shares": 2888571,
            "equity": 3465928,
            "current_ratio": 116.35,
            "debt_ratio": 36.33,
            "inventory_turnover_ratio": 2.41,
            "account_receivable_turnover_ratio": null,
            "reinvestment_rate": null,
            "research_to_sale_ratio": null,
            "price_fair": 0,
            "eps_avg_yearly": 0,
            "eps_latest_yearly": 0,
            "eps_growth_yearly": 0
        },
        "20021": {
            "year_quarter": 20021,
            "year": 2002,
            "quarter": 1,
            "eps": 0.23,
            "eps_growth_year": 0,
            "eps_4q": 0.49,
            "eps_4q_growth_year": -63.92,
            "roe": 1.82,
            "gross_profit": 150456,
            "gross_margin": 14.69,
            "net_income": 63828,
            "revenue": 1024204,
            "common_shares": 2888571,
            "equity": 3552390,
            "current_ratio": 147.75,
            "debt_ratio": 33.28,
            "inventory_turnover_ratio": 2.56,
            "account_receivable_turnover_ratio": null,
            "reinvestment_rate": null,
            "research_to_sale_ratio": null,
            "price_fair": 9.2,
            "eps_avg_yearly": 0.92,
            "eps_latest_yearly": 0.92,
            "eps_growth_yearly": 0
        },
        "20022": {
            "year_quarter": 20022,
            "year": 2002,
            "quarter": 2,
            "eps": 0.27,
            "eps_growth_year": null,
            "eps_4q": 0.84,
            "eps_4q_growth_year": -11.06,
            "roe": 2.09,
            "gross_profit": 165927,
            "gross_margin": 13.85,
            "net_income": 74428,
            "revenue": 1197762,
            "common_shares": 2888571,
            "equity": 3567477,
            "current_ratio": 188.81,
            "debt_ratio": 27.11,
            "inventory_turnover_ratio": 4.54,
            "account_receivable_turnover_ratio": null,
            "reinvestment_rate": null,
            "research_to_sale_ratio": null,
            "price_fair": 35,
            "eps_avg_yearly": 1,
            "eps_latest_yearly": 1.08,
            "eps_growth_yearly": 34.78
        },
        "20023": {
            "year_quarter": 20023,
            "year": 2002,
            "quarter": 3,
            "eps": 0.33,
            "eps_growth_year": 230,
            "eps_4q": 1.02,
            "eps_4q_growth_year": 12.93,
            "roe": 2.67,
            "gross_profit": 210247,
            "gross_margin": 17.32,
            "net_income": 97213,
            "revenue": 1213840,
            "common_shares": 3013151,
            "equity": 3722361,
            "current_ratio": 153.5,
            "debt_ratio": 31.53,
            "inventory_turnover_ratio": 4.34,
            "account_receivable_turnover_ratio": null,
            "reinvestment_rate": null,
            "research_to_sale_ratio": null,
            "price_fair": 38.73,
            "eps_avg_yearly": 1.11,
            "eps_latest_yearly": 1.32,
            "eps_growth_yearly": 52.82
        },
        "20024": {
            "year_quarter": 20024,
            "year": 2002,
            "quarter": 4,
            "eps": 0.36,
            "eps_growth_year": 56.52,
            "eps_4q": 1.17,
            "eps_4q_growth_year": 160.36,
            "roe": 2.79,
            "gross_profit": 173359,
            "gross_margin": 14.81,
            "net_income": 105148,
            "revenue": 1170273,
            "common_shares": 3013151,
            "equity": 3812133,
            "current_ratio": 126.41,
            "debt_ratio": 37.47,
            "inventory_turnover_ratio": 2.42,
            "account_receivable_turnover_ratio": null,
            "reinvestment_rate": 210.12,
            "research_to_sale_ratio": null,
            "price_fair": 41.65,
            "eps_avg_yearly": 1.19,
            "eps_latest_yearly": 1.44,
            "eps_growth_yearly": 48.7
        },
        "20031": {
            "year_quarter": 20031,
            "year": 2003,
            "quarter": 1,
            "eps": 0.33,
            "eps_growth_year": 43.48,
            "eps_4q": 1.26,
            "eps_4q_growth_year": 160.67,
            "roe": 2.54,
            "gross_profit": 188369,
            "gross_margin": 14.35,
            "net_income": 97754,
            "revenue": 1313109,
            "common_shares": 3013151,
            "equity": 3889490,
            "current_ratio": 144.02,
            "debt_ratio": 33.47,
            "inventory_turnover_ratio": 2.66,
            "account_receivable_turnover_ratio": null,
            "reinvestment_rate": 54.73,
            "research_to_sale_ratio": null,
            "price_fair": 42.56,
            "eps_avg_yearly": 1.22,
            "eps_latest_yearly": 1.32,
            "eps_growth_yearly": 32.3
        },
        "20032": {
            "year_quarter": 20032,
            "year": 2003,
            "quarter": 2,
            "eps": 0.44,
            "eps_growth_year": 62.96,
            "eps_4q": 1.46,
            "eps_4q_growth_year": 72.75,
            "roe": 3.35,
            "gross_profit": 230750,
            "gross_margin": 14.48,
            "net_income": 129714,
            "revenue": 1593446,
            "common_shares": 3013151,
            "equity": 3848837,
            "current_ratio": 134.77,
            "debt_ratio": 37.93,
            "inventory_turnover_ratio": 6.11,
            "account_receivable_turnover_ratio": null,
            "reinvestment_rate": 40.01,
            "research_to_sale_ratio": null,
            "price_fair": 45.73,
            "eps_avg_yearly": 1.31,
            "eps_latest_yearly": 1.76,
            "eps_growth_yearly": 49.14
        },
        "20033": {
            "year_quarter": 20033,
            "year": 2003,
            "quarter": 3,
            "eps": 0.66,
            "eps_growth_year": 100,
            "eps_4q": 1.75,
            "eps_4q_growth_year": 70.88,
            "roe": 5.13,
            "gross_profit": 228585,
            "gross_margin": 12.46,
            "net_income": 201703,
            "revenue": 1835035,
            "common_shares": 3143283,
            "equity": 4017363,
            "current_ratio": 135.24,
            "debt_ratio": 38.22,
            "inventory_turnover_ratio": 8.43,
            "account_receivable_turnover_ratio": null,
            "reinvestment_rate": 30.69,
            "research_to_sale_ratio": null,
            "price_fair": 52.4,
            "eps_avg_yearly": 1.5,
            "eps_latest_yearly": 2.64,
            "eps_growth_yearly": 70.69
        },
        "20034": {
            "year_quarter": 20034,
            "year": 2003,
            "quarter": 4,
            "eps": 0.61,
            "eps_growth_year": 69.44,
            "eps_4q": 2.02,
            "eps_4q_growth_year": 73.37,
            "roe": 4.48,
            "gross_profit": 394494,
            "gross_margin": 21.6,
            "net_income": 185433,
            "revenue": 1826480,
            "common_shares": 3143283,
            "equity": 4266927,
            "current_ratio": 163.05,
            "debt_ratio": 39.74,
            "inventory_turnover_ratio": 3.7,
            "account_receivable_turnover_ratio": null,
            "reinvestment_rate": 135.09,
            "research_to_sale_ratio": null,
            "price_fair": 56.53,
            "eps_avg_yearly": 1.62,
            "eps_latest_yearly": 2.44,
            "eps_growth_yearly": 58.06
        },
        "20041": {
            "year_quarter": 20041,
            "year": 2004,
            "quarter": 1,
            "eps": 0.65,
            "eps_growth_year": 96.97,
            "eps_4q": 2.33,
            "eps_4q_growth_year": 84.08,
            "roe": 4.67,
            "gross_profit": 275864,
            "gross_margin": 15.57,
            "net_income": 200264,
            "revenue": 1771640,
            "common_shares": 3143283,
            "equity": 4310626,
            "current_ratio": 172.58,
            "debt_ratio": 40.38,
            "inventory_turnover_ratio": 3.82,
            "account_receivable_turnover_ratio": null,
            "reinvestment_rate": 19.47,
            "research_to_sale_ratio": null,
            "price_fair": 60.36,
            "eps_avg_yearly": 1.72,
            "eps_latest_yearly": 2.6,
            "eps_growth_yearly": 54.53
        },
        "20042": {
            "year_quarter": 20042,
            "year": 2004,
            "quarter": 2,
            "eps": 0.76,
            "eps_growth_year": 72.73,
            "eps_4q": 2.55,
            "eps_4q_growth_year": 74.56,
            "roe": 5.92,
            "gross_profit": 265238,
            "gross_margin": 12.4,
            "net_income": 250087,
            "revenue": 2139777,
            "common_shares": 3384899,
            "equity": 4136272,
            "current_ratio": 166.09,
            "debt_ratio": 46.95,
            "inventory_turnover_ratio": 9.29,
            "account_receivable_turnover_ratio": null,
            "reinvestment_rate": 16,
            "research_to_sale_ratio": null,
            "price_fair": 64.96,
            "eps_avg_yearly": 1.86,
            "eps_latest_yearly": 3.04,
            "eps_growth_yearly": 55.84
        },
        "20043": {
            "year_quarter": 20043,
            "year": 2004,
            "quarter": 3,
            "eps": 1.06,
            "eps_growth_year": 60.61,
            "eps_4q": 3,
            "eps_4q_growth_year": 71.36,
            "roe": 8.01,
            "gross_profit": 296798,
            "gross_margin": 11.69,
            "net_income": 348092,
            "revenue": 2538503,
            "common_shares": 3384899,
            "equity": 4551874,
            "current_ratio": 178.7,
            "debt_ratio": 44.3,
            "inventory_turnover_ratio": 10.44,
            "account_receivable_turnover_ratio": null,
            "reinvestment_rate": 14.86,
            "research_to_sale_ratio": null,
            "price_fair": 72.55,
            "eps_avg_yearly": 2.07,
            "eps_latest_yearly": 4.24,
            "eps_growth_yearly": 65.12
        },
        "20044": {
            "year_quarter": 20044,
            "year": 2004,
            "quarter": 4,
            "eps": 0.56,
            "eps_growth_year": -8.2,
            "eps_4q": 2.99,
            "eps_4q_growth_year": 47.76,
            "roe": 4.05,
            "gross_profit": 235586,
            "gross_margin": 10.89,
            "net_income": 184193,
            "revenue": 2163874,
            "common_shares": 3384899,
            "equity": 4555182,
            "current_ratio": 165.55,
            "debt_ratio": 49.36,
            "inventory_turnover_ratio": 4.07,
            "account_receivable_turnover_ratio": null,
            "reinvestment_rate": 48.17,
            "research_to_sale_ratio": null,
            "price_fair": 73.03,
            "eps_avg_yearly": 2.09,
            "eps_latest_yearly": 2.24,
            "eps_growth_yearly": 43.97
        },
        "20051": {
            "year_quarter": 20051,
            "year": 2005,
            "quarter": 1,
            "eps": 0.53,
            "eps_growth_year": -18.46,
            "eps_4q": 2.94,
            "eps_4q_growth_year": 26.2,
            "roe": 3.72,
            "gross_profit": 170200,
            "gross_margin": 8.97,
            "net_income": 172244,
            "revenue": 1897254,
            "common_shares": 3384899,
            "equity": 4710557,
            "current_ratio": 170.7,
            "debt_ratio": 43.81,
            "inventory_turnover_ratio": 3.72,
            "account_receivable_turnover_ratio": null,
            "reinvestment_rate": -20.48,
            "research_to_sale_ratio": null,
            "price_fair": 73.12,
            "eps_avg_yearly": 2.09,
            "eps_latest_yearly": 2.12,
            "eps_growth_yearly": 38.94
        },
        "20052": {
            "year_quarter": 20052,
            "year": 2005,
            "quarter": 2,
            "eps": 0.57,
            "eps_growth_year": -25,
            "eps_4q": 2.68,
            "eps_4q_growth_year": 5.43,
            "roe": 3.93,
            "gross_profit": 123660,
            "gross_margin": 5.55,
            "net_income": 190026,
            "revenue": 2228091,
            "common_shares": 3829343,
            "equity": 4957925,
            "current_ratio": 76.28,
            "debt_ratio": 57.15,
            "inventory_turnover_ratio": 7.47,
            "account_receivable_turnover_ratio": null,
            "reinvestment_rate": 67.34,
            "research_to_sale_ratio": null,
            "price_fair": 73.6,
            "eps_avg_yearly": 2.1,
            "eps_latest_yearly": 2.28,
            "eps_growth_yearly": 38.32
        },
        "20053": {
            "year_quarter": 20053,
            "year": 2005,
            "quarter": 3,
            "eps": 1.82,
            "eps_growth_year": 71.7,
            "eps_4q": 3.3,
            "eps_4q_growth_year": 10.03,
            "roe": 12.09,
            "gross_profit": 85402,
            "gross_margin": 3.02,
            "net_income": 673563,
            "revenue": 2829902,
            "common_shares": 4068640,
            "equity": 6181866,
            "current_ratio": 93.07,
            "debt_ratio": 53.11,
            "inventory_turnover_ratio": 7.43,
            "account_receivable_turnover_ratio": null,
            "reinvestment_rate": 50.57,
            "research_to_sale_ratio": null,
            "price_fair": 85.68,
            "eps_avg_yearly": 2.45,
            "eps_latest_yearly": 7.28,
            "eps_growth_yearly": 94.24
        },
        "20054": {
            "year_quarter": 20054,
            "year": 2005,
            "quarter": 4,
            "eps": 0.37,
            "eps_growth_year": -33.93,
            "eps_4q": 3.09,
            "eps_4q_growth_year": 3.6,
            "roe": 2.21,
            "gross_profit": 224805,
            "gross_margin": 7.97,
            "net_income": 140648,
            "revenue": 2821818,
            "common_shares": 4068640,
            "equity": 6524078,
            "current_ratio": 111.06,
            "debt_ratio": 51.64,
            "inventory_turnover_ratio": 3.25,
            "account_receivable_turnover_ratio": null,
            "reinvestment_rate": 100.61,
            "research_to_sale_ratio": null,
            "price_fair": 83.56,
            "eps_avg_yearly": 2.39,
            "eps_latest_yearly": 1.48,
            "eps_growth_yearly": 68.43
        },
        "20061": {
            "year_quarter": 20061,
            "year": 2006,
            "quarter": 1,
            "eps": 0.97,
            "eps_growth_year": 83.02,
            "eps_4q": 3.52,
            "eps_4q_growth_year": 19.88,
            "roe": 5.68,
            "gross_profit": 276308,
            "gross_margin": 10.27,
            "net_income": 381822,
            "revenue": 2689531,
            "common_shares": 4068640,
            "equity": 6909209,
            "current_ratio": 113.5,
            "debt_ratio": 42.58,
            "inventory_turnover_ratio": 2.94,
            "account_receivable_turnover_ratio": null,
            "reinvestment_rate": 41.45,
            "research_to_sale_ratio": null,
            "price_fair": 90.04,
            "eps_avg_yearly": 2.57,
            "eps_latest_yearly": 3.88,
            "eps_growth_yearly": 108.97
        },
        "20062": {
            "year_quarter": 20062,
            "year": 2006,
            "quarter": 2,
            "eps": 0.54,
            "eps_growth_year": -5.26,
            "eps_4q": 3.54,
            "eps_4q_growth_year": 31.86,
            "roe": 3.13,
            "gross_profit": 295090,
            "gross_margin": 10.11,
            "net_income": 215416,
            "revenue": 2919126,
            "common_shares": 4068640,
            "equity": 6840548,
            "current_ratio": 102.31,
            "debt_ratio": 44.88,
            "inventory_turnover_ratio": 6.26,
            "account_receivable_turnover_ratio": null,
            "reinvestment_rate": 39.88,
            "research_to_sale_ratio": null,
            "price_fair": 92.4,
            "eps_avg_yearly": 2.64,
            "eps_latest_yearly": 2.16,
            "eps_growth_yearly": 93.54
        },
        "20063": {
            "year_quarter": 20063,
            "year": 2006,
            "quarter": 3,
            "eps": 0.63,
            "eps_growth_year": -65.38,
            "eps_4q": 2.38,
            "eps_4q_growth_year": -27.95,
            "roe": 3.79,
            "gross_profit": 335925,
            "gross_margin": 11.08,
            "net_income": 266360,
            "revenue": 3031025,
            "common_shares": 4333801,
            "equity": 7203573,
            "current_ratio": 113.9,
            "debt_ratio": 43.25,
            "inventory_turnover_ratio": 6.16,
            "account_receivable_turnover_ratio": null,
            "reinvestment_rate": 38.13,
            "research_to_sale_ratio": null,
            "price_fair": 95.03,
            "eps_avg_yearly": 2.72,
            "eps_latest_yearly": 2.52,
            "eps_growth_yearly": 92.15
        },
        "20064": {
            "year_quarter": 20064,
            "year": 2006,
            "quarter": 4,
            "eps": 0.46,
            "eps_growth_year": 24.32,
            "eps_4q": 2.49,
            "eps_4q_growth_year": -19.43,
            "roe": 2.66,
            "gross_profit": 301306,
            "gross_margin": 10.4,
            "net_income": 195349,
            "revenue": 2896041,
            "common_shares": 4333801,
            "equity": 7496876,
            "current_ratio": 105.42,
            "debt_ratio": 46.84,
            "inventory_turnover_ratio": 2.97,
            "account_receivable_turnover_ratio": null,
            "reinvestment_rate": 86.24,
            "research_to_sale_ratio": null,
            "price_fair": 95.9,
            "eps_avg_yearly": 2.74,
            "eps_latest_yearly": 1.84,
            "eps_growth_yearly": 83.14
        },
        "20071": {
            "year_quarter": 20071,
            "year": 2007,
            "quarter": 1,
            "eps": 0.36,
            "eps_growth_year": -62.89,
            "eps_4q": 1.96,
            "eps_4q_growth_year": -44.41,
            "roe": 1.94,
            "gross_profit": 244700,
            "gross_margin": 8.08,
            "net_income": 152596,
            "revenue": 3027042,
            "common_shares": 4333801,
            "equity": 8207080,
            "current_ratio": 104.56,
            "debt_ratio": 39.7,
            "inventory_turnover_ratio": 3.07,
            "account_receivable_turnover_ratio": null,
            "reinvestment_rate": 36.09,
            "research_to_sale_ratio": null,
            "price_fair": 96.16,
            "eps_avg_yearly": 2.75,
            "eps_latest_yearly": 1.44,
            "eps_growth_yearly": 79.78
        },
        "20072": {
            "year_quarter": 20072,
            "year": 2007,
            "quarter": 2,
            "eps": 0.65,
            "eps_growth_year": 20.37,
            "eps_4q": 2.05,
            "eps_4q_growth_year": -42.11,
            "roe": 3.55,
            "gross_profit": 296161,
            "gross_margin": 9,
            "net_income": 285603,
            "revenue": 3289142,
            "common_shares": 4333801,
            "equity": 7902835,
            "current_ratio": 82.82,
            "debt_ratio": 44.38,
            "inventory_turnover_ratio": 5.67,
            "account_receivable_turnover_ratio": null,
            "reinvestment_rate": 35.02,
            "research_to_sale_ratio": null,
            "price_fair": 98,
            "eps_avg_yearly": 2.8,
            "eps_latest_yearly": 2.6,
            "eps_growth_yearly": 91.59
        },
        "20073": {
            "year_quarter": 20073,
            "year": 2007,
            "quarter": 3,
            "eps": 0.83,
            "eps_growth_year": 31.75,
            "eps_4q": 2.28,
            "eps_4q_growth_year": -3.81,
            "roe": 4.55,
            "gross_profit": 297805,
            "gross_margin": 9.29,
            "net_income": 361483,
            "revenue": 3204652,
            "common_shares": 4448877,
            "equity": 7987052,
            "current_ratio": 89.75,
            "debt_ratio": 44.51,
            "inventory_turnover_ratio": 5.28,
            "account_receivable_turnover_ratio": null,
            "reinvestment_rate": 31.97,
            "research_to_sale_ratio": null,
            "price_fair": 99.49,
            "eps_avg_yearly": 2.84,
            "eps_latest_yearly": 3.32,
            "eps_growth_yearly": 86.01
        },
        "20074": {
            "year_quarter": 20074,
            "year": 2007,
            "quarter": 4,
            "eps": 0.58,
            "eps_growth_year": 26.09,
            "eps_4q": 2.41,
            "eps_4q_growth_year": -3.36,
            "roe": 3.14,
            "gross_profit": 303066,
            "gross_margin": 9.69,
            "net_income": 253494,
            "revenue": 3128846,
            "common_shares": 4448877,
            "equity": 8146711,
            "current_ratio": 123.96,
            "debt_ratio": 46.84,
            "inventory_turnover_ratio": 2.59,
            "account_receivable_turnover_ratio": null,
            "reinvestment_rate": 84.27,
            "research_to_sale_ratio": null,
            "price_fair": 99.23,
            "eps_avg_yearly": 2.84,
            "eps_latest_yearly": 2.32,
            "eps_growth_yearly": 80.38
        },
        "20081": {
            "year_quarter": 20081,
            "year": 2008,
            "quarter": 1,
            "eps": 0.41,
            "eps_growth_year": 13.89,
            "eps_4q": 2.46,
            "eps_4q_growth_year": 25.61,
            "roe": 2.25,
            "gross_profit": 426561,
            "gross_margin": 13.97,
            "net_income": 180218,
            "revenue": 3053848,
            "common_shares": 4448877,
            "equity": 7839946,
            "current_ratio": 120.43,
            "debt_ratio": 46.7,
            "inventory_turnover_ratio": 1.73,
            "account_receivable_turnover_ratio": null,
            "reinvestment_rate": 120,
            "research_to_sale_ratio": null,
            "price_fair": 97.13,
            "eps_avg_yearly": 2.78,
            "eps_latest_yearly": 1.64,
            "eps_growth_yearly": 71.41
        },
        "20082": {
            "year_quarter": 20082,
            "year": 2008,
            "quarter": 2,
            "eps": 0.59,
            "eps_growth_year": -9.23,
            "eps_4q": 2.36,
            "eps_4q_growth_year": 14.99,
            "roe": 3.58,
            "gross_profit": 475560,
            "gross_margin": 14.95,
            "net_income": 265804,
            "revenue": 3181322,
            "common_shares": 4448877,
            "equity": 7017671,
            "current_ratio": 118.97,
            "debt_ratio": 54.1,
            "inventory_turnover_ratio": 1.86,
            "account_receivable_turnover_ratio": null,
            "reinvestment_rate": 120.48,
            "research_to_sale_ratio": null,
            "price_fair": 95.64,
            "eps_avg_yearly": 2.73,
            "eps_latest_yearly": 2.36,
            "eps_growth_yearly": 78.15
        },
        "20083": {
            "year_quarter": 20083,
            "year": 2008,
            "quarter": 3,
            "eps": 0.26,
            "eps_growth_year": -68.67,
            "eps_4q": 1.8,
            "eps_4q_growth_year": -21.03,
            "roe": 1.64,
            "gross_profit": 457775,
            "gross_margin": 13.89,
            "net_income": 117780,
            "revenue": 3294659,
            "common_shares": 4523045,
            "equity": 7356914,
            "current_ratio": 121.57,
            "debt_ratio": 52.41,
            "inventory_turnover_ratio": 1.91,
            "account_receivable_turnover_ratio": null,
            "reinvestment_rate": 130.74,
            "research_to_sale_ratio": null,
            "price_fair": 88.64,
            "eps_avg_yearly": 2.53,
            "eps_latest_yearly": 1.04,
            "eps_growth_yearly": 54.3
        },
        "20084": {
            "year_quarter": 20084,
            "year": 2008,
            "quarter": 4,
            "eps": -0.23,
            "eps_growth_year": -139.66,
            "eps_4q": 1.04,
            "eps_4q_growth_year": -56.84,
            "roe": -1.39,
            "gross_profit": 32871,
            "gross_margin": 1.38,
            "net_income": -100809,
            "revenue": 2387293,
            "common_shares": 4523045,
            "equity": 7170469,
            "current_ratio": 126.65,
            "debt_ratio": 50.11,
            "inventory_turnover_ratio": 1.76,
            "account_receivable_turnover_ratio": null,
            "reinvestment_rate": 86.17,
            "research_to_sale_ratio": null,
            "price_fair": 89.32,
            "eps_avg_yearly": 2.55,
            "eps_latest_yearly": 1.04,
            "eps_growth_yearly": 70.5
        },
        "20091": {
            "year_quarter": 20091,
            "year": 2009,
            "quarter": 1,
            "eps": -0.69,
            "eps_growth_year": -268.29,
            "eps_4q": -0.05,
            "eps_4q_growth_year": -102.08,
            "roe": -4.24,
            "gross_profit": -99195,
            "gross_margin": -6.73,
            "net_income": -305891,
            "revenue": 1473245,
            "common_shares": 4523045,
            "equity": 7271777,
            "current_ratio": 135.58,
            "debt_ratio": 47.42,
            "inventory_turnover_ratio": 1.31,
            "account_receivable_turnover_ratio": null,
            "reinvestment_rate": 160.73,
            "research_to_sale_ratio": null,
            "price_fair": 90.4,
            "eps_avg_yearly": 2.58,
            "eps_latest_yearly": 1.04,
            "eps_growth_yearly": 77.07
        },
        "20092": {
            "year_quarter": 20092,
            "year": 2009,
            "quarter": 2,
            "eps": -0.29,
            "eps_growth_year": -149.15,
            "eps_4q": -0.92,
            "eps_4q_growth_year": -139.17,
            "roe": -1.75,
            "gross_profit": 112002,
            "gross_margin": 5.21,
            "net_income": -122522,
            "revenue": 2150793,
            "common_shares": 4523045,
            "equity": 6764028,
            "current_ratio": 126.78,
            "debt_ratio": 50.49,
            "inventory_turnover_ratio": 1.78,
            "account_receivable_turnover_ratio": 2.27,
            "reinvestment_rate": 100.28,
            "research_to_sale_ratio": null,
            "price_fair": 91.22,
            "eps_avg_yearly": 2.61,
            "eps_latest_yearly": 1.04,
            "eps_growth_yearly": 80.67
        },
        "20093": {
            "year_quarter": 20093,
            "year": 2009,
            "quarter": 3,
            "eps": 0.06,
            "eps_growth_year": -76.92,
            "eps_4q": -0.75,
            "eps_4q_growth_year": -141.82,
            "roe": 0.59,
            "gross_profit": 262609,
            "gross_margin": 10.53,
            "net_income": 40517,
            "revenue": 2493535,
            "common_shares": 4523045,
            "equity": 7006946,
            "current_ratio": 138.52,
            "debt_ratio": 50.82,
            "inventory_turnover_ratio": 2.03,
            "account_receivable_turnover_ratio": 1.23,
            "reinvestment_rate": 115.39,
            "research_to_sale_ratio": null,
            "price_fair": 53.86,
            "eps_avg_yearly": 2.22,
            "eps_latest_yearly": 1.04,
            "eps_growth_yearly": 14.3
        },
        "20094": {
            "year_quarter": 20094,
            "year": 2009,
            "quarter": 4,
            "eps": 0.07,
            "eps_growth_year": null,
            "eps_4q": -0.59,
            "eps_4q_growth_year": -156.92,
            "roe": 0.63,
            "gross_profit": 308922,
            "gross_margin": 12.09,
            "net_income": 44631,
            "revenue": 2555446,
            "common_shares": 4473975,
            "equity": 7093132,
            "current_ratio": 129.57,
            "debt_ratio": 51.22,
            "inventory_turnover_ratio": 1.94,
            "account_receivable_turnover_ratio": 1.21,
            "reinvestment_rate": -1.44,
            "research_to_sale_ratio": null,
            "price_fair": 74.08,
            "eps_avg_yearly": 2.12,
            "eps_latest_yearly": 0.28,
            "eps_growth_yearly": 46.41
        },
        "20101": {
            "year_quarter": 20101,
            "year": 2010,
            "quarter": 1,
            "eps": null,
            "eps_growth_year": null,
            "eps_4q": null,
            "eps_4q_growth_year": null,
            "roe": null,
            "gross_profit": 331712,
            "gross_margin": null,
            "net_income": 111962,
            "revenue": 2583502,
            "common_shares": 4473975,
            "equity": 7137831,
            "current_ratio": 118.24,
            "debt_ratio": 51.01,
            "inventory_turnover_ratio": null,
            "account_receivable_turnover_ratio": null,
            "reinvestment_rate": null,
            "research_to_sale_ratio": null,
            "price_fair": 5.87,
            "eps_avg_yearly": 1.96,
            "eps_latest_yearly": 0.28,
            "eps_growth_yearly": -8.34
        },
        "20102": {
            "year_quarter": 20102,
            "year": 2010,
            "quarter": 2,
            "eps": 0.48,
            "eps_growth_year": null,
            "eps_4q": 0.61,
            "eps_4q_growth_year": null,
            "roe": 2.95,
            "gross_profit": 521872,
            "gross_margin": 18.83,
            "net_income": 214790,
            "revenue": 2771670,
            "common_shares": 4473975,
            "equity": 7436916,
            "current_ratio": 127.68,
            "debt_ratio": 50.21,
            "inventory_turnover_ratio": 1.9,
            "account_receivable_turnover_ratio": 2.48,
            "reinvestment_rate": 337.98,
            "research_to_sale_ratio": null,
            "price_fair": 35.93,
            "eps_avg_yearly": 1.94,
            "eps_latest_yearly": 0.28,
            "eps_growth_yearly": 8.56
        },
        "20103": {
            "year_quarter": 20103,
            "year": 2010,
            "quarter": 3,
            "eps": 0.41,
            "eps_growth_year": 575.72,
            "eps_4q": 0.96,
            "eps_4q_growth_year": null,
            "roe": 2.94,
            "gross_profit": 491126,
            "gross_margin": 17.61,
            "net_income": 222354,
            "revenue": 2789474,
            "common_shares": 4473975,
            "equity": 7686481,
            "current_ratio": 119.81,
            "debt_ratio": 48.55,
            "inventory_turnover_ratio": 1.98,
            "account_receivable_turnover_ratio": 1.25,
            "reinvestment_rate": 366.82,
            "research_to_sale_ratio": 4.36,
            "price_fair": 5.54,
            "eps_avg_yearly": 1.85,
            "eps_latest_yearly": 1.64,
            "eps_growth_yearly": -3.94
        },
        "20104": {
            "year_quarter": 20104,
            "year": 2010,
            "quarter": 4,
            "eps": 0.11,
            "eps_growth_year": 50.88,
            "eps_4q": 0.99,
            "eps_4q_growth_year": null,
            "roe": 0.92,
            "gross_profit": 331935,
            "gross_margin": 14.75,
            "net_income": 69379,
            "revenue": 2250946,
            "common_shares": 4473975,
            "equity": 7329901,
            "current_ratio": 116.41,
            "debt_ratio": 47.79,
            "inventory_turnover_ratio": 1.77,
            "account_receivable_turnover_ratio": 1.12,
            "reinvestment_rate": 186.46,
            "research_to_sale_ratio": 5.83,
            "price_fair": 5.12,
            "eps_avg_yearly": 1.71,
            "eps_latest_yearly": 0.44,
            "eps_growth_yearly": -22.42
        },
        "20111": {
            "year_quarter": 20111,
            "year": 2011,
            "quarter": 1,
            "eps": 0.27,
            "eps_growth_year": null,
            "eps_4q": 1.26,
            "eps_4q_growth_year": null,
            "roe": 1.85,
            "gross_profit": 317295,
            "gross_margin": 16.29,
            "net_income": 138516,
            "revenue": 1947451,
            "common_shares": 4473975,
            "equity": 7613834,
            "current_ratio": 123.9,
            "debt_ratio": 46.09,
            "inventory_turnover_ratio": 1.57,
            "account_receivable_turnover_ratio": 1.12,
            "reinvestment_rate": 395.17,
            "research_to_sale_ratio": 5.8,
            "price_fair": 58.52,
            "eps_avg_yearly": 1.67,
            "eps_latest_yearly": 1.08,
            "eps_growth_yearly": 44.46
        },
        "20112": {
            "year_quarter": 20112,
            "year": 2011,
            "quarter": 2,
            "eps": 0.34,
            "eps_growth_year": -29.31,
            "eps_4q": 1.13,
            "eps_4q_growth_year": 85.4,
            "roe": 2.54,
            "gross_profit": 476159,
            "gross_margin": 20.31,
            "net_income": 189164,
            "revenue": 2344860,
            "common_shares": 4473975,
            "equity": 7282975,
            "current_ratio": 110,
            "debt_ratio": 49.63,
            "inventory_turnover_ratio": 1.77,
            "account_receivable_turnover_ratio": 1.24,
            "reinvestment_rate": 430.42,
            "research_to_sale_ratio": 5.05,
            "price_fair": 50.48,
            "eps_avg_yearly": 1.55,
            "eps_latest_yearly": 1.36,
            "eps_growth_yearly": 22.61
        },
        "20113": {
            "year_quarter": 20113,
            "year": 2011,
            "quarter": 3,
            "eps": 0.22,
            "eps_growth_year": -46.72,
            "eps_4q": 0.93,
            "eps_4q_growth_year": -2.15,
            "roe": 1.68,
            "gross_profit": 455565,
            "gross_margin": 19.12,
            "net_income": 127095,
            "revenue": 2383174,
            "common_shares": 4473975,
            "equity": 7882472,
            "current_ratio": 107.85,
            "debt_ratio": 48.67,
            "inventory_turnover_ratio": 1.71,
            "account_receivable_turnover_ratio": 1.1,
            "reinvestment_rate": 556.2,
            "research_to_sale_ratio": 4.94,
            "price_fair": 3.91,
            "eps_avg_yearly": 1.3,
            "eps_latest_yearly": 0.88,
            "eps_growth_yearly": -2.58
        },
        "20114": {
            "year_quarter": 20114,
            "year": 2011,
            "quarter": 4,
            "eps": -0.3,
            "eps_growth_year": -381.9,
            "eps_4q": 0.53,
            "eps_4q_growth_year": -46.43,
            "roe": -0.94,
            "gross_profit": 246686,
            "gross_margin": 12.9,
            "net_income": -76283,
            "revenue": 1912433,
            "common_shares": 4473975,
            "equity": 8333868,
            "current_ratio": 122.6,
            "debt_ratio": 45.4,
            "inventory_turnover_ratio": 1.45,
            "account_receivable_turnover_ratio": 0.97,
            "reinvestment_rate": 342.8,
            "research_to_sale_ratio": 5.07,
            "price_fair": 24.44,
            "eps_avg_yearly": 1.19,
            "eps_latest_yearly": 0.88,
            "eps_growth_yearly": 10.52
        },
        "20121": {
            "year_quarter": 20121,
            "year": 2012,
            "quarter": 1,
            "eps": -0.09,
            "eps_growth_year": -133.33,
            "eps_4q": 0.17,
            "eps_4q_growth_year": -86.53,
            "roe": -0.2,
            "gross_profit": 277824,
            "gross_margin": 14.95,
            "net_income": -16323,
            "revenue": 1858642,
            "common_shares": 4473975,
            "equity": 8198837,
            "current_ratio": 142.86,
            "debt_ratio": 44.87,
            "inventory_turnover_ratio": 1.39,
            "account_receivable_turnover_ratio": 1.09,
            "reinvestment_rate": 454.52,
            "research_to_sale_ratio": 6.54,
            "price_fair": 39.73,
            "eps_avg_yearly": 1.14,
            "eps_latest_yearly": 0.88,
            "eps_growth_yearly": 26.48
        },
        "20122": {
            "year_quarter": 20122,
            "year": 2012,
            "quarter": 2,
            "eps": 0.23,
            "eps_growth_year": -31.88,
            "eps_4q": 0.06,
            "eps_4q_growth_year": -94.55,
            "roe": 1.92,
            "gross_profit": 520440,
            "gross_margin": 21.89,
            "net_income": 156583,
            "revenue": 2377313,
            "common_shares": 4473975,
            "equity": 8090482,
            "current_ratio": 131.35,
            "debt_ratio": 47.29,
            "inventory_turnover_ratio": 1.52,
            "account_receivable_turnover_ratio": 1.27,
            "reinvestment_rate": 590.81,
            "research_to_sale_ratio": 5.77,
            "price_fair": 14.57,
            "eps_avg_yearly": 0.96,
            "eps_latest_yearly": 0.88,
            "eps_growth_yearly": 5.18
        },
        "20123": {
            "year_quarter": 20123,
            "year": 2012,
            "quarter": 3,
            "eps": 0.24,
            "eps_growth_year": 10.39,
            "eps_4q": 0.08,
            "eps_4q_growth_year": -91.04,
            "roe": 1.98,
            "gross_profit": 519496,
            "gross_margin": 22.3,
            "net_income": 159718,
            "revenue": 2329588,
            "common_shares": 4473975,
            "equity": 8049701,
            "current_ratio": 174.87,
            "debt_ratio": 46.74,
            "inventory_turnover_ratio": 1.39,
            "account_receivable_turnover_ratio": 1.15,
            "reinvestment_rate": 481.94,
            "research_to_sale_ratio": 6.37,
            "price_fair": 33.2,
            "eps_avg_yearly": 0.95,
            "eps_latest_yearly": 0.96,
            "eps_growth_yearly": 39.63
        },
        "20124": {
            "year_quarter": 20124,
            "year": 2012,
            "quarter": 4,
            "eps": 0.05,
            "eps_growth_year": null,
            "eps_4q": 0.44,
            "eps_4q_growth_year": -17.91,
            "roe": 0.84,
            "gross_profit": 402369,
            "gross_margin": 19.43,
            "net_income": 68061,
            "revenue": 2070425,
            "common_shares": 4473975,
            "equity": 8060802,
            "current_ratio": 180.67,
            "debt_ratio": 46.64,
            "inventory_turnover_ratio": 1.25,
            "account_receivable_turnover_ratio": 1.1,
            "reinvestment_rate": 391.84,
            "research_to_sale_ratio": 7.01,
            "price_fair": 2.57,
            "eps_avg_yearly": 0.86,
            "eps_latest_yearly": 0.2,
            "eps_growth_yearly": -4.91
        },
        "20131": {
            "year_quarter": 20131,
            "year": 2013,
            "quarter": 1,
            "eps": -0.03,
            "eps_growth_year": null,
            "eps_4q": 0.49,
            "eps_4q_growth_year": 190.8,
            "roe": 0.35,
            "gross_profit": 412471,
            "gross_margin": 19.89,
            "net_income": 28111,
            "revenue": 2073895,
            "common_shares": 4473975,
            "equity": 8096430,
            "current_ratio": 173.14,
            "debt_ratio": 47.81,
            "inventory_turnover_ratio": 1.21,
            "account_receivable_turnover_ratio": 1.17,
            "reinvestment_rate": 252.1,
            "research_to_sale_ratio": 7.55,
            "price_fair": 2.57,
            "eps_avg_yearly": 0.86,
            "eps_latest_yearly": 0.2,
            "eps_growth_yearly": -4.91
        },
        "20132": {
            "year_quarter": 20132,
            "year": 2013,
            "quarter": 2,
            "eps": 0.17,
            "eps_growth_year": -26.47,
            "eps_4q": 0.44,
            "eps_4q_growth_year": 609.89,
            "roe": 1.82,
            "gross_profit": 598256,
            "gross_margin": 23.77,
            "net_income": 148608,
            "revenue": 2517050,
            "common_shares": 4473975,
            "equity": 8231168,
            "current_ratio": 144.3,
            "debt_ratio": 50.87,
            "inventory_turnover_ratio": 1.33,
            "account_receivable_turnover_ratio": 1.3,
            "reinvestment_rate": 262.87,
            "research_to_sale_ratio": 7.22,
            "price_fair": 2.57,
            "eps_avg_yearly": 0.86,
            "eps_latest_yearly": 0.2,
            "eps_growth_yearly": -4.91
        },
        "20133": {
            "year_quarter": 20133,
            "year": 2013,
            "quarter": 3,
            "eps": 0.21,
            "eps_growth_year": -11.94,
            "eps_4q": 0.4,
            "eps_4q_growth_year": 381.16,
            "roe": 2.17,
            "gross_profit": 609762,
            "gross_margin": 22.73,
            "net_income": 180413,
            "revenue": 2682297,
            "common_shares": 4473975,
            "equity": 8407267,
            "current_ratio": 137.35,
            "debt_ratio": 50.26,
            "inventory_turnover_ratio": 1.36,
            "account_receivable_turnover_ratio": 1.28,
            "reinvestment_rate": 302.67,
            "research_to_sale_ratio": 7.22,
            "price_fair": 13.73,
            "eps_avg_yearly": 0.85,
            "eps_latest_yearly": 0.84,
            "eps_growth_yearly": 6.09
        },
        "20134": {
            "year_quarter": 20134,
            "year": 2013,
            "quarter": 4,
            "eps": -0,
            "eps_growth_year": -101.51,
            "eps_4q": 0.35,
            "eps_4q_growth_year": -20.18,
            "roe": 0.78,
            "gross_profit": 497712,
            "gross_margin": 21.29,
            "net_income": 67177,
            "revenue": 2337447,
            "common_shares": 4474773,
            "equity": 8850412,
            "current_ratio": 141.16,
            "debt_ratio": 48.97,
            "inventory_turnover_ratio": 1.15,
            "account_receivable_turnover_ratio": 1.16,
            "reinvestment_rate": 346.07,
            "research_to_sale_ratio": 8.37,
            "price_fair": 2.78,
            "eps_avg_yearly": 0.93,
            "eps_latest_yearly": 0.84,
            "eps_growth_yearly": -1.48
        },
        "20141": {
            "year_quarter": 20141,
            "year": 2014,
            "quarter": 1,
            "eps": 0.17,
            "eps_growth_year": null,
            "eps_4q": 0.54,
            "eps_4q_growth_year": 9.72,
            "roe": 1.67,
            "gross_profit": 555486,
            "gross_margin": 22.92,
            "net_income": 157530,
            "revenue": 2424018,
            "common_shares": 4479061,
            "equity": 10015309,
            "current_ratio": 157.25,
            "debt_ratio": 44.79,
            "inventory_turnover_ratio": 1.07,
            "account_receivable_turnover_ratio": 1.25,
            "reinvestment_rate": 386.76,
            "research_to_sale_ratio": 7.54,
            "price_fair": 2.78,
            "eps_avg_yearly": 0.93,
            "eps_latest_yearly": 0.84,
            "eps_growth_yearly": -1.48
        },
        "20142": {
            "year_quarter": 20142,
            "year": 2014,
            "quarter": 2,
            "eps": 0.29,
            "eps_growth_year": 70.59,
            "eps_4q": 0.66,
            "eps_4q_growth_year": 51.44,
            "roe": 2.46,
            "gross_profit": 667658,
            "gross_margin": 24.28,
            "net_income": 250937,
            "revenue": 2749841,
            "common_shares": 4482211,
            "equity": 10350645,
            "current_ratio": 190.78,
            "debt_ratio": 42.52,
            "inventory_turnover_ratio": 1.15,
            "account_receivable_turnover_ratio": 1.34,
            "reinvestment_rate": 13.97,
            "research_to_sale_ratio": 6.92,
            "price_fair": 33.29,
            "eps_avg_yearly": 0.95,
            "eps_latest_yearly": 1.16,
            "eps_growth_yearly": 30.06
        },
        "20143": {
            "year_quarter": 20143,
            "year": 2014,
            "quarter": 3,
            "eps": 0.55,
            "eps_growth_year": 161.9,
            "eps_4q": 1.26,
            "eps_4q_growth_year": 212.69,
            "roe": 2.93,
            "gross_profit": 598483,
            "gross_margin": 22.63,
            "net_income": 291283,
            "revenue": 2644073,
            "common_shares": 3148374,
            "equity": 9532349,
            "current_ratio": 154.35,
            "debt_ratio": 48.36,
            "inventory_turnover_ratio": 1.13,
            "account_receivable_turnover_ratio": 1.21,
            "reinvestment_rate": 1.96,
            "research_to_sale_ratio": 7.42,
            "price_fair": 35.47,
            "eps_avg_yearly": 1.01,
            "eps_latest_yearly": 2.2,
            "eps_growth_yearly": 76.39
        },
        "20144": {
            "year_quarter": 20144,
            "year": 2014,
            "quarter": 4,
            "eps": 0.1,
            "eps_growth_year": null,
            "eps_4q": 1.36,
            "eps_4q_growth_year": 291.13,
            "roe": 1.17,
            "gross_profit": 477862,
            "gross_margin": 20.53,
            "net_income": 115291,
            "revenue": 2327589,
            "common_shares": 3149674,
            "equity": 10097093,
            "current_ratio": 169.59,
            "debt_ratio": 45.85,
            "inventory_turnover_ratio": 1.04,
            "account_receivable_turnover_ratio": 1.12,
            "reinvestment_rate": 51.26,
            "research_to_sale_ratio": 9.15,
            "price_fair": 35.31,
            "eps_avg_yearly": 1.01,
            "eps_latest_yearly": 0.4,
            "eps_growth_yearly": 72.54
        },
        "20151": {
            "year_quarter": 20151,
            "year": 2015,
            "quarter": 1,
            "eps": 0.37,
            "eps_growth_year": 117.65,
            "eps_4q": 1.49,
            "eps_4q_growth_year": 174.76,
            "roe": 1.75,
            "gross_profit": 446338,
            "gross_margin": 20.45,
            "net_income": 178436,
            "revenue": 2182951,
            "common_shares": 3156327,
            "equity": 10261495,
            "current_ratio": 167.8,
            "debt_ratio": 44.32,
            "inventory_turnover_ratio": 1.02,
            "account_receivable_turnover_ratio": 1.15,
            "reinvestment_rate": 39.74,
            "research_to_sale_ratio": 9.65,
            "price_fair": 36.87,
            "eps_avg_yearly": 1.05,
            "eps_latest_yearly": 1.48,
            "eps_growth_yearly": 127.9
        },
        "20152": {
            "year_quarter": 20152,
            "year": 2015,
            "quarter": 2,
            "eps": 1.25,
            "eps_growth_year": 331.03,
            "eps_4q": 2.33,
            "eps_4q_growth_year": 252.64,
            "roe": 4.7,
            "gross_profit": 546743,
            "gross_margin": 22.59,
            "net_income": 477971,
            "revenue": 2420516,
            "common_shares": 3159907,
            "equity": 10075624,
            "current_ratio": 157.28,
            "debt_ratio": 46.05,
            "inventory_turnover_ratio": 1.16,
            "account_receivable_turnover_ratio": 1.28,
            "reinvestment_rate": 43.51,
            "research_to_sale_ratio": 8.52,
            "price_fair": 51.02,
            "eps_avg_yearly": 1.46,
            "eps_latest_yearly": 5,
            "eps_growth_yearly": 222.08
        },
        "20153": {
            "year_quarter": 20153,
            "year": 2015,
            "quarter": 3,
            "eps": 0.03,
            "eps_growth_year": -94.55,
            "eps_4q": 1.78,
            "eps_4q_growth_year": 41.47,
            "roe": 1.39,
            "gross_profit": 546263,
            "gross_margin": 23.29,
            "net_income": 140820,
            "revenue": 2345288,
            "common_shares": 3160342,
            "equity": 10224298,
            "current_ratio": 144.55,
            "debt_ratio": 46,
            "inventory_turnover_ratio": 1.11,
            "account_receivable_turnover_ratio": 1.16,
            "reinvestment_rate": 39.93,
            "research_to_sale_ratio": 8.32,
            "price_fair": 48.07,
            "eps_avg_yearly": 1.37,
            "eps_latest_yearly": 0.12,
            "eps_growth_yearly": 194.39
        },
        "20154": {
            "year_quarter": 20154,
            "year": 2015,
            "quarter": 4,
            "eps": -0.14,
            "eps_growth_year": -243.85,
            "eps_4q": 1.54,
            "eps_4q_growth_year": 13.48,
            "roe": 0.86,
            "gross_profit": 609395,
            "gross_margin": 24.67,
            "net_income": 87746,
            "revenue": 2470510,
            "common_shares": 3088117,
            "equity": 10093763,
            "current_ratio": 132.44,
            "debt_ratio": 47.6,
            "inventory_turnover_ratio": 1.09,
            "account_receivable_turnover_ratio": 1.26,
            "reinvestment_rate": 32.26,
            "research_to_sale_ratio": 8.74,
            "price_fair": 48.07,
            "eps_avg_yearly": 1.37,
            "eps_latest_yearly": 0.12,
            "eps_growth_yearly": 194.39
        },
        "20161": {
            "year_quarter": 20161,
            "year": 2016,
            "quarter": 1,
            "eps": 0.07,
            "eps_growth_year": -81.08,
            "eps_4q": 1.24,
            "eps_4q_growth_year": -17.04,
            "roe": 0.82,
            "gross_profit": 541943,
            "gross_margin": 23.08,
            "net_income": 83152,
            "revenue": 2348403,
            "common_shares": 3090622,
            "equity": 10086101,
            "current_ratio": 127.58,
            "debt_ratio": 46.67,
            "inventory_turnover_ratio": 1.03,
            "account_receivable_turnover_ratio": 1.29,
            "reinvestment_rate": 38.56,
            "research_to_sale_ratio": 8.83,
            "price_fair": 48.07,
            "eps_avg_yearly": 1.37,
            "eps_latest_yearly": 0.12,
            "eps_growth_yearly": 194.39
        },
        "20162": {
            "year_quarter": 20162,
            "year": 2016,
            "quarter": 2,
            "eps": 0.5,
            "eps_growth_year": -60,
            "eps_4q": 0.46,
            "eps_4q_growth_year": -80.31,
            "roe": 3.1,
            "gross_profit": 776676,
            "gross_margin": 28.82,
            "net_income": 308436,
            "revenue": 2695131,
            "common_shares": 3092992,
            "equity": 9837701,
            "current_ratio": 118.32,
            "debt_ratio": 48.72,
            "inventory_turnover_ratio": 1.05,
            "account_receivable_turnover_ratio": 1.4,
            "reinvestment_rate": 32.5,
            "research_to_sale_ratio": 7.26,
            "price_fair": 50.26,
            "eps_avg_yearly": 1.44,
            "eps_latest_yearly": 2,
            "eps_growth_yearly": 420.66
        },
        "20163": {
            "year_quarter": 20163,
            "year": 2016,
            "quarter": 3,
            "eps": 0.55,
            "eps_growth_year": 1733.33,
            "eps_4q": 0.97,
            "eps_4q_growth_year": -45.48,
            "roe": 3.34,
            "gross_profit": 806167,
            "gross_margin": 28.76,
            "net_income": 327198,
            "revenue": 2802639,
            "common_shares": 3097567,
            "equity": 9770954,
            "current_ratio": 168.83,
            "debt_ratio": 48.62,
            "inventory_turnover_ratio": 1.08,
            "account_receivable_turnover_ratio": 1.29,
            "reinvestment_rate": 42.02,
            "research_to_sale_ratio": 7.29,
            "price_fair": 54.6,
            "eps_avg_yearly": 1.56,
            "eps_latest_yearly": 2.2,
            "eps_growth_yearly": 422.92
        },
        "20164": {
            "year_quarter": 20164,
            "year": 2016,
            "quarter": 4,
            "eps": 0.28,
            "eps_growth_year": null,
            "eps_4q": 1.39,
            "eps_4q_growth_year": -9.85,
            "roe": 2.27,
            "gross_profit": 743466,
            "gross_margin": 28.15,
            "net_income": 221318,
            "revenue": 2640920,
            "common_shares": 3098817,
            "equity": 9735322,
            "current_ratio": 175.75,
            "debt_ratio": 49.04,
            "inventory_turnover_ratio": 1.01,
            "account_receivable_turnover_ratio": 1.21,
            "reinvestment_rate": 14.5,
            "research_to_sale_ratio": 9.63,
            "price_fair": 57.82,
            "eps_avg_yearly": 1.65,
            "eps_latest_yearly": 1.12,
            "eps_growth_yearly": 434.95
        },
        "20171": {
            "year_quarter": 20171,
            "year": 2017,
            "quarter": 1,
            "eps": 0.27,
            "eps_growth_year": 285.71,
            "eps_4q": 1.59,
            "eps_4q_growth_year": 28.5,
            "roe": 1.46,
            "gross_profit": 582015,
            "gross_margin": 25.45,
            "net_income": 139532,
            "revenue": 2287008,
            "common_shares": 3103777,
            "equity": 9381602,
            "current_ratio": 178.23,
            "debt_ratio": 48.97,
            "inventory_turnover_ratio": 0.86,
            "account_receivable_turnover_ratio": 1.19,
            "reinvestment_rate": 2.33,
            "research_to_sale_ratio": 8.35,
            "price_fair": 56,
            "eps_avg_yearly": 1.6,
            "eps_latest_yearly": 1.08,
            "eps_growth_yearly": 394.11
        },
        "20172": {
            "year_quarter": 20172,
            "year": 2017,
            "quarter": 2,
            "eps": 0.57,
            "eps_growth_year": 14,
            "eps_4q": 1.66,
            "eps_4q_growth_year": 262.65,
            "roe": 3.25,
            "gross_profit": 837211,
            "gross_margin": 28.88,
            "net_income": 305675,
            "revenue": 2898989,
            "common_shares": 3106147,
            "equity": 9404513,
            "current_ratio": 165.56,
            "debt_ratio": 51.15,
            "inventory_turnover_ratio": 0.96,
            "account_receivable_turnover_ratio": 1.46,
            "reinvestment_rate": -12.04,
            "research_to_sale_ratio": 7.92,
            "price_fair": 57.98,
            "eps_avg_yearly": 1.66,
            "eps_latest_yearly": 2.28,
            "eps_growth_yearly": 398.31
        },
        "20173": {
            "year_quarter": 20173,
            "year": 2017,
            "quarter": 3,
            "eps": 0.86,
            "eps_growth_year": 56.36,
            "eps_4q": 1.97,
            "eps_4q_growth_year": 102.9,
            "roe": 4.72,
            "gross_profit": 931813,
            "gross_margin": 28.84,
            "net_income": 456963,
            "revenue": 3230833,
            "common_shares": 3110682,
            "equity": 9956989,
            "current_ratio": 185.14,
            "debt_ratio": 48.47,
            "inventory_turnover_ratio": 1,
            "account_receivable_turnover_ratio": 1.42,
            "reinvestment_rate": -29.8,
            "research_to_sale_ratio": 8.18,
            "price_fair": 65.57,
            "eps_avg_yearly": 1.87,
            "eps_latest_yearly": 3.44,
            "eps_growth_yearly": 407.42
        },
        "20174": {
            "year_quarter": 20174,
            "year": 2017,
            "quarter": 4,
            "eps": 0.1,
            "eps_growth_year": -64.99,
            "eps_4q": 1.79,
            "eps_4q_growth_year": 28.75,
            "roe": 2.01,
            "gross_profit": 921188,
            "gross_margin": 29.83,
            "net_income": 202151,
            "revenue": 3087967,
            "common_shares": 3112117,
            "equity": 10156130,
            "current_ratio": 192.83,
            "debt_ratio": 48.31,
            "inventory_turnover_ratio": 0.88,
            "account_receivable_turnover_ratio": 1.33,
            "reinvestment_rate": -61.34,
            "research_to_sale_ratio": 8.05,
            "price_fair": 61.6,
            "eps_avg_yearly": 1.76,
            "eps_latest_yearly": 0.4,
            "eps_growth_yearly": 348.89
        },
        "20181": {
            "year_quarter": 20181,
            "year": 2018,
            "quarter": 1,
            "eps": 0.3,
            "eps_growth_year": 11.11,
            "eps_4q": 1.82,
            "eps_4q_growth_year": 14.57,
            "roe": 1.97,
            "gross_profit": 709575,
            "gross_margin": 26.42,
            "net_income": 203696,
            "revenue": 2685683,
            "common_shares": 3117392,
            "equity": 10563028,
            "current_ratio": 215.36,
            "debt_ratio": 46.45,
            "inventory_turnover_ratio": 0.74,
            "account_receivable_turnover_ratio": 1.25,
            "reinvestment_rate": -88.69,
            "research_to_sale_ratio": 8.93,
            "price_fair": 60.2,
            "eps_avg_yearly": 1.72,
            "eps_latest_yearly": 1.2,
            "eps_growth_yearly": 381.12
        },
        "20182": {
            "year_quarter": 20182,
            "year": 2018,
            "quarter": 2,
            "eps": 0.66,
            "eps_growth_year": 15.79,
            "eps_4q": 1.91,
            "eps_4q_growth_year": 15.05,
            "roe": 3.59,
            "gross_profit": 957159,
            "gross_margin": 28.53,
            "net_income": 372092,
            "revenue": 3355314,
            "common_shares": 3121122,
            "equity": 10172853,
            "current_ratio": 187.69,
            "debt_ratio": 50.14,
            "inventory_turnover_ratio": 0.85,
            "account_receivable_turnover_ratio": 1.5,
            "reinvestment_rate": -68.29,
            "research_to_sale_ratio": 7.83,
            "price_fair": 63.9,
            "eps_avg_yearly": 1.83,
            "eps_latest_yearly": 2.64,
            "eps_growth_yearly": 395.23
        },
        "20183": {
            "year_quarter": 20183,
            "year": 2018,
            "quarter": 3,
            "eps": 1.08,
            "eps_growth_year": 25.58,
            "eps_4q": 2.13,
            "eps_4q_growth_year": 7.77,
            "roe": 4.85,
            "gross_profit": 913932,
            "gross_margin": 27.99,
            "net_income": 497309,
            "revenue": 3265567,
            "common_shares": 3121692,
            "equity": 10321572,
            "current_ratio": 202.8,
            "debt_ratio": 48.4,
            "inventory_turnover_ratio": 0.82,
            "account_receivable_turnover_ratio": 1.33,
            "reinvestment_rate": -59.2,
            "research_to_sale_ratio": 8.35,
            "price_fair": 69.2,
            "eps_avg_yearly": 1.98,
            "eps_latest_yearly": 4.32,
            "eps_growth_yearly": 387.8
        },
        "20184": {
            "year_quarter": 20184,
            "year": 2018,
            "quarter": 4,
            "eps": 0.76,
            "eps_growth_year": 685.85,
            "eps_4q": 2.79,
            "eps_4q_growth_year": 55.8,
            "roe": 3.11,
            "gross_profit": 699837,
            "gross_margin": 25.01,
            "net_income": 326405,
            "revenue": 2798211,
            "common_shares": 3122267,
            "equity": 10691124,
            "current_ratio": 208.49,
            "debt_ratio": 47.49,
            "inventory_turnover_ratio": 0.72,
            "account_receivable_turnover_ratio": 1.25,
            "reinvestment_rate": -49.02,
            "research_to_sale_ratio": 8.17,
            "price_fair": 75.8,
            "eps_avg_yearly": 2.17,
            "eps_latest_yearly": 3.04,
            "eps_growth_yearly": 402.71
        },
        "20191": {
            "year_quarter": 20191,
            "year": 2019,
            "quarter": 1,
            "eps": 0.48,
            "eps_growth_year": 60,
            "eps_4q": 2.97,
            "eps_4q_growth_year": 63.32,
            "roe": 2.05,
            "gross_profit": 616015,
            "gross_margin": 23.48,
            "net_income": 222915,
            "revenue": 2623561,
            "common_shares": 3123967,
            "equity": 11082320,
            "current_ratio": 192.37,
            "debt_ratio": 47.23,
            "inventory_turnover_ratio": 0.68,
            "account_receivable_turnover_ratio": 1.35,
            "reinvestment_rate": -36.34,
            "research_to_sale_ratio": 9.89,
            "price_fair": 76.9,
            "eps_avg_yearly": 2.2,
            "eps_latest_yearly": 1.92,
            "eps_growth_yearly": 315.04
        },
        "20192": {
            "year_quarter": 20192,
            "year": 2019,
            "quarter": 2,
            "eps": 0.45,
            "eps_growth_year": -31.82,
            "eps_4q": 2.77,
            "eps_4q_growth_year": 44.93,
            "roe": 2.56,
            "gross_profit": 685253,
            "gross_margin": 23.88,
            "net_income": 273934,
            "revenue": 2869368,
            "common_shares": 3124567,
            "equity": 10298488,
            "current_ratio": 169.03,
            "debt_ratio": 51.26,
            "inventory_turnover_ratio": 0.78,
            "account_receivable_turnover_ratio": 1.47,
            "reinvestment_rate": -46.57,
            "research_to_sale_ratio": 10.35,
            "price_fair": 68.9,
            "eps_avg_yearly": 1.97,
            "eps_latest_yearly": 1.8,
            "eps_growth_yearly": 245.3
        },
        "20193": {
            "year_quarter": 20193,
            "year": 2019,
            "quarter": 3,
            "eps": 0.31,
            "eps_growth_year": -71.3,
            "eps_4q": 2,
            "eps_4q_growth_year": -5.86,
            "roe": 1.96,
            "gross_profit": 662901,
            "gross_margin": 23.01,
            "net_income": 200493,
            "revenue": 2881054,
            "common_shares": 3124567,
            "equity": 10202544,
            "current_ratio": 155.62,
            "debt_ratio": 50.95,
            "inventory_turnover_ratio": 0.86,
            "account_receivable_turnover_ratio": 1.39,
            "reinvestment_rate": -59.61,
            "research_to_sale_ratio": 9.94,
            "price_fair": 71.7,
            "eps_avg_yearly": 2.05,
            "eps_latest_yearly": 1.24,
            "eps_growth_yearly": 264.3
        },
        "20194": {
            "year_quarter": 20194,
            "year": 2019,
            "quarter": 4,
            "eps": 0.35,
            "eps_growth_year": -54.4,
            "eps_4q": 1.59,
            "eps_4q_growth_year": -43.19,
            "roe": 2.32,
            "gross_profit": 530481,
            "gross_margin": 19.4,
            "net_income": 238625,
            "revenue": 2733873,
            "common_shares": 3124567,
            "equity": 10340778,
            "current_ratio": 148.74,
            "debt_ratio": 51.87,
            "inventory_turnover_ratio": 0.9,
            "account_receivable_turnover_ratio": 1.37,
            "reinvestment_rate": -40,
            "research_to_sale_ratio": 8.5,
            "price_fair": 70.19,
            "eps_avg_yearly": 2.01,
            "eps_latest_yearly": 1.4,
            "eps_growth_yearly": 250.12
        },
        "20201": {
            "year_quarter": 20201,
            "year": 2020,
            "quarter": 1,
            "eps": 7.09,
            "eps_growth_year": 1377.08,
            "eps_4q": 8.21,
            "eps_4q_growth_year": 176.36,
            "roe": 21.79,
            "gross_profit": 67960,
            "gross_margin": 4.68,
            "net_income": 2171931,
            "revenue": 1451393,
            "common_shares": 3124567,
            "equity": 9596688,
            "current_ratio": 138.4,
            "debt_ratio": 44.7,
            "inventory_turnover_ratio": 0.71,
            "account_receivable_turnover_ratio": 0.94,
            "reinvestment_rate": -26.23,
            "research_to_sale_ratio": 6.32,
            "price_fair": 127.84,
            "eps_avg_yearly": 3.65,
            "eps_latest_yearly": 28.36,
            "eps_growth_yearly": 715.92
        },
        "20202": {
            "year_quarter": 20202,
            "year": 2020,
            "quarter": 2,
            "eps": 0.41,
            "eps_growth_year": -8.89,
            "eps_4q": 8.16,
            "eps_4q_growth_year": 194.76,
            "roe": 1.22,
            "gross_profit": 230280,
            "gross_margin": 13.61,
            "net_income": 114822,
            "revenue": 1692280,
            "common_shares": 3124567,
            "equity": 9156297,
            "current_ratio": 135.68,
            "debt_ratio": 43.09,
            "inventory_turnover_ratio": 0.95,
            "account_receivable_turnover_ratio": 1.36,
            "reinvestment_rate": -23.92,
            "research_to_sale_ratio": 5.56,
            "price_fair": 127.05,
            "eps_avg_yearly": 3.63,
            "eps_latest_yearly": 1.64,
            "eps_growth_yearly": 538.79
        },
        "20203": {
            "year_quarter": 20203,
            "year": 2020,
            "quarter": 3,
            "eps": 0.21,
            "eps_growth_year": -32.26,
            "eps_4q": 8.06,
            "eps_4q_growth_year": 302.59,
            "roe": 0.6,
            "gross_profit": 240012,
            "gross_margin": 13.68,
            "net_income": 54767,
            "revenue": 1754501,
            "common_shares": 3124567,
            "equity": 9223467,
            "current_ratio": 139.97,
            "debt_ratio": 42.45,
            "inventory_turnover_ratio": 0.93,
            "account_receivable_turnover_ratio": 1.32,
            "reinvestment_rate": -18.78,
            "research_to_sale_ratio": 5.41,
            "price_fair": 124.08,
            "eps_avg_yearly": 3.55,
            "eps_latest_yearly": 0.84,
            "eps_growth_yearly": 524.09
        }
    },
    "months": {
        "2001-06": {
            "month": "2001-06",
            "price": "19.59",
            "revenue": 253331
        },
        "2001-07": {
            "month": "2001-07",
            "price": "14.57",
            "revenue": 261534
        },
        "2001-08": {
            "month": "2001-08",
            "price": "13.10",
            "revenue": 293678
        },
        "2001-09": {
            "month": "2001-09",
            "price": "9.86",
            "revenue": 305436
        },
        "2001-10": {
            "month": "2001-10",
            "price": "10.01",
            "revenue": 335388
        },
        "2001-11": {
            "month": "2001-11",
            "price": "13.38",
            "revenue": 351252
        },
        "2001-12": {
            "month": "2001-12",
            "price": "20.28",
            "revenue": 321284
        },
        "2002-01": {
            "month": "2002-01",
            "price": "25.49",
            "revenue": 332937
        },
        "2002-02": {
            "month": "2002-02",
            "price": "21.90",
            "revenue": 321279
        },
        "2002-03": {
            "month": "2002-03",
            "price": "24.21",
            "revenue": 369988
        },
        "2002-04": {
            "month": "2002-04",
            "price": "26.38",
            "revenue": 391922
        },
        "2002-05": {
            "month": "2002-05",
            "price": "23.56",
            "revenue": 400848
        },
        "2002-06": {
            "month": "2002-06",
            "price": "19.52",
            "revenue": 404993
        },
        "2002-07": {
            "month": "2002-07",
            "price": "17.30",
            "revenue": 410276
        },
        "2002-08": {
            "month": "2002-08",
            "price": "17.20",
            "revenue": 401322
        },
        "2002-09": {
            "month": "2002-09",
            "price": "16.44",
            "revenue": 402242
        },
        "2002-10": {
            "month": "2002-10",
            "price": "15.09",
            "revenue": 389603
        },
        "2002-11": {
            "month": "2002-11",
            "price": "16.98",
            "revenue": 382143
        },
        "2002-12": {
            "month": "2002-12",
            "price": "18.27",
            "revenue": 398527
        },
        "2003-01": {
            "month": "2003-01",
            "price": "20.59",
            "revenue": 428274
        },
        "2003-02": {
            "month": "2003-02",
            "price": "22.66",
            "revenue": 434390
        },
        "2003-03": {
            "month": "2003-03",
            "price": "22.58",
            "revenue": 450445
        },
        "2003-04": {
            "month": "2003-04",
            "price": "21.47",
            "revenue": 510258
        },
        "2003-05": {
            "month": "2003-05",
            "price": "23.55",
            "revenue": 531878
        },
        "2003-06": {
            "month": "2003-06",
            "price": "25.94",
            "revenue": 551310
        },
        "2003-07": {
            "month": "2003-07",
            "price": "26.35",
            "revenue": 577173
        },
        "2003-08": {
            "month": "2003-08",
            "price": "26.31",
            "revenue": 601263
        },
        "2003-09": {
            "month": "2003-09",
            "price": "24.14",
            "revenue": 656599
        },
        "2003-10": {
            "month": "2003-10",
            "price": "23.75",
            "revenue": 626899
        },
        "2003-11": {
            "month": "2003-11",
            "price": "25.98",
            "revenue": 549922
        },
        "2003-12": {
            "month": "2003-12",
            "price": "25.93",
            "revenue": 488494
        },
        "2004-01": {
            "month": "2004-01",
            "price": "26.65",
            "revenue": 559977
        },
        "2004-02": {
            "month": "2004-02",
            "price": "31.34",
            "revenue": 593140
        },
        "2004-03": {
            "month": "2004-03",
            "price": "29.19",
            "revenue": 618523
        },
        "2004-04": {
            "month": "2004-04",
            "price": "30.17",
            "revenue": 657628
        },
        "2004-05": {
            "month": "2004-05",
            "price": "27.10",
            "revenue": 715223
        },
        "2004-06": {
            "month": "2004-06",
            "price": "24.83",
            "revenue": 766926
        },
        "2004-07": {
            "month": "2004-07",
            "price": "22.25",
            "revenue": 841821
        },
        "2004-08": {
            "month": "2004-08",
            "price": "24.04",
            "revenue": 843120
        },
        "2004-09": {
            "month": "2004-09",
            "price": "24.88",
            "revenue": 853563
        },
        "2004-10": {
            "month": "2004-10",
            "price": "24.98",
            "revenue": 744644
        },
        "2004-11": {
            "month": "2004-11",
            "price": "25.37",
            "revenue": 725685
        },
        "2004-12": {
            "month": "2004-12",
            "price": "26.57",
            "revenue": 693545
        },
        "2005-01": {
            "month": "2005-01",
            "price": "24.96",
            "revenue": 633349
        },
        "2005-02": {
            "month": "2005-02",
            "price": "25.01",
            "revenue": 602044
        },
        "2005-03": {
            "month": "2005-03",
            "price": "25.93",
            "revenue": 661861
        },
        "2005-04": {
            "month": "2005-04",
            "price": "25.62",
            "revenue": 698003
        },
        "2005-05": {
            "month": "2005-05",
            "price": "24.50",
            "revenue": 692206
        },
        "2005-06": {
            "month": "2005-06",
            "price": "26.92",
            "revenue": 837882
        },
        "2005-07": {
            "month": "2005-07",
            "price": "27.89",
            "revenue": 904457
        },
        "2005-08": {
            "month": "2005-08",
            "price": "26.28",
            "revenue": 954202
        },
        "2005-09": {
            "month": "2005-09",
            "price": "25.13",
            "revenue": 971243
        },
        "2005-10": {
            "month": "2005-10",
            "price": "25.63",
            "revenue": 972271
        },
        "2005-11": {
            "month": "2005-11",
            "price": "26.14",
            "revenue": 980115
        },
        "2005-12": {
            "month": "2005-12",
            "price": "29.82",
            "revenue": 869432
        },
        "2006-01": {
            "month": "2006-01",
            "price": "36.64",
            "revenue": 896778
        },
        "2006-02": {
            "month": "2006-02",
            "price": "35.46",
            "revenue": 852178
        },
        "2006-03": {
            "month": "2006-03",
            "price": "34.85",
            "revenue": 940574
        },
        "2006-04": {
            "month": "2006-04",
            "price": "38.79",
            "revenue": 954296
        },
        "2006-05": {
            "month": "2006-05",
            "price": "36.31",
            "revenue": 956486
        },
        "2006-06": {
            "month": "2006-06",
            "price": "31.67",
            "revenue": 1008344
        },
        "2006-07": {
            "month": "2006-07",
            "price": "30.80",
            "revenue": 1016944
        },
        "2006-08": {
            "month": "2006-08",
            "price": "29.07",
            "revenue": 1019778
        },
        "2006-09": {
            "month": "2006-09",
            "price": "28.70",
            "revenue": 994302
        },
        "2006-10": {
            "month": "2006-10",
            "price": "28.26",
            "revenue": 957872
        },
        "2006-11": {
            "month": "2006-11",
            "price": "29.52",
            "revenue": 984779
        },
        "2006-12": {
            "month": "2006-12",
            "price": "33.01",
            "revenue": 953390
        },
        "2007-01": {
            "month": "2007-01",
            "price": "31.89",
            "revenue": 1004286
        },
        "2007-02": {
            "month": "2007-02",
            "price": "31.45",
            "revenue": 949352
        },
        "2007-03": {
            "month": "2007-03",
            "price": "30.62",
            "revenue": 1073404
        },
        "2007-04": {
            "month": "2007-04",
            "price": "30.77",
            "revenue": 1069118
        },
        "2007-05": {
            "month": "2007-05",
            "price": "27.41",
            "revenue": 1115349
        },
        "2007-06": {
            "month": "2007-06",
            "price": "29.34",
            "revenue": 1104674
        },
        "2007-07": {
            "month": "2007-07",
            "price": "30.16",
            "revenue": 992425
        },
        "2007-08": {
            "month": "2007-08",
            "price": "25.28",
            "revenue": 1072961
        },
        "2007-09": {
            "month": "2007-09",
            "price": "25.92",
            "revenue": 1139266
        },
        "2007-10": {
            "month": "2007-10",
            "price": "27.18",
            "revenue": 1078815
        },
        "2007-11": {
            "month": "2007-11",
            "price": "25.54",
            "revenue": 1095417
        },
        "2007-12": {
            "month": "2007-12",
            "price": "24.41",
            "revenue": 954615
        },
        "2008-01": {
            "month": "2008-01",
            "price": "23.10",
            "revenue": 962750
        },
        "2008-02": {
            "month": "2008-02",
            "price": "22.60",
            "revenue": 902802
        },
        "2008-03": {
            "month": "2008-03",
            "price": "22.75",
            "revenue": 1020380
        },
        "2008-04": {
            "month": "2008-04",
            "price": "23.57",
            "revenue": 981127
        },
        "2008-05": {
            "month": "2008-05",
            "price": "24.25",
            "revenue": 997259
        },
        "2008-06": {
            "month": "2008-06",
            "price": "21.81",
            "revenue": 972349
        },
        "2008-07": {
            "month": "2008-07",
            "price": "17.92",
            "revenue": 1027547
        },
        "2008-08": {
            "month": "2008-08",
            "price": "17.56",
            "revenue": 1046733
        },
        "2008-09": {
            "month": "2008-09",
            "price": "15.98",
            "revenue": 978598
        },
        "2008-10": {
            "month": "2008-10",
            "price": "13.39",
            "revenue": 894173
        },
        "2008-11": {
            "month": "2008-11",
            "price": "10.47",
            "revenue": 745522
        },
        "2008-12": {
            "month": "2008-12",
            "price": "9.73",
            "revenue": 566748
        },
        "2009-01": {
            "month": "2009-01",
            "price": "9.37",
            "revenue": 423254
        },
        "2009-02": {
            "month": "2009-02",
            "price": "9.16",
            "revenue": 387392
        },
        "2009-03": {
            "month": "2009-03",
            "price": "11.12",
            "revenue": 488027
        },
        "2009-04": {
            "month": "2009-04",
            "price": "13.64",
            "revenue": 605990
        },
        "2009-05": {
            "month": "2009-05",
            "price": "14.72",
            "revenue": 638863
        },
        "2009-06": {
            "month": "2009-06",
            "price": "17.13",
            "revenue": 654219
        },
        "2009-07": {
            "month": "2009-07",
            "price": "17.35",
            "revenue": 678323
        },
        "2009-08": {
            "month": "2009-08",
            "price": "19.06",
            "revenue": 732501
        },
        "2009-09": {
            "month": "2009-09",
            "price": "21.82",
            "revenue": 767023
        },
        "2009-10": {
            "month": "2009-10",
            "price": "24.15",
            "revenue": 776529
        },
        "2009-11": {
            "month": "2009-11",
            "price": "21.91",
            "revenue": 783876
        },
        "2009-12": {
            "month": "2009-12",
            "price": "23.04",
            "revenue": 706169
        },
        "2010-01": {
            "month": "2010-01",
            "price": "22.65",
            "revenue": 761329
        },
        "2010-02": {
            "month": "2010-02",
            "price": "19.91",
            "revenue": 695398
        },
        "2010-03": {
            "month": "2010-03",
            "price": "21.57",
            "revenue": 859164
        },
        "2010-04": {
            "month": "2010-04",
            "price": "22.61",
            "revenue": 790094
        },
        "2010-05": {
            "month": "2010-05",
            "price": "19.26",
            "revenue": 800313
        },
        "2010-06": {
            "month": "2010-06",
            "price": "18.90",
            "revenue": 810720
        },
        "2010-07": {
            "month": "2010-07",
            "price": "19.09",
            "revenue": 862830
        },
        "2010-08": {
            "month": "2010-08",
            "price": "19.53",
            "revenue": 811630
        },
        "2010-09": {
            "month": "2010-09",
            "price": "19.00",
            "revenue": 742736
        },
        "2010-10": {
            "month": "2010-10",
            "price": "17.87",
            "revenue": 668085
        },
        "2010-11": {
            "month": "2010-11",
            "price": "16.85",
            "revenue": 649520
        },
        "2010-12": {
            "month": "2010-12",
            "price": "18.75",
            "revenue": 618097
        },
        "2011-01": {
            "month": "2011-01",
            "price": "20.52",
            "revenue": 614465
        },
        "2011-02": {
            "month": "2011-02",
            "price": "19.94",
            "revenue": 445176
        },
        "2011-03": {
            "month": "2011-03",
            "price": "18.87",
            "revenue": 586073
        },
        "2011-04": {
            "month": "2011-04",
            "price": "17.97",
            "revenue": 602443
        },
        "2011-05": {
            "month": "2011-05",
            "price": "19.29",
            "revenue": 668680
        },
        "2011-06": {
            "month": "2011-06",
            "price": "19.59",
            "revenue": 663385
        },
        "2011-07": {
            "month": "2011-07",
            "price": "18.23",
            "revenue": 704179
        },
        "2011-08": {
            "month": "2011-08",
            "price": "14.65",
            "revenue": 628946
        },
        "2011-09": {
            "month": "2011-09",
            "price": "15.30",
            "revenue": 638919
        },
        "2011-10": {
            "month": "2011-10",
            "price": "17.58",
            "revenue": 525789
        },
        "2011-11": {
            "month": "2011-11",
            "price": "14.80",
            "revenue": 517281
        },
        "2011-12": {
            "month": "2011-12",
            "price": "12.36",
            "revenue": 483382
        },
        "2012-01": {
            "month": "2012-01",
            "price": "12.46",
            "revenue": 457919
        },
        "2012-02": {
            "month": "2012-02",
            "price": "16.70",
            "revenue": 509427
        },
        "2012-03": {
            "month": "2012-03",
            "price": "18.47",
            "revenue": 560275
        },
        "2012-04": {
            "month": "2012-04",
            "price": "15.62",
            "revenue": 597950
        },
        "2012-05": {
            "month": "2012-05",
            "price": "15.80",
            "revenue": 644734
        },
        "2012-06": {
            "month": "2012-06",
            "price": "14.87",
            "revenue": 789888
        },
        "2012-07": {
            "month": "2012-07",
            "price": "15.29",
            "revenue": 795904
        },
        "2012-08": {
            "month": "2012-08",
            "price": "15.35",
            "revenue": 773098
        },
        "2012-09": {
            "month": "2012-09",
            "price": "15.34",
            "revenue": 764296
        },
        "2012-10": {
            "month": "2012-10",
            "price": "14.21",
            "revenue": 718130
        },
        "2012-11": {
            "month": "2012-11",
            "price": "12.64",
            "revenue": 713087
        },
        "2012-12": {
            "month": "2012-12",
            "price": "14.06",
            "revenue": 639951
        },
        "2013-01": {
            "month": "2013-01",
            "price": "14.46",
            "revenue": 705843
        },
        "2013-02": {
            "month": "2013-02",
            "price": "15.07",
            "revenue": 597613
        },
        "2013-03": {
            "month": "2013-03",
            "price": "15.68",
            "revenue": 765959
        },
        "2013-04": {
            "month": "2013-04",
            "price": "17.40",
            "revenue": 815587
        },
        "2013-05": {
            "month": "2013-05",
            "price": "16.88",
            "revenue": 843952
        },
        "2013-06": {
            "month": "2013-06",
            "price": "16.36",
            "revenue": 860823
        },
        "2013-07": {
            "month": "2013-07",
            "price": "16.84",
            "revenue": 893636
        },
        "2013-08": {
            "month": "2013-08",
            "price": "16.27",
            "revenue": 903645
        },
        "2013-09": {
            "month": "2013-09",
            "price": "16.88",
            "revenue": 893061
        },
        "2013-10": {
            "month": "2013-10",
            "price": "17.72",
            "revenue": 796952
        },
        "2013-11": {
            "month": "2013-11",
            "price": "17.73",
            "revenue": 791492
        },
        "2013-12": {
            "month": "2013-12",
            "price": "19.10",
            "revenue": 747766
        },
        "2014-01": {
            "month": "2014-01",
            "price": "19.32",
            "revenue": 824042
        },
        "2014-02": {
            "month": "2014-02",
            "price": "21.94",
            "revenue": 708387
        },
        "2014-03": {
            "month": "2014-03",
            "price": "22.04",
            "revenue": 894238
        },
        "2014-04": {
            "month": "2014-04",
            "price": "21.74",
            "revenue": 921717
        },
        "2014-05": {
            "month": "2014-05",
            "price": "22.49",
            "revenue": 937088
        },
        "2014-06": {
            "month": "2014-06",
            "price": "22.95",
            "revenue": 894590
        },
        "2014-07": {
            "month": "2014-07",
            "price": "21.92",
            "revenue": 871570
        },
        "2014-08": {
            "month": "2014-08",
            "price": "22.18",
            "revenue": 897879
        },
        "2014-09": {
            "month": "2014-09",
            "price": "21.89",
            "revenue": 875736
        },
        "2014-10": {
            "month": "2014-10",
            "price": "20.70",
            "revenue": 822313
        },
        "2014-11": {
            "month": "2014-11",
            "price": "19.52",
            "revenue": 756982
        },
        "2014-12": {
            "month": "2014-12",
            "price": "20.31",
            "revenue": 747509
        },
        "2015-01": {
            "month": "2015-01",
            "price": "22.58",
            "revenue": 786056
        },
        "2015-02": {
            "month": "2015-02",
            "price": "22.17",
            "revenue": 618040
        },
        "2015-03": {
            "month": "2015-03",
            "price": "24.25",
            "revenue": 782895
        },
        "2015-04": {
            "month": "2015-04",
            "price": "24.80",
            "revenue": 813708
        },
        "2015-05": {
            "month": "2015-05",
            "price": "24.50",
            "revenue": 794762
        },
        "2015-06": {
            "month": "2015-06",
            "price": "23.01",
            "revenue": 813172
        },
        "2015-07": {
            "month": "2015-07",
            "price": "21.32",
            "revenue": 730844
        },
        "2015-08": {
            "month": "2015-08",
            "price": "18.11",
            "revenue": 782214
        },
        "2015-09": {
            "month": "2015-09",
            "price": "20.41",
            "revenue": 838958
        },
        "2015-10": {
            "month": "2015-10",
            "price": "22.58",
            "revenue": 833875
        },
        "2015-11": {
            "month": "2015-11",
            "price": "21.80",
            "revenue": 811576
        },
        "2015-12": {
            "month": "2015-12",
            "price": "20.87",
            "revenue": 829158
        },
        "2016-01": {
            "month": "2016-01",
            "price": "21.68",
            "revenue": 855432
        },
        "2016-02": {
            "month": "2016-02",
            "price": "22.93",
            "revenue": 644599
        },
        "2016-03": {
            "month": "2016-03",
            "price": "22.66",
            "revenue": 848423
        },
        "2016-04": {
            "month": "2016-04",
            "price": "21.27",
            "revenue": 866314
        },
        "2016-05": {
            "month": "2016-05",
            "price": "20.22",
            "revenue": 904563
        },
        "2016-06": {
            "month": "2016-06",
            "price": "21.21",
            "revenue": 924202
        },
        "2016-07": {
            "month": "2016-07",
            "price": "21.51",
            "revenue": 937126
        },
        "2016-08": {
            "month": "2016-08",
            "price": "22.69",
            "revenue": 920618
        },
        "2016-09": {
            "month": "2016-09",
            "price": "23.35",
            "revenue": 944896
        },
        "2016-10": {
            "month": "2016-10",
            "price": "22.67",
            "revenue": 888736
        },
        "2016-11": {
            "month": "2016-11",
            "price": "21.27",
            "revenue": 901617
        },
        "2016-12": {
            "month": "2016-12",
            "price": "22.17",
            "revenue": 850566
        },
        "2017-01": {
            "month": "2017-01",
            "price": "26.04",
            "revenue": 760625
        },
        "2017-02": {
            "month": "2017-02",
            "price": "30.13",
            "revenue": 665269
        },
        "2017-03": {
            "month": "2017-03",
            "price": "29.62",
            "revenue": 861113
        },
        "2017-04": {
            "month": "2017-04",
            "price": "27.66",
            "revenue": 935085
        },
        "2017-05": {
            "month": "2017-05",
            "price": "29.17",
            "revenue": 971055
        },
        "2017-06": {
            "month": "2017-06",
            "price": "31.98",
            "revenue": 992850
        },
        "2017-07": {
            "month": "2017-07",
            "price": "30.59",
            "revenue": 1046566
        },
        "2017-08": {
            "month": "2017-08",
            "price": "31.76",
            "revenue": 1073032
        },
        "2017-09": {
            "month": "2017-09",
            "price": "35.06",
            "revenue": 1111235
        },
        "2017-10": {
            "month": "2017-10",
            "price": "37.61",
            "revenue": 1054022
        },
        "2017-11": {
            "month": "2017-11",
            "price": "39.83",
            "revenue": 983279
        },
        "2017-12": {
            "month": "2017-12",
            "price": "41.47",
            "revenue": 1050666
        },
        "2018-01": {
            "month": "2018-01",
            "price": "44.63",
            "revenue": 936782
        },
        "2018-02": {
            "month": "2018-02",
            "price": "39.89",
            "revenue": 751660
        },
        "2018-03": {
            "month": "2018-03",
            "price": "40.19",
            "revenue": 997241
        },
        "2018-04": {
            "month": "2018-04",
            "price": "38.62",
            "revenue": 1092915
        },
        "2018-05": {
            "month": "2018-05",
            "price": "38.80",
            "revenue": 1118376
        },
        "2018-06": {
            "month": "2018-06",
            "price": "44.31",
            "revenue": 1144023
        },
        "2018-07": {
            "month": "2018-07",
            "price": "41.49",
            "revenue": 1126539
        },
        "2018-08": {
            "month": "2018-08",
            "price": "36.94",
            "revenue": 1080961
        },
        "2018-09": {
            "month": "2018-09",
            "price": "30.52",
            "revenue": 1058067
        },
        "2018-10": {
            "month": "2018-10",
            "price": "25.72",
            "revenue": 991047
        },
        "2018-11": {
            "month": "2018-11",
            "price": "27.98",
            "revenue": 971390
        },
        "2018-12": {
            "month": "2018-12",
            "price": "28.20",
            "revenue": 835774
        },
        "2019-01": {
            "month": "2019-01",
            "price": "27.40",
            "revenue": 927793
        },
        "2019-02": {
            "month": "2019-02",
            "price": "33.50",
            "revenue": 732063
        },
        "2019-03": {
            "month": "2019-03",
            "price": "34.68",
            "revenue": 963705
        },
        "2019-04": {
            "month": "2019-04",
            "price": "35.62",
            "revenue": 944522
        },
        "2019-05": {
            "month": "2019-05",
            "price": "31.62",
            "revenue": 931599
        },
        "2019-06": {
            "month": "2019-06",
            "price": "29.60",
            "revenue": 993246
        },
        "2019-07": {
            "month": "2019-07",
            "price": "33.02",
            "revenue": 943534
        },
        "2019-08": {
            "month": "2019-08",
            "price": "37.89",
            "revenue": 953640
        },
        "2019-09": {
            "month": "2019-09",
            "price": "41.11",
            "revenue": 983880
        },
        "2019-10": {
            "month": "2019-10",
            "price": "41.22",
            "revenue": 939105
        },
        "2019-11": {
            "month": "2019-11",
            "price": "40.48",
            "revenue": 909427
        },
        "2019-12": {
            "month": "2019-12",
            "price": "39.30",
            "revenue": 885342
        },
        "2020-01": {
            "month": "2020-01",
            "price": "40.72",
            "revenue": 491484
        },
        "2020-02": {
            "month": "2020-02",
            "price": "40.98",
            "revenue": 391641
        },
        "2020-03": {
            "month": "2020-03",
            "price": "39.51",
            "revenue": 568268
        },
        "2020-04": {
            "month": "2020-04",
            "price": "40.83",
            "revenue": 589995
        },
        "2020-05": {
            "month": "2020-05",
            "price": "41.40",
            "revenue": 551944
        },
        "2020-06": {
            "month": "2020-06",
            "price": "41.46",
            "revenue": 550341
        },
        "2020-07": {
            "month": "2020-07",
            "price": "40.81",
            "revenue": 614879
        },
        "2020-08": {
            "month": "2020-08",
            "price": "39.55",
            "revenue": 603455
        },
        "2020-09": {
            "month": "2020-09",
            "price": "39.64",
            "revenue": 536167
        },
        "2020-10": {
            "month": "2020-10",
            "price": "42.17",
            "revenue": 587666
        }
    }
}
