{
    "summary": {
        "stock_name": "桂盟",
        "stock_id": "5306",
        "category": "其他",
        "main_business": "自行車鏈條及機車鏈條、鏈輪之製造與銷售",
        "website_url": "http://www.kmc-international.com",
        "ceo": "吳瑞章",
        "pe_ratio": 11,
        "report_year_from": 2001,
        "report_year_to": 2023,
        "age": 22,
        "eps_negative_percentage": 35,
        "eps_growth_avg": {
            "last_all": 19.01,
            "last_2y": 26.17,
            "last_4y": 14.23,
            "last_8y": 18.25,
            "last_12y": 28.89,
            "last_16y": 28.89,
            "last_20y": 19.01,
            "at_2006_last_3y": -100,
            "at_2007_last_3y": null,
            "at_2008_last_3y": null,
            "at_2009_last_3y": null,
            "at_2010_last_3y": null,
            "at_2011_last_3y": null,
            "at_2012_last_3y": 100,
            "at_2013_last_3y": 76.8,
            "at_2014_last_3y": 55.19,
            "at_2015_last_3y": 52.5,
            "at_2016_last_3y": 31.24,
            "at_2017_last_3y": 23.27,
            "at_2018_last_3y": 17.26,
            "at_2019_last_3y": 7.33,
            "at_2020_last_3y": 16.15,
            "at_2021_last_3y": 18.85,
            "at_2022_last_3y": 20.81,
            "at_2023_last_3y": 20.81,
            "at_2006_last_all": -35.37,
            "at_2007_last_all": -35.37,
            "at_2008_last_all": -35.37,
            "at_2009_last_all": -35.37,
            "at_2010_last_all": -35.37,
            "at_2011_last_all": -35.37,
            "at_2012_last_all": 9.76,
            "at_2013_last_all": 20.72,
            "at_2014_last_all": 18.97,
            "at_2015_last_all": 23.21,
            "at_2016_last_all": 22.03,
            "at_2017_last_all": 21.99,
            "at_2018_last_all": 18.21,
            "at_2019_last_all": 16.86,
            "at_2020_last_all": 19.89,
            "at_2021_last_all": 20.95,
            "at_2022_last_all": 19.01,
            "at_2023_last_all": 19.01
        },
        "latest_eps": 13.24,
        "latest_price": 146.5,
        "latest_roe": 22.9,
        "latest_gross_margin": 42.02,
        "latest_equity": 7528115,
        "latest_revenue": 1313929,
        "latest_gross_profit": 552101,
        "latest_net_income": 244672,
        "latest_debt_ratio": 39.11,
        "latest_current_ratio": 191.83,
        "latest_account_receivable_turnover_ratio": 1.27,
        "latest_inventory_turnover_ratio": 0.62,
        "latest_reinvestment_rate": 4.86,
        "latest_research_to_sale_ratio": 1.98
    },
    "eps_dividends": {
        "1995": {
            "cash": 1.6,
            "stock": 1.6,
            "eps": 0
        },
        "1996": {
            "cash": 1,
            "stock": 1.5,
            "eps": 0
        },
        "1997": {
            "cash": 1,
            "stock": 1,
            "eps": 0
        },
        "1998": {
            "cash": 1.4,
            "stock": 1.4,
            "eps": 0
        },
        "1999": {
            "cash": 0.4,
            "stock": 0.4,
            "eps": 0
        },
        "2000": {
            "cash": 1.3,
            "stock": 1.3,
            "eps": 0
        },
        "2001": {
            "cash": 0,
            "stock": 0,
            "eps": 0.41
        },
        "2002": {
            "cash": 0,
            "stock": 0,
            "eps": 0.53
        },
        "2003": {
            "cash": 0,
            "stock": 0.16,
            "eps": -0.49
        },
        "2004": {
            "cash": 0,
            "stock": 0,
            "eps": -1.75
        },
        "2005": {
            "cash": 0,
            "stock": 0,
            "eps": -1.14
        },
        "2006": {
            "cash": 0,
            "stock": 0,
            "eps": -1.91
        },
        "2007": {
            "cash": 0,
            "stock": 0,
            "eps": -2.57
        },
        "2008": {
            "cash": 0,
            "stock": 0,
            "eps": -2.42
        },
        "2009": {
            "cash": 0,
            "stock": 0,
            "eps": -0.68
        },
        "2010": {
            "cash": 0,
            "stock": 0,
            "eps": -0.48
        },
        "2011": {
            "cash": 0,
            "stock": 0,
            "eps": 0.05
        },
        "2012": {
            "cash": 0,
            "stock": 0,
            "eps": 2.5
        },
        "2013": {
            "cash": 0.25,
            "stock": 0.25,
            "eps": 3.84
        },
        "2014": {
            "cash": 1.2,
            "stock": 0,
            "eps": 4.3
        },
        "2015": {
            "cash": 1.5,
            "stock": 0,
            "eps": 6.21
        },
        "2016": {
            "cash": 2.5,
            "stock": 0,
            "eps": 7.14
        },
        "2017": {
            "cash": 3.25,
            "stock": 0,
            "eps": 8.69
        },
        "2018": {
            "cash": 4.5,
            "stock": 0.5,
            "eps": 7.64
        },
        "2019": {
            "cash": 4.5,
            "stock": 0,
            "eps": 8
        },
        "2020": {
            "cash": 4.5,
            "stock": 0,
            "eps": 12.02
        },
        "2021": {
            "cash": 7.2,
            "stock": 0,
            "eps": 15.93
        },
        "2022": {
            "cash": 11.25,
            "stock": 0,
            "eps": 15.25
        },
        "2023": {
            "cash": 7.91,
            "stock": 0,
            "eps": 1.94
        }
    },
    "dividends": {
        "1995-04-28": {
            "cash": 1.6,
            "stock": 1.6
        },
        "1996-05-17": {
            "cash": 1,
            "stock": 1.5
        },
        "1997-06-12": {
            "cash": 1,
            "stock": 1
        },
        "1998-05-14": {
            "cash": 1.4,
            "stock": 1.4
        },
        "1999-06-16": {
            "cash": 0.4,
            "stock": 0.4
        },
        "2000-05-26": {
            "cash": 1.3,
            "stock": 1.3
        },
        "2003-06-20": {
            "cash": 0,
            "stock": 0.16
        },
        "2013-06-25": {
            "cash": 0.25,
            "stock": 0.25
        },
        "2014-06-24": {
            "cash": 1.2,
            "stock": 0
        },
        "2015-08-20": {
            "cash": 1.5,
            "stock": 0
        },
        "2016-08-19": {
            "cash": 2.5,
            "stock": 0
        },
        "2017-08-18": {
            "cash": 3.25,
            "stock": 0
        },
        "2018-08-20": {
            "cash": 4.5,
            "stock": 0.5
        },
        "2019-08-20": {
            "cash": 4.5,
            "stock": 0
        },
        "2020-08-20": {
            "cash": 4.5,
            "stock": 0
        },
        "2021-08-20": {
            "cash": 7.2,
            "stock": 0
        },
        "2022-01-14": {
            "cash": 4.5,
            "stock": 0
        },
        "2022-04-15": {
            "cash": 2.25,
            "stock": 0
        },
        "2022-07-29": {
            "cash": 2.25,
            "stock": 0
        },
        "2022-10-14": {
            "cash": 2.25,
            "stock": 0
        },
        "2023-01-13": {
            "cash": 2.25,
            "stock": 0
        },
        "2023-04-14": {
            "cash": 2.25,
            "stock": 0
        },
        "2023-05-10": {
            "cash": 1.16,
            "stock": 0
        },
        "2023-07-26": {
            "cash": 2.25,
            "stock": 0
        }
    },
    "prices": {
        "200101": "6.50",
        "200102": "8.43",
        "200103": "10.45",
        "200104": "13.83",
        "200105": "8.99",
        "200106": "7.80",
        "200107": "6.02",
        "200108": "5.97",
        "200109": "4.49",
        "200110": "4.37",
        "200111": "8.81",
        "200112": "20.72",
        "200201": "25.81",
        "200202": "24.36",
        "200203": "26.60",
        "200204": "25.38",
        "200205": "19.87",
        "200206": "18.57",
        "200207": "17.40",
        "200208": "16.17",
        "200209": "13.10",
        "200210": "12.67",
        "200211": "11.88",
        "200212": "10.46",
        "200301": "10.43",
        "200302": "9.90",
        "200303": "8.78",
        "200304": "8.22",
        "200305": "7.52",
        "200306": "8.95",
        "200307": "9.97",
        "200308": "8.48",
        "200309": "7.26",
        "200310": "7.16",
        "200311": "7.74",
        "200312": "8.31",
        "200401": "8.93",
        "200402": "8.91",
        "200403": "8.48",
        "200404": "8.28",
        "200405": "6.76",
        "200406": "5.94",
        "200407": "4.69",
        "200408": "4.13",
        "200409": "3.56",
        "200410": "3.52",
        "200411": "3.48",
        "200412": "3.05",
        "200501": "2.91",
        "200502": "3.58",
        "200503": "5.19",
        "200504": "4.26",
        "200505": "3.46",
        "200506": "4.05",
        "200507": "4.23",
        "200508": "3.44",
        "200509": "3.11",
        "200510": "2.95",
        "200511": "2.71",
        "200512": "3.38",
        "200601": "3.57",
        "200602": "3.15",
        "200603": "2.94",
        "200604": "3.14",
        "200605": "3.06",
        "200606": "2.70",
        "200607": "2.43",
        "200608": "1.95",
        "200609": "2.12",
        "200610": "2.52",
        "200611": "3.36",
        "200612": "3.79",
        "200701": "3.46",
        "200702": "3.18",
        "200703": "3.76",
        "200704": "4.86",
        "200705": "4.14",
        "200706": "4.48",
        "200707": "5.64",
        "200708": "4.93",
        "200709": "4.33",
        "200710": "5.19",
        "200711": "5.56",
        "200712": "5.06",
        "200801": "4.03",
        "200802": "3.51",
        "200803": "4.28",
        "200804": "4.43",
        "200805": "4.70",
        "200806": "3.95",
        "200807": "2.97",
        "200808": "2.90",
        "200809": "2.28",
        "200810": "1.89",
        "200811": "2.43",
        "200812": "2.54",
        "200901": "2.60",
        "200902": "3.17",
        "200903": "3.10",
        "200904": "4.47",
        "200905": "4.67",
        "200906": "4.65",
        "200907": "4.57",
        "200908": "4.52",
        "200909": "4.83",
        "200910": "4.96",
        "200911": "5.01",
        "200912": "5.32",
        "201001": "6.64",
        "201002": "5.49",
        "201003": "5.73",
        "201004": "6.50",
        "201005": "5.92",
        "201006": "5.74",
        "201007": "6.86",
        "201008": "6.79",
        "201009": "6.04",
        "201010": "5.50",
        "201011": "4.98",
        "201012": "5.41",
        "201101": "5.51",
        "201102": "5.87",
        "201103": "6.69",
        "201104": "7.65",
        "201105": "8.40",
        "201106": "8.42",
        "201107": "9.50",
        "201108": "12.85",
        "201109": "16.75",
        "201110": "18.50",
        "201111": "18.50",
        "201112": "20.60",
        "201201": "34.84",
        "201202": "39.61",
        "201203": "41.80",
        "201204": "37.05",
        "201205": "47.51",
        "201206": "51.34",
        "201207": "46.94",
        "201208": "51.42",
        "201209": "49.36",
        "201210": "46.72",
        "201211": "49.64",
        "201212": "49.87",
        "201301": "61.59",
        "201302": "70.43",
        "201303": "78.00",
        "201304": "88.54",
        "201305": "111.48",
        "201306": "113.32",
        "201307": "135.61",
        "201308": "124.86",
        "201309": "126.05",
        "201310": "129.86",
        "201311": "126.24",
        "201312": "125.14",
        "201401": "121.44",
        "201402": "112.56",
        "201403": "126.57",
        "201404": "133.55",
        "201405": "133.05",
        "201406": "135.62",
        "201407": "144.11",
        "201408": "141.38",
        "201409": "134.19",
        "201410": "123.39",
        "201411": "125.80",
        "201412": "126.12",
        "201501": "125.58",
        "201502": "135.08",
        "201503": "150.43",
        "201504": "145.75",
        "201505": "145.52",
        "201506": "143.31",
        "201507": "136.50",
        "201508": "139.33",
        "201509": "130.75",
        "201510": "130.05",
        "201511": "140.17",
        "201512": "131.11",
        "201601": "118.64",
        "201602": "126.38",
        "201603": "124.84",
        "201604": "123.21",
        "201605": "115.79",
        "201606": "118.76",
        "201607": "118.52",
        "201608": "112.98",
        "201609": "107.00",
        "201610": "113.38",
        "201611": "102.91",
        "201612": "107.93",
        "201701": "121.38",
        "201702": "135.11",
        "201703": "138.07",
        "201704": "148.42",
        "201705": "146.29",
        "201706": "139.85",
        "201707": "143.12",
        "201708": "139.89",
        "201709": "135.52",
        "201710": "133.32",
        "201711": "131.55",
        "201712": "127.24",
        "201801": "133.57",
        "201802": "131.42",
        "201803": "134.09",
        "201804": "132.25",
        "201805": "134.27",
        "201806": "136.85",
        "201807": "134.00",
        "201808": "122.50",
        "201809": "105.42",
        "201810": "101.00",
        "201811": "99.37",
        "201812": "98.44",
        "201901": "99.16",
        "201902": "106.23",
        "201903": "113.60",
        "201904": "112.08",
        "201905": "110.00",
        "201906": "104.11",
        "201907": "104.35",
        "201908": "107.19",
        "201909": "104.92",
        "201910": "101.88",
        "201911": "103.14",
        "201912": "106.16",
        "202001": "107.10",
        "202002": "101.22",
        "202003": "82.65",
        "202004": "78.64",
        "202005": "102.00",
        "202006": "136.62",
        "202007": "164.30",
        "202008": "191.50",
        "202009": "183.77",
        "202010": "201.05",
        "202011": "201.38",
        "202012": "180.52",
        "202101": "196.65",
        "202102": "202.35",
        "202103": "197.16",
        "202104": "231.79",
        "202105": "216.71",
        "202106": "230.00",
        "202107": "243.84",
        "202108": "219.45",
        "202109": "209.58",
        "202110": "200.72",
        "202111": "204.32",
        "202112": "198.30",
        "202201": "196.22",
        "202202": "196.30",
        "202203": "191.02",
        "202204": "172.34",
        "202205": "167.62",
        "202206": "170.79",
        "202207": "158.31",
        "202208": "158.20",
        "202209": "157.45",
        "202210": "141.15",
        "202211": "150.11",
        "202212": "146.95",
        "202301": "144.77",
        "202302": "155.03",
        "202303": "146.65",
        "202304": "144.12",
        "202305": "144.73",
        "202306": "146.67"
    },
    "quarters": {
        "20011": {
            "year_quarter": 20011,
            "year": 2001,
            "quarter": 1,
            "eps": -0.47,
            "eps_growth_year": -304.35,
            "eps_4q": -1.29,
            "eps_4q_growth_year": -282.51,
            "roe": -4.73,
            "roe_4q": -4.73,
            "gross_profit": 59693,
            "gross_margin": 20.45,
            "gross_margin_4q_avg": 20.45,
            "net_income": -53610,
            "revenue": 291851,
            "common_shares": 1139929,
            "book_valuer_per_share": 9.92,
            "book_valuer_per_share_4q_avg": 9.92,
            "equity": 1130371,
            "current_ratio": 276.08,
            "debt_ratio": 28.43,
            "inventory_turnover_ratio": 0.71,
            "account_receivable_turnover_ratio": null,
            "reinvestment_rate": null,
            "research_to_sale_ratio": null,
            "price_fair": 0,
            "eps_avg_yearly": 0,
            "eps_latest_yearly": 0,
            "eps_growth_yearly": 0
        },
        "20012": {
            "year_quarter": 20012,
            "year": 2001,
            "quarter": 2,
            "eps": -0.03,
            "eps_growth_year": null,
            "eps_4q": -1.19,
            "eps_4q_growth_year": -354.88,
            "roe": -0.33,
            "roe_4q": -5.0600000000000005,
            "gross_profit": 55550,
            "gross_margin": 20.92,
            "gross_margin_4q_avg": 20.69,
            "net_income": -3680,
            "revenue": 265545,
            "common_shares": 1139929,
            "book_valuer_per_share": 9.77,
            "book_valuer_per_share_4q_avg": 9.85,
            "equity": 1113585,
            "current_ratio": 265.32,
            "debt_ratio": 30.21,
            "inventory_turnover_ratio": 0.9,
            "account_receivable_turnover_ratio": null,
            "reinvestment_rate": null,
            "research_to_sale_ratio": null,
            "price_fair": 0,
            "eps_avg_yearly": 0,
            "eps_latest_yearly": 0,
            "eps_growth_yearly": 0
        },
        "20013": {
            "year_quarter": 20013,
            "year": 2001,
            "quarter": 3,
            "eps": 0.15,
            "eps_growth_year": null,
            "eps_4q": -0.82,
            "eps_4q_growth_year": -405.23,
            "roe": 1.57,
            "roe_4q": -3.49,
            "gross_profit": 65393,
            "gross_margin": 21.37,
            "gross_margin_4q_avg": 20.91,
            "net_income": 17481,
            "revenue": 306016,
            "common_shares": 1139929,
            "book_valuer_per_share": 9.79,
            "book_valuer_per_share_4q_avg": 9.83,
            "equity": 1116384,
            "current_ratio": 251.03,
            "debt_ratio": 32.32,
            "inventory_turnover_ratio": 1.11,
            "account_receivable_turnover_ratio": null,
            "reinvestment_rate": null,
            "research_to_sale_ratio": null,
            "price_fair": 0,
            "eps_avg_yearly": 0,
            "eps_latest_yearly": 0,
            "eps_growth_yearly": 0
        },
        "20014": {
            "year_quarter": 20014,
            "year": 2001,
            "quarter": 4,
            "eps": 0.76,
            "eps_growth_year": null,
            "eps_4q": 0.41,
            "eps_4q_growth_year": null,
            "roe": 7.57,
            "roe_4q": 4.08,
            "gross_profit": 145432,
            "gross_margin": 27.52,
            "gross_margin_4q_avg": 22.57,
            "net_income": 87090,
            "revenue": 528489,
            "common_shares": 1139929,
            "book_valuer_per_share": 10.4,
            "book_valuer_per_share_4q_avg": 9.97,
            "equity": 1185013,
            "current_ratio": 232.53,
            "debt_ratio": 35.18,
            "inventory_turnover_ratio": 1.32,
            "account_receivable_turnover_ratio": null,
            "reinvestment_rate": null,
            "research_to_sale_ratio": null,
            "price_fair": 0,
            "eps_avg_yearly": 0,
            "eps_latest_yearly": 0,
            "eps_growth_yearly": 0
        },
        "20021": {
            "year_quarter": 20021,
            "year": 2002,
            "quarter": 1,
            "eps": 0.5,
            "eps_growth_year": null,
            "eps_4q": 1.43,
            "eps_4q_growth_year": null,
            "roe": 4.49,
            "roe_4q": 13.3,
            "gross_profit": 119823,
            "gross_margin": 27.24,
            "gross_margin_4q_avg": 24.26,
            "net_income": 54465,
            "revenue": 439949,
            "common_shares": 1139929,
            "book_valuer_per_share": 10.87,
            "book_valuer_per_share_4q_avg": 10.21,
            "equity": 1239405,
            "current_ratio": 215.77,
            "debt_ratio": 37.26,
            "inventory_turnover_ratio": 0.98,
            "account_receivable_turnover_ratio": null,
            "reinvestment_rate": null,
            "research_to_sale_ratio": null,
            "price_fair": 6,
            "eps_avg_yearly": 2,
            "eps_latest_yearly": 2,
            "eps_growth_yearly": -136.84
        },
        "20022": {
            "year_quarter": 20022,
            "year": 2002,
            "quarter": 2,
            "eps": -0.11,
            "eps_growth_year": null,
            "eps_4q": 1.29,
            "eps_4q_growth_year": null,
            "roe": -0.97,
            "roe_4q": 12.66,
            "gross_profit": 79578,
            "gross_margin": 20.04,
            "gross_margin_4q_avg": 24.04,
            "net_income": -12015,
            "revenue": 397076,
            "common_shares": 1139929,
            "book_valuer_per_share": 10.75,
            "book_valuer_per_share_4q_avg": 10.45,
            "equity": 1225777,
            "current_ratio": 269.01,
            "debt_ratio": 29.43,
            "inventory_turnover_ratio": 1.29,
            "account_receivable_turnover_ratio": null,
            "reinvestment_rate": null,
            "research_to_sale_ratio": null,
            "price_fair": 6,
            "eps_avg_yearly": 2,
            "eps_latest_yearly": 2,
            "eps_growth_yearly": -136.84
        },
        "20023": {
            "year_quarter": 20023,
            "year": 2002,
            "quarter": 3,
            "eps": 0.28,
            "eps_growth_year": 86.67,
            "eps_4q": 1.47,
            "eps_4q_growth_year": null,
            "roe": 2.45,
            "roe_4q": 13.540000000000001,
            "gross_profit": 67078,
            "gross_margin": 16.18,
            "gross_margin_4q_avg": 22.75,
            "net_income": 30467,
            "revenue": 414590,
            "common_shares": 1139929,
            "book_valuer_per_share": 11.05,
            "book_valuer_per_share_4q_avg": 10.77,
            "equity": 1259120,
            "current_ratio": 303.46,
            "debt_ratio": 26.58,
            "inventory_turnover_ratio": 1.81,
            "account_receivable_turnover_ratio": null,
            "reinvestment_rate": null,
            "research_to_sale_ratio": null,
            "price_fair": 6,
            "eps_avg_yearly": 2,
            "eps_latest_yearly": 2,
            "eps_growth_yearly": -136.84
        },
        "20024": {
            "year_quarter": 20024,
            "year": 2002,
            "quarter": 4,
            "eps": -0.14,
            "eps_growth_year": -118.42,
            "eps_4q": 0.53,
            "eps_4q_growth_year": 28.45,
            "roe": -1.2,
            "roe_4q": 4.7700000000000005,
            "gross_profit": 50533,
            "gross_margin": 15.33,
            "gross_margin_4q_avg": 19.7,
            "net_income": -15028,
            "revenue": 329555,
            "common_shares": 1139929,
            "book_valuer_per_share": 10.91,
            "book_valuer_per_share_4q_avg": 10.9,
            "equity": 1243964,
            "current_ratio": 316.76,
            "debt_ratio": 25.96,
            "inventory_turnover_ratio": 1.11,
            "account_receivable_turnover_ratio": null,
            "reinvestment_rate": 175.86,
            "research_to_sale_ratio": null,
            "price_fair": 6,
            "eps_avg_yearly": 2,
            "eps_latest_yearly": 2,
            "eps_growth_yearly": -136.84
        },
        "20031": {
            "year_quarter": 20031,
            "year": 2003,
            "quarter": 1,
            "eps": 0.09,
            "eps_growth_year": -82,
            "eps_4q": 0.12,
            "eps_4q_growth_year": -91.45,
            "roe": 0.77,
            "roe_4q": 1.0500000000000005,
            "gross_profit": 38460,
            "gross_margin": 13.22,
            "gross_margin_4q_avg": 16.19,
            "net_income": 9657,
            "revenue": 290932,
            "common_shares": 1139929,
            "book_valuer_per_share": 11,
            "book_valuer_per_share_4q_avg": 10.93,
            "equity": 1253989,
            "current_ratio": 270.26,
            "debt_ratio": 34.32,
            "inventory_turnover_ratio": 0.9,
            "account_receivable_turnover_ratio": null,
            "reinvestment_rate": 127.53,
            "research_to_sale_ratio": null,
            "price_fair": 6,
            "eps_avg_yearly": 2,
            "eps_latest_yearly": 2,
            "eps_growth_yearly": -136.84
        },
        "20032": {
            "year_quarter": 20032,
            "year": 2003,
            "quarter": 2,
            "eps": -0.12,
            "eps_growth_year": null,
            "eps_4q": 0.1,
            "eps_4q_growth_year": -91.92,
            "roe": -1.06,
            "roe_4q": 0.9600000000000002,
            "gross_profit": 30292,
            "gross_margin": 9.24,
            "gross_margin_4q_avg": 13.49,
            "net_income": -13212,
            "revenue": 327809,
            "common_shares": 1139929,
            "book_valuer_per_share": 10.87,
            "book_valuer_per_share_4q_avg": 10.96,
            "equity": 1239030,
            "current_ratio": 248.43,
            "debt_ratio": 35.09,
            "inventory_turnover_ratio": 1.49,
            "account_receivable_turnover_ratio": null,
            "reinvestment_rate": 118.83,
            "research_to_sale_ratio": null,
            "price_fair": 6,
            "eps_avg_yearly": 2,
            "eps_latest_yearly": 2,
            "eps_growth_yearly": -136.84
        },
        "20033": {
            "year_quarter": 20033,
            "year": 2003,
            "quarter": 3,
            "eps": -0.07,
            "eps_growth_year": -125,
            "eps_4q": -0.23,
            "eps_4q_growth_year": -115.47,
            "roe": -0.63,
            "roe_4q": -2.12,
            "gross_profit": 26849,
            "gross_margin": 9.43,
            "gross_margin_4q_avg": 11.81,
            "net_income": -7819,
            "revenue": 284805,
            "common_shares": 1160743,
            "book_valuer_per_share": 10.54,
            "book_valuer_per_share_4q_avg": 10.83,
            "equity": 1223847,
            "current_ratio": 228.96,
            "debt_ratio": 37.33,
            "inventory_turnover_ratio": 1.16,
            "account_receivable_turnover_ratio": null,
            "reinvestment_rate": 89.6,
            "research_to_sale_ratio": null,
            "price_fair": 6,
            "eps_avg_yearly": 2,
            "eps_latest_yearly": 2,
            "eps_growth_yearly": -136.84
        },
        "20034": {
            "year_quarter": 20034,
            "year": 2003,
            "quarter": 4,
            "eps": -0.39,
            "eps_growth_year": null,
            "eps_4q": -0.49,
            "eps_4q_growth_year": -192.45,
            "roe": -3.61,
            "roe_4q": -4.530000000000001,
            "gross_profit": 49022,
            "gross_margin": 15.58,
            "gross_margin_4q_avg": 11.87,
            "net_income": -43474,
            "revenue": 314661,
            "common_shares": 1160743,
            "book_valuer_per_share": 10.18,
            "book_valuer_per_share_4q_avg": 10.65,
            "equity": 1181661,
            "current_ratio": 300.84,
            "debt_ratio": 34.92,
            "inventory_turnover_ratio": 0.8,
            "account_receivable_turnover_ratio": null,
            "reinvestment_rate": null,
            "research_to_sale_ratio": null,
            "price_fair": 6,
            "eps_avg_yearly": 2,
            "eps_latest_yearly": 2,
            "eps_growth_yearly": -136.84
        },
        "20041": {
            "year_quarter": 20041,
            "year": 2004,
            "quarter": 1,
            "eps": -0.39,
            "eps_growth_year": -533.33,
            "eps_4q": -0.96,
            "eps_4q_growth_year": -889.75,
            "roe": -3.8,
            "roe_4q": -9.100000000000001,
            "gross_profit": 29732,
            "gross_margin": 14.61,
            "gross_margin_4q_avg": 12.22,
            "net_income": -43920,
            "revenue": 203567,
            "common_shares": 1160743,
            "book_valuer_per_share": 9.74,
            "book_valuer_per_share_4q_avg": 10.33,
            "equity": 1131078,
            "current_ratio": 170.82,
            "debt_ratio": 35.15,
            "inventory_turnover_ratio": 0.54,
            "account_receivable_turnover_ratio": null,
            "reinvestment_rate": null,
            "research_to_sale_ratio": null,
            "price_fair": 6,
            "eps_avg_yearly": 2,
            "eps_latest_yearly": 2,
            "eps_growth_yearly": -136.84
        },
        "20042": {
            "year_quarter": 20042,
            "year": 2004,
            "quarter": 2,
            "eps": -0.3,
            "eps_growth_year": null,
            "eps_4q": -1.11,
            "eps_4q_growth_year": -1165.91,
            "roe": -3.02,
            "roe_4q": -11.06,
            "gross_profit": 25088,
            "gross_margin": 12.67,
            "gross_margin_4q_avg": 13.07,
            "net_income": -33772,
            "revenue": 197989,
            "common_shares": 1160743,
            "book_valuer_per_share": 9.5,
            "book_valuer_per_share_4q_avg": 9.99,
            "equity": 1102346,
            "current_ratio": 202.83,
            "debt_ratio": 31.1,
            "inventory_turnover_ratio": 0.78,
            "account_receivable_turnover_ratio": null,
            "reinvestment_rate": null,
            "research_to_sale_ratio": null,
            "price_fair": 6,
            "eps_avg_yearly": 2,
            "eps_latest_yearly": 2,
            "eps_growth_yearly": -136.84
        },
        "20043": {
            "year_quarter": 20043,
            "year": 2004,
            "quarter": 3,
            "eps": -0.37,
            "eps_growth_year": null,
            "eps_4q": -1.4,
            "eps_4q_growth_year": null,
            "roe": -3.79,
            "roe_4q": -14.219999999999999,
            "gross_profit": 29642,
            "gross_margin": 13.41,
            "gross_margin_4q_avg": 14.07,
            "net_income": -40927,
            "revenue": 221093,
            "common_shares": 1160743,
            "book_valuer_per_share": 9.12,
            "book_valuer_per_share_4q_avg": 9.64,
            "equity": 1058350,
            "current_ratio": 188.63,
            "debt_ratio": 33.32,
            "inventory_turnover_ratio": 1.03,
            "account_receivable_turnover_ratio": null,
            "reinvestment_rate": null,
            "research_to_sale_ratio": null,
            "price_fair": 6,
            "eps_avg_yearly": 2,
            "eps_latest_yearly": 2,
            "eps_growth_yearly": -136.84
        },
        "20044": {
            "year_quarter": 20044,
            "year": 2004,
            "quarter": 4,
            "eps": -0.69,
            "eps_growth_year": null,
            "eps_4q": -1.69,
            "eps_4q_growth_year": null,
            "roe": -7.51,
            "roe_4q": -18.12,
            "gross_profit": 25997,
            "gross_margin": 11.36,
            "gross_margin_4q_avg": 13.01,
            "net_income": -77156,
            "revenue": 228933,
            "common_shares": 1160743,
            "book_valuer_per_share": 8.3,
            "book_valuer_per_share_4q_avg": 9.17,
            "equity": 995212,
            "current_ratio": 199.48,
            "debt_ratio": 35.07,
            "inventory_turnover_ratio": 0.8,
            "account_receivable_turnover_ratio": null,
            "reinvestment_rate": null,
            "research_to_sale_ratio": null,
            "price_fair": 6,
            "eps_avg_yearly": 2,
            "eps_latest_yearly": 2,
            "eps_growth_yearly": -136.84
        },
        "20051": {
            "year_quarter": 20051,
            "year": 2005,
            "quarter": 1,
            "eps": -0.34,
            "eps_growth_year": null,
            "eps_4q": -1.69,
            "eps_4q_growth_year": null,
            "roe": -3.98,
            "roe_4q": -18.3,
            "gross_profit": 26836,
            "gross_margin": 10.28,
            "gross_margin_4q_avg": 11.93,
            "net_income": -38235,
            "revenue": 261022,
            "common_shares": 1160743,
            "book_valuer_per_share": 7.97,
            "book_valuer_per_share_4q_avg": 8.72,
            "equity": 925076,
            "current_ratio": 174.94,
            "debt_ratio": 35.02,
            "inventory_turnover_ratio": 0.9,
            "account_receivable_turnover_ratio": null,
            "reinvestment_rate": null,
            "research_to_sale_ratio": null,
            "price_fair": 6,
            "eps_avg_yearly": 2,
            "eps_latest_yearly": 2,
            "eps_growth_yearly": -136.84
        },
        "20052": {
            "year_quarter": 20052,
            "year": 2005,
            "quarter": 2,
            "eps": -0.25,
            "eps_growth_year": null,
            "eps_4q": -1.59,
            "eps_4q_growth_year": null,
            "roe": -3.07,
            "roe_4q": -18.349999999999998,
            "gross_profit": 28780,
            "gross_margin": 14.51,
            "gross_margin_4q_avg": 12.39,
            "net_income": -27954,
            "revenue": 198324,
            "common_shares": 1160743,
            "book_valuer_per_share": 7.71,
            "book_valuer_per_share_4q_avg": 8.28,
            "equity": 895348,
            "current_ratio": 186.59,
            "debt_ratio": 32.98,
            "inventory_turnover_ratio": 0.86,
            "account_receivable_turnover_ratio": null,
            "reinvestment_rate": null,
            "research_to_sale_ratio": null,
            "price_fair": 6,
            "eps_avg_yearly": 2,
            "eps_latest_yearly": 2,
            "eps_growth_yearly": -136.84
        },
        "20053": {
            "year_quarter": 20053,
            "year": 2005,
            "quarter": 3,
            "eps": -0.38,
            "eps_growth_year": null,
            "eps_4q": -1.6,
            "eps_4q_growth_year": null,
            "roe": -4.86,
            "roe_4q": -19.42,
            "gross_profit": 28004,
            "gross_margin": 14.94,
            "gross_margin_4q_avg": 12.77,
            "net_income": -42744,
            "revenue": 187419,
            "common_shares": 1160743,
            "book_valuer_per_share": 7.43,
            "book_valuer_per_share_4q_avg": 7.85,
            "equity": 862026,
            "current_ratio": 175.27,
            "debt_ratio": 34.83,
            "inventory_turnover_ratio": 0.79,
            "account_receivable_turnover_ratio": null,
            "reinvestment_rate": null,
            "research_to_sale_ratio": null,
            "price_fair": 6,
            "eps_avg_yearly": 2,
            "eps_latest_yearly": 2,
            "eps_growth_yearly": -136.84
        },
        "20054": {
            "year_quarter": 20054,
            "year": 2005,
            "quarter": 4,
            "eps": -0.17,
            "eps_growth_year": null,
            "eps_4q": -1.08,
            "eps_4q_growth_year": null,
            "roe": -2.24,
            "roe_4q": -14.15,
            "gross_profit": 42425,
            "gross_margin": 17.45,
            "gross_margin_4q_avg": 14.3,
            "net_income": -19280,
            "revenue": 243191,
            "common_shares": 1160743,
            "book_valuer_per_share": 7.21,
            "book_valuer_per_share_4q_avg": 7.58,
            "equity": 862618,
            "current_ratio": 203.63,
            "debt_ratio": 35.35,
            "inventory_turnover_ratio": 0.7,
            "account_receivable_turnover_ratio": null,
            "reinvestment_rate": null,
            "research_to_sale_ratio": null,
            "price_fair": 6,
            "eps_avg_yearly": 2,
            "eps_latest_yearly": 2,
            "eps_growth_yearly": -136.84
        },
        "20061": {
            "year_quarter": 20061,
            "year": 2006,
            "quarter": 1,
            "eps": -0.44,
            "eps_growth_year": null,
            "eps_4q": -1.24,
            "eps_4q_growth_year": null,
            "roe": -5.93,
            "roe_4q": -16.1,
            "gross_profit": 22118,
            "gross_margin": 12.04,
            "gross_margin_4q_avg": 14.74,
            "net_income": -49234,
            "revenue": 183673,
            "common_shares": 1160743,
            "book_valuer_per_share": 6.88,
            "book_valuer_per_share_4q_avg": 7.31,
            "equity": 798764,
            "current_ratio": 164.95,
            "debt_ratio": 33.14,
            "inventory_turnover_ratio": 0.53,
            "account_receivable_turnover_ratio": null,
            "reinvestment_rate": null,
            "research_to_sale_ratio": null,
            "price_fair": 0,
            "eps_avg_yearly": 0,
            "eps_latest_yearly": 0,
            "eps_growth_yearly": 0
        },
        "20062": {
            "year_quarter": 20062,
            "year": 2006,
            "quarter": 2,
            "eps": -0.2,
            "eps_growth_year": null,
            "eps_4q": -1.15,
            "eps_4q_growth_year": null,
            "roe": -2.82,
            "roe_4q": -15.850000000000001,
            "gross_profit": 9549,
            "gross_margin": 6.41,
            "gross_margin_4q_avg": 12.71,
            "net_income": -22093,
            "revenue": 149066,
            "common_shares": 1160743,
            "book_valuer_per_share": 6.62,
            "book_valuer_per_share_4q_avg": 7.04,
            "equity": 768461,
            "current_ratio": 322.39,
            "debt_ratio": 20.63,
            "inventory_turnover_ratio": 0.62,
            "account_receivable_turnover_ratio": null,
            "reinvestment_rate": null,
            "research_to_sale_ratio": null,
            "price_fair": 0,
            "eps_avg_yearly": 0,
            "eps_latest_yearly": 0,
            "eps_growth_yearly": 0
        },
        "20063": {
            "year_quarter": 20063,
            "year": 2006,
            "quarter": 3,
            "eps": -0.31,
            "eps_growth_year": null,
            "eps_4q": -1.08,
            "eps_4q_growth_year": null,
            "roe": -4.42,
            "roe_4q": -15.41,
            "gross_profit": 29949,
            "gross_margin": 23.07,
            "gross_margin_4q_avg": 14.74,
            "net_income": -34196,
            "revenue": 129843,
            "common_shares": 1160743,
            "book_valuer_per_share": 6.7,
            "book_valuer_per_share_4q_avg": 6.85,
            "equity": 777524,
            "current_ratio": 319.12,
            "debt_ratio": 19.63,
            "inventory_turnover_ratio": 0.5,
            "account_receivable_turnover_ratio": null,
            "reinvestment_rate": null,
            "research_to_sale_ratio": null,
            "price_fair": 0,
            "eps_avg_yearly": 0,
            "eps_latest_yearly": 0,
            "eps_growth_yearly": 0
        },
        "20064": {
            "year_quarter": 20064,
            "year": 2006,
            "quarter": 4,
            "eps": -0.96,
            "eps_growth_year": null,
            "eps_4q": -1.9,
            "eps_4q_growth_year": null,
            "roe": -14.85,
            "roe_4q": -28.02,
            "gross_profit": 12110,
            "gross_margin": 7.9,
            "gross_margin_4q_avg": 12.36,
            "net_income": -106925,
            "revenue": 153259,
            "common_shares": 1160743,
            "book_valuer_per_share": 5.45,
            "book_valuer_per_share_4q_avg": 6.41,
            "equity": 662482,
            "current_ratio": 471.09,
            "debt_ratio": 18.92,
            "inventory_turnover_ratio": 0.56,
            "account_receivable_turnover_ratio": null,
            "reinvestment_rate": null,
            "research_to_sale_ratio": null,
            "price_fair": 0,
            "eps_avg_yearly": 0,
            "eps_latest_yearly": 0,
            "eps_growth_yearly": 0
        },
        "20071": {
            "year_quarter": 20071,
            "year": 2007,
            "quarter": 1,
            "eps": -0.6,
            "eps_growth_year": null,
            "eps_4q": -2.04,
            "eps_4q_growth_year": null,
            "roe": -10.56,
            "roe_4q": -32.65,
            "gross_profit": 15864,
            "gross_margin": 14.27,
            "gross_margin_4q_avg": 12.91,
            "net_income": -68139,
            "revenue": 111148,
            "common_shares": 1160743,
            "book_valuer_per_share": 5.41,
            "book_valuer_per_share_4q_avg": 6.05,
            "equity": 627947,
            "current_ratio": 327.64,
            "debt_ratio": 22.42,
            "inventory_turnover_ratio": 0.37,
            "account_receivable_turnover_ratio": null,
            "reinvestment_rate": null,
            "research_to_sale_ratio": null,
            "price_fair": 0,
            "eps_avg_yearly": 0,
            "eps_latest_yearly": 0,
            "eps_growth_yearly": 0
        },
        "20072": {
            "year_quarter": 20072,
            "year": 2007,
            "quarter": 2,
            "eps": -0.3,
            "eps_growth_year": null,
            "eps_4q": -2.1,
            "eps_4q_growth_year": null,
            "roe": -5.59,
            "roe_4q": -35.42,
            "gross_profit": 14001,
            "gross_margin": 11.82,
            "gross_margin_4q_avg": 14.27,
            "net_income": -34228,
            "revenue": 118493,
            "common_shares": 1160743,
            "book_valuer_per_share": 5.14,
            "book_valuer_per_share_4q_avg": 5.68,
            "equity": 596226,
            "current_ratio": 350.17,
            "debt_ratio": 21.01,
            "inventory_turnover_ratio": 0.62,
            "account_receivable_turnover_ratio": null,
            "reinvestment_rate": null,
            "research_to_sale_ratio": null,
            "price_fair": 0,
            "eps_avg_yearly": 0,
            "eps_latest_yearly": 0,
            "eps_growth_yearly": 0
        },
        "20073": {
            "year_quarter": 20073,
            "year": 2007,
            "quarter": 3,
            "eps": -0.61,
            "eps_growth_year": null,
            "eps_4q": -3.56,
            "eps_4q_growth_year": null,
            "roe": -7.13,
            "roe_4q": -38.13,
            "gross_profit": 10652,
            "gross_margin": 11.75,
            "gross_margin_4q_avg": 11.44,
            "net_income": -41316,
            "revenue": 90655,
            "common_shares": 703435,
            "book_valuer_per_share": 7.99,
            "book_valuer_per_share_4q_avg": 6,
            "equity": 562163,
            "current_ratio": 371.88,
            "debt_ratio": 19.34,
            "inventory_turnover_ratio": 0.61,
            "account_receivable_turnover_ratio": null,
            "reinvestment_rate": null,
            "research_to_sale_ratio": null,
            "price_fair": 0,
            "eps_avg_yearly": 0,
            "eps_latest_yearly": 0,
            "eps_growth_yearly": 0
        },
        "20074": {
            "year_quarter": 20074,
            "year": 2007,
            "quarter": 4,
            "eps": -1.06,
            "eps_growth_year": null,
            "eps_4q": -2.88,
            "eps_4q_growth_year": null,
            "roe": -12.12,
            "roe_4q": -35.4,
            "gross_profit": 9393,
            "gross_margin": 12.75,
            "gross_margin_4q_avg": 12.65,
            "net_income": -78445,
            "revenue": 73642,
            "common_shares": 1101435,
            "book_valuer_per_share": 6.44,
            "book_valuer_per_share_4q_avg": 6.25,
            "equity": 732206,
            "current_ratio": 840.97,
            "debt_ratio": 11.64,
            "inventory_turnover_ratio": 0.41,
            "account_receivable_turnover_ratio": null,
            "reinvestment_rate": null,
            "research_to_sale_ratio": null,
            "price_fair": 0,
            "eps_avg_yearly": 0,
            "eps_latest_yearly": 0,
            "eps_growth_yearly": 0
        },
        "20081": {
            "year_quarter": 20081,
            "year": 2008,
            "quarter": 1,
            "eps": -0.21,
            "eps_growth_year": null,
            "eps_4q": -1.55,
            "eps_4q_growth_year": null,
            "roe": -3.34,
            "roe_4q": -28.18,
            "gross_profit": 21123,
            "gross_margin": 21.54,
            "gross_margin_4q_avg": 14.47,
            "net_income": -23956,
            "revenue": 98042,
            "common_shares": 1101435,
            "book_valuer_per_share": 6.16,
            "book_valuer_per_share_4q_avg": 6.43,
            "equity": 700200,
            "current_ratio": 850.02,
            "debt_ratio": 11.6,
            "inventory_turnover_ratio": 0.4,
            "account_receivable_turnover_ratio": null,
            "reinvestment_rate": null,
            "research_to_sale_ratio": null,
            "price_fair": 0,
            "eps_avg_yearly": 0,
            "eps_latest_yearly": 0,
            "eps_growth_yearly": 0
        },
        "20082": {
            "year_quarter": 20082,
            "year": 2008,
            "quarter": 2,
            "eps": -0.81,
            "eps_growth_year": null,
            "eps_4q": -2.11,
            "eps_4q_growth_year": null,
            "roe": -14.26,
            "roe_4q": -36.85,
            "gross_profit": -46806,
            "gross_margin": -51.26,
            "gross_margin_4q_avg": -1.31,
            "net_income": -91429,
            "revenue": 91308,
            "common_shares": 1101435,
            "book_valuer_per_share": 5.1,
            "book_valuer_per_share_4q_avg": 6.42,
            "equity": 581794,
            "current_ratio": 784.28,
            "debt_ratio": 13.16,
            "inventory_turnover_ratio": 0.89,
            "account_receivable_turnover_ratio": null,
            "reinvestment_rate": null,
            "research_to_sale_ratio": null,
            "price_fair": 0,
            "eps_avg_yearly": 0,
            "eps_latest_yearly": 0,
            "eps_growth_yearly": 0
        },
        "20083": {
            "year_quarter": 20083,
            "year": 2008,
            "quarter": 3,
            "eps": -0.6,
            "eps_growth_year": null,
            "eps_4q": -3.42,
            "eps_4q_growth_year": null,
            "roe": -7.39,
            "roe_4q": -37.11,
            "gross_profit": -368,
            "gross_margin": -0.56,
            "gross_margin_4q_avg": -4.38,
            "net_income": -41246,
            "revenue": 65922,
            "common_shares": 678317,
            "book_valuer_per_share": 7.57,
            "book_valuer_per_share_4q_avg": 6.32,
            "equity": 533863,
            "current_ratio": 1169.31,
            "debt_ratio": 10.24,
            "inventory_turnover_ratio": 0.61,
            "account_receivable_turnover_ratio": null,
            "reinvestment_rate": null,
            "research_to_sale_ratio": null,
            "price_fair": 0,
            "eps_avg_yearly": 0,
            "eps_latest_yearly": 0,
            "eps_growth_yearly": 0
        },
        "20084": {
            "year_quarter": 20084,
            "year": 2008,
            "quarter": 4,
            "eps": -0.8,
            "eps_growth_year": null,
            "eps_4q": -2.88,
            "eps_4q_growth_year": null,
            "roe": -12.76,
            "roe_4q": -37.75,
            "gross_profit": -23319,
            "gross_margin": -30.12,
            "gross_margin_4q_avg": -15.1,
            "net_income": -63848,
            "revenue": 77431,
            "common_shares": 678317,
            "book_valuer_per_share": 6.72,
            "book_valuer_per_share_4q_avg": 6.39,
            "equity": 466609,
            "current_ratio": 946.5,
            "debt_ratio": 8.95,
            "inventory_turnover_ratio": 1.29,
            "account_receivable_turnover_ratio": 4.02,
            "reinvestment_rate": null,
            "research_to_sale_ratio": null,
            "price_fair": 0,
            "eps_avg_yearly": 0,
            "eps_latest_yearly": 0,
            "eps_growth_yearly": 0
        },
        "20091": {
            "year_quarter": 20091,
            "year": 2009,
            "quarter": 1,
            "eps": -0.24,
            "eps_growth_year": null,
            "eps_4q": -2.95,
            "eps_4q_growth_year": null,
            "roe": -3.67,
            "roe_4q": -38.08,
            "gross_profit": 8788,
            "gross_margin": 15.27,
            "gross_margin_4q_avg": -16.67,
            "net_income": -16918,
            "revenue": 57554,
            "common_shares": 678317,
            "book_valuer_per_share": 6.55,
            "book_valuer_per_share_4q_avg": 6.49,
            "equity": 454188,
            "current_ratio": 1198.09,
            "debt_ratio": 7.45,
            "inventory_turnover_ratio": 0.88,
            "account_receivable_turnover_ratio": 1.43,
            "reinvestment_rate": null,
            "research_to_sale_ratio": null,
            "price_fair": 0,
            "eps_avg_yearly": 0,
            "eps_latest_yearly": 0,
            "eps_growth_yearly": 0
        },
        "20092": {
            "year_quarter": 20092,
            "year": 2009,
            "quarter": 2,
            "eps": -0.41,
            "eps_growth_year": null,
            "eps_4q": -2.04,
            "eps_4q_growth_year": null,
            "roe": -6.48,
            "roe_4q": -30.3,
            "gross_profit": 4286,
            "gross_margin": 10.37,
            "gross_margin_4q_avg": -1.26,
            "net_income": -28721,
            "revenue": 41340,
            "common_shares": 678317,
            "book_valuer_per_share": 6.24,
            "book_valuer_per_share_4q_avg": 6.77,
            "equity": 432182,
            "current_ratio": 1442.99,
            "debt_ratio": 6.05,
            "inventory_turnover_ratio": 0.94,
            "account_receivable_turnover_ratio": 1.08,
            "reinvestment_rate": null,
            "research_to_sale_ratio": null,
            "price_fair": 0,
            "eps_avg_yearly": 0,
            "eps_latest_yearly": 0,
            "eps_growth_yearly": 0
        },
        "20093": {
            "year_quarter": 20093,
            "year": 2009,
            "quarter": 3,
            "eps": -0.19,
            "eps_growth_year": null,
            "eps_4q": -1.38,
            "eps_4q_growth_year": null,
            "roe": -3.2,
            "roe_4q": -26.11,
            "gross_profit": 8397,
            "gross_margin": 28.76,
            "gross_margin_4q_avg": 6.07,
            "net_income": -14473,
            "revenue": 29193,
            "common_shares": 803317,
            "book_valuer_per_share": 5.77,
            "book_valuer_per_share_4q_avg": 6.32,
            "equity": 470973,
            "current_ratio": 2019.37,
            "debt_ratio": 4.38,
            "inventory_turnover_ratio": 0.74,
            "account_receivable_turnover_ratio": 1.07,
            "reinvestment_rate": null,
            "research_to_sale_ratio": null,
            "price_fair": 0,
            "eps_avg_yearly": 0,
            "eps_latest_yearly": 0,
            "eps_growth_yearly": 0
        },
        "20094": {
            "year_quarter": 20094,
            "year": 2009,
            "quarter": 4,
            "eps": 0.16,
            "eps_growth_year": null,
            "eps_4q": -0.57,
            "eps_4q_growth_year": null,
            "roe": 2.31,
            "roe_4q": -11.040000000000001,
            "gross_profit": 9737,
            "gross_margin": 19.78,
            "gross_margin_4q_avg": 18.55,
            "net_income": 11081,
            "revenue": 49223,
            "common_shares": 803317,
            "book_valuer_per_share": 5.97,
            "book_valuer_per_share_4q_avg": 6.13,
            "equity": 486541,
            "current_ratio": 1400.75,
            "debt_ratio": 6.13,
            "inventory_turnover_ratio": 1.63,
            "account_receivable_turnover_ratio": 3.51,
            "reinvestment_rate": null,
            "research_to_sale_ratio": null,
            "price_fair": 0,
            "eps_avg_yearly": 0,
            "eps_latest_yearly": 0,
            "eps_growth_yearly": 0
        },
        "20101": {
            "year_quarter": 20101,
            "year": 2010,
            "quarter": 1,
            "eps": -0.17,
            "eps_growth_year": null,
            "eps_4q": -0.53,
            "eps_4q_growth_year": null,
            "roe": -2.78,
            "roe_4q": -10.15,
            "gross_profit": 7483,
            "gross_margin": 24.85,
            "gross_margin_4q_avg": 20.94,
            "net_income": -13316,
            "revenue": 30116,
            "common_shares": 803317,
            "book_valuer_per_share": 5.81,
            "book_valuer_per_share_4q_avg": 5.95,
            "equity": 470236,
            "current_ratio": 2059.16,
            "debt_ratio": 4.45,
            "inventory_turnover_ratio": 0.96,
            "account_receivable_turnover_ratio": 1.12,
            "reinvestment_rate": null,
            "research_to_sale_ratio": 3.91,
            "price_fair": 0,
            "eps_avg_yearly": 0,
            "eps_latest_yearly": 0,
            "eps_growth_yearly": 0
        },
        "20102": {
            "year_quarter": 20102,
            "year": 2010,
            "quarter": 2,
            "eps": 0.07,
            "eps_growth_year": null,
            "eps_4q": -0.12,
            "eps_4q_growth_year": null,
            "roe": 1.14,
            "roe_4q": -2.5300000000000002,
            "gross_profit": 5491,
            "gross_margin": 18.54,
            "gross_margin_4q_avg": 22.98,
            "net_income": 5367,
            "revenue": 29614,
            "common_shares": 803317,
            "book_valuer_per_share": 5.86,
            "book_valuer_per_share_4q_avg": 5.85,
            "equity": 474513,
            "current_ratio": 1745.14,
            "debt_ratio": 5.26,
            "inventory_turnover_ratio": 0.92,
            "account_receivable_turnover_ratio": 0.89,
            "reinvestment_rate": null,
            "research_to_sale_ratio": 5.13,
            "price_fair": 0,
            "eps_avg_yearly": 0,
            "eps_latest_yearly": 0,
            "eps_growth_yearly": 0
        },
        "20103": {
            "year_quarter": 20103,
            "year": 2010,
            "quarter": 3,
            "eps": -0.15,
            "eps_growth_year": null,
            "eps_4q": -0.11,
            "eps_4q_growth_year": null,
            "roe": -2.51,
            "roe_4q": -1.8399999999999994,
            "gross_profit": 6885,
            "gross_margin": 25.3,
            "gross_margin_4q_avg": 22.12,
            "net_income": -11803,
            "revenue": 27211,
            "common_shares": 803317,
            "book_valuer_per_share": 5.74,
            "book_valuer_per_share_4q_avg": 5.85,
            "equity": 464470,
            "current_ratio": 2945.83,
            "debt_ratio": 3.04,
            "inventory_turnover_ratio": 0.72,
            "account_receivable_turnover_ratio": 1.01,
            "reinvestment_rate": null,
            "research_to_sale_ratio": 4,
            "price_fair": 0,
            "eps_avg_yearly": 0,
            "eps_latest_yearly": 0,
            "eps_growth_yearly": 0
        },
        "20104": {
            "year_quarter": 20104,
            "year": 2010,
            "quarter": 4,
            "eps": -0.23,
            "eps_growth_year": -245.76,
            "eps_4q": -0.48,
            "eps_4q_growth_year": null,
            "roe": -3.95,
            "roe_4q": -8.1,
            "gross_profit": 3325,
            "gross_margin": 14.17,
            "gross_margin_4q_avg": 20.72,
            "net_income": -17766,
            "revenue": 23458,
            "common_shares": 803317,
            "book_valuer_per_share": 5.39,
            "book_valuer_per_share_4q_avg": 5.7,
            "equity": 434547,
            "current_ratio": 3663.8,
            "debt_ratio": 2.45,
            "inventory_turnover_ratio": 0.74,
            "account_receivable_turnover_ratio": 2.17,
            "reinvestment_rate": null,
            "research_to_sale_ratio": 4.53,
            "price_fair": 0,
            "eps_avg_yearly": 0,
            "eps_latest_yearly": 0,
            "eps_growth_yearly": 0
        },
        "20111": {
            "year_quarter": 20111,
            "year": 2011,
            "quarter": 1,
            "eps": 0.31,
            "eps_growth_year": null,
            "eps_4q": -0,
            "eps_4q_growth_year": null,
            "roe": 5.58,
            "roe_4q": 0.26,
            "gross_profit": 4188,
            "gross_margin": 25.32,
            "gross_margin_4q_avg": 20.83,
            "net_income": 24802,
            "revenue": 16539,
            "common_shares": 803317,
            "book_valuer_per_share": 5.65,
            "book_valuer_per_share_4q_avg": 5.66,
            "equity": 453993,
            "current_ratio": 3016.11,
            "debt_ratio": 3.05,
            "inventory_turnover_ratio": 0.49,
            "account_receivable_turnover_ratio": 1.06,
            "reinvestment_rate": null,
            "research_to_sale_ratio": 3.77,
            "price_fair": 0,
            "eps_avg_yearly": 0,
            "eps_latest_yearly": 0,
            "eps_growth_yearly": 0
        },
        "20112": {
            "year_quarter": 20112,
            "year": 2011,
            "quarter": 2,
            "eps": -0.22,
            "eps_growth_year": -429.18,
            "eps_4q": -0.29,
            "eps_4q_growth_year": null,
            "roe": -3.9,
            "roe_4q": -4.779999999999999,
            "gross_profit": 7143,
            "gross_margin": 18.76,
            "gross_margin_4q_avg": 20.89,
            "net_income": -17556,
            "revenue": 38067,
            "common_shares": 803317,
            "book_valuer_per_share": 5.59,
            "book_valuer_per_share_4q_avg": 5.59,
            "equity": 446458,
            "current_ratio": 823.27,
            "debt_ratio": 11.39,
            "inventory_turnover_ratio": 1.87,
            "account_receivable_turnover_ratio": 1.42,
            "reinvestment_rate": null,
            "research_to_sale_ratio": 1.16,
            "price_fair": 0,
            "eps_avg_yearly": 0,
            "eps_latest_yearly": 0,
            "eps_growth_yearly": 0
        },
        "20113": {
            "year_quarter": 20113,
            "year": 2011,
            "quarter": 3,
            "eps": -0.03,
            "eps_growth_year": null,
            "eps_4q": -0.11,
            "eps_4q_growth_year": null,
            "roe": -0.64,
            "roe_4q": -2.91,
            "gross_profit": -251,
            "gross_margin": -3.21,
            "gross_margin_4q_avg": 13.76,
            "net_income": -4201,
            "revenue": 7830,
            "common_shares": 1403317,
            "book_valuer_per_share": 6.17,
            "book_valuer_per_share_4q_avg": 5.7,
            "equity": 865444,
            "current_ratio": 7606.8,
            "debt_ratio": 1.27,
            "inventory_turnover_ratio": 1.02,
            "account_receivable_turnover_ratio": 0.24,
            "reinvestment_rate": null,
            "research_to_sale_ratio": 4.24,
            "price_fair": 0,
            "eps_avg_yearly": 0,
            "eps_latest_yearly": 0,
            "eps_growth_yearly": 0
        },
        "20114": {
            "year_quarter": 20114,
            "year": 2011,
            "quarter": 4,
            "eps": -0.01,
            "eps_growth_year": null,
            "eps_4q": 0.02,
            "eps_4q_growth_year": null,
            "roe": -0.17,
            "roe_4q": 0.8700000000000001,
            "gross_profit": 24796,
            "gross_margin": 19.93,
            "gross_margin_4q_avg": 15.2,
            "net_income": -1437,
            "revenue": 124414,
            "common_shares": 1030343,
            "book_valuer_per_share": 8.37,
            "book_valuer_per_share_4q_avg": 6.45,
            "equity": 862309,
            "current_ratio": 1209.78,
            "debt_ratio": 8.13,
            "inventory_turnover_ratio": 14.11,
            "account_receivable_turnover_ratio": 2.68,
            "reinvestment_rate": null,
            "research_to_sale_ratio": -0.03,
            "price_fair": 0,
            "eps_avg_yearly": 0,
            "eps_latest_yearly": 0,
            "eps_growth_yearly": 0
        },
        "20121": {
            "year_quarter": 20121,
            "year": 2012,
            "quarter": 1,
            "eps": 0.12,
            "eps_growth_year": -61.29,
            "eps_4q": -0.11,
            "eps_4q_growth_year": null,
            "roe": 1.4,
            "roe_4q": -3.31,
            "gross_profit": 19820,
            "gross_margin": 18.29,
            "gross_margin_4q_avg": 13.44,
            "net_income": 12199,
            "revenue": 108344,
            "common_shares": 1030343,
            "book_valuer_per_share": 8.5,
            "book_valuer_per_share_4q_avg": 7.16,
            "equity": 875893,
            "current_ratio": 874.61,
            "debt_ratio": 11.24,
            "inventory_turnover_ratio": 10.21,
            "account_receivable_turnover_ratio": 1.57,
            "reinvestment_rate": null,
            "research_to_sale_ratio": 0,
            "price_fair": 0,
            "eps_avg_yearly": 0,
            "eps_latest_yearly": 0,
            "eps_growth_yearly": 0
        },
        "20122": {
            "year_quarter": 20122,
            "year": 2012,
            "quarter": 2,
            "eps": 0.2,
            "eps_growth_year": null,
            "eps_4q": 0.26,
            "eps_4q_growth_year": null,
            "roe": 2.34,
            "roe_4q": 2.9299999999999997,
            "gross_profit": 32036,
            "gross_margin": 20.96,
            "gross_margin_4q_avg": 13.99,
            "net_income": 20722,
            "revenue": 152823,
            "common_shares": 1030343,
            "book_valuer_per_share": 8.68,
            "book_valuer_per_share_4q_avg": 7.93,
            "equity": 894616,
            "current_ratio": 839.83,
            "debt_ratio": 11.62,
            "inventory_turnover_ratio": 16.3,
            "account_receivable_turnover_ratio": 1.77,
            "reinvestment_rate": null,
            "research_to_sale_ratio": -0,
            "price_fair": 28,
            "eps_avg_yearly": 0.8,
            "eps_latest_yearly": 0.8,
            "eps_growth_yearly": 266.67
        },
        "20123": {
            "year_quarter": 20123,
            "year": 2012,
            "quarter": 3,
            "eps": 1.12,
            "eps_growth_year": null,
            "eps_4q": 1.42,
            "eps_4q_growth_year": null,
            "roe": 12.1,
            "roe_4q": 15.67,
            "gross_profit": 151883,
            "gross_margin": 29.17,
            "gross_margin_4q_avg": 22.09,
            "net_income": 115042,
            "revenue": 520689,
            "common_shares": 1030343,
            "book_valuer_per_share": 9.77,
            "book_valuer_per_share_4q_avg": 8.83,
            "equity": 1006258,
            "current_ratio": 133.09,
            "debt_ratio": 52.57,
            "inventory_turnover_ratio": 2.79,
            "account_receivable_turnover_ratio": 2.2,
            "reinvestment_rate": 98899.5,
            "research_to_sale_ratio": 0.95,
            "price_fair": 92.4,
            "eps_avg_yearly": 2.64,
            "eps_latest_yearly": 4.48,
            "eps_growth_yearly": 1053.33
        },
        "20124": {
            "year_quarter": 20124,
            "year": 2012,
            "quarter": 4,
            "eps": 1.06,
            "eps_growth_year": null,
            "eps_4q": 2.49,
            "eps_4q_growth_year": 15907.63,
            "roe": 10.25,
            "roe_4q": 26.09,
            "gross_profit": 180620,
            "gross_margin": 31.63,
            "gross_margin_4q_avg": 25.01,
            "net_income": 108954,
            "revenue": 571118,
            "common_shares": 1030343,
            "book_valuer_per_share": 10.87,
            "book_valuer_per_share_4q_avg": 9.46,
            "equity": 1120056,
            "current_ratio": 166.65,
            "debt_ratio": 42.87,
            "inventory_turnover_ratio": 1.55,
            "account_receivable_turnover_ratio": 1.53,
            "reinvestment_rate": 972.85,
            "research_to_sale_ratio": 1.88,
            "price_fair": 111.07,
            "eps_avg_yearly": 3.17,
            "eps_latest_yearly": 4.24,
            "eps_growth_yearly": 695.08
        },
        "20131": {
            "year_quarter": 20131,
            "year": 2013,
            "quarter": 1,
            "eps": 0.9,
            "eps_growth_year": 650,
            "eps_4q": 3.27,
            "eps_4q_growth_year": null,
            "roe": 7.87,
            "roe_4q": 32.56,
            "gross_profit": 153104,
            "gross_margin": 31.81,
            "gross_margin_4q_avg": 28.39,
            "net_income": 92250,
            "revenue": 481324,
            "common_shares": 1030343,
            "book_valuer_per_share": 11.89,
            "book_valuer_per_share_4q_avg": 10.3,
            "equity": 1224892,
            "current_ratio": 192.3,
            "debt_ratio": 37.38,
            "inventory_turnover_ratio": 1.27,
            "account_receivable_turnover_ratio": 1.33,
            "reinvestment_rate": 172.46,
            "research_to_sale_ratio": 0.59,
            "price_fair": 114.8,
            "eps_avg_yearly": 3.28,
            "eps_latest_yearly": 3.6,
            "eps_growth_yearly": 506.22
        },
        "20132": {
            "year_quarter": 20132,
            "year": 2013,
            "quarter": 2,
            "eps": 0.99,
            "eps_growth_year": 392.25,
            "eps_4q": 3.96,
            "eps_4q_growth_year": 1396.63,
            "roe": 8.1,
            "roe_4q": 38.32,
            "gross_profit": 158547,
            "gross_margin": 33.14,
            "gross_margin_4q_avg": 31.44,
            "net_income": 102288,
            "revenue": 478379,
            "common_shares": 1030343,
            "book_valuer_per_share": 12.62,
            "book_valuer_per_share_4q_avg": 11.29,
            "equity": 1299911,
            "current_ratio": 232.21,
            "debt_ratio": 33.09,
            "inventory_turnover_ratio": 1.18,
            "account_receivable_turnover_ratio": 1.37,
            "reinvestment_rate": 116.68,
            "research_to_sale_ratio": 0.77,
            "price_fair": 119.56,
            "eps_avg_yearly": 3.42,
            "eps_latest_yearly": 3.96,
            "eps_growth_yearly": 412.97
        },
        "20133": {
            "year_quarter": 20133,
            "year": 2013,
            "quarter": 3,
            "eps": 1.15,
            "eps_growth_year": 3,
            "eps_4q": 4.02,
            "eps_4q_growth_year": 182.76,
            "roe": 8.92,
            "roe_4q": 35.14,
            "gross_profit": 182008,
            "gross_margin": 35.53,
            "gross_margin_4q_avg": 33.03,
            "net_income": 121178,
            "revenue": 512304,
            "common_shares": 1056102,
            "book_valuer_per_share": 13.42,
            "book_valuer_per_share_4q_avg": 12.2,
            "equity": 1416869,
            "current_ratio": 253.24,
            "debt_ratio": 31.8,
            "inventory_turnover_ratio": 1.23,
            "account_receivable_turnover_ratio": 1.5,
            "reinvestment_rate": 86.4,
            "research_to_sale_ratio": 0.94,
            "price_fair": 126.47,
            "eps_avg_yearly": 3.61,
            "eps_latest_yearly": 4.6,
            "eps_growth_yearly": 354.92
        },
        "20134": {
            "year_quarter": 20134,
            "year": 2013,
            "quarter": 4,
            "eps": 0.8,
            "eps_growth_year": -24.6,
            "eps_4q": 3.79,
            "eps_4q_growth_year": 51.87,
            "roe": 4.42,
            "roe_4q": 29.31,
            "gross_profit": 151415,
            "gross_margin": 24.42,
            "gross_margin_4q_avg": 31.23,
            "net_income": 64476,
            "revenue": 619940,
            "common_shares": 1056102,
            "book_valuer_per_share": 14.19,
            "book_valuer_per_share_4q_avg": 13.03,
            "equity": 1499259,
            "current_ratio": 172.35,
            "debt_ratio": 42.15,
            "inventory_turnover_ratio": 1.2,
            "account_receivable_turnover_ratio": 2.01,
            "reinvestment_rate": 70.72,
            "research_to_sale_ratio": 0.76,
            "price_fair": 124.4,
            "eps_avg_yearly": 3.55,
            "eps_latest_yearly": 3.2,
            "eps_growth_yearly": 286.82
        },
        "20141": {
            "year_quarter": 20141,
            "year": 2014,
            "quarter": 1,
            "eps": 1.04,
            "eps_growth_year": 15.56,
            "eps_4q": 3.95,
            "eps_4q_growth_year": 20.86,
            "roe": 7.03,
            "roe_4q": 28.47,
            "gross_profit": 220349,
            "gross_margin": 34.88,
            "gross_margin_4q_avg": 31.99,
            "net_income": 109794,
            "revenue": 631737,
            "common_shares": 1056102,
            "book_valuer_per_share": 15.4,
            "book_valuer_per_share_4q_avg": 13.91,
            "equity": 1626492,
            "current_ratio": 253.09,
            "debt_ratio": 30.94,
            "inventory_turnover_ratio": 0.84,
            "account_receivable_turnover_ratio": 2.2,
            "reinvestment_rate": 60.53,
            "research_to_sale_ratio": 0.53,
            "price_fair": 127.05,
            "eps_avg_yearly": 3.63,
            "eps_latest_yearly": 4.16,
            "eps_growth_yearly": 265.97
        },
        "20142": {
            "year_quarter": 20142,
            "year": 2014,
            "quarter": 2,
            "eps": 1.1,
            "eps_growth_year": 11.11,
            "eps_4q": 4.09,
            "eps_4q_growth_year": 3.12,
            "roe": 7.25,
            "roe_4q": 27.620000000000005,
            "gross_profit": 235268,
            "gross_margin": 39.15,
            "gross_margin_4q_avg": 33.5,
            "net_income": 116419,
            "revenue": 600876,
            "common_shares": 1056102,
            "book_valuer_per_share": 15.01,
            "book_valuer_per_share_4q_avg": 14.51,
            "equity": 1585540,
            "current_ratio": 190.17,
            "debt_ratio": 43.9,
            "inventory_turnover_ratio": 0.79,
            "account_receivable_turnover_ratio": 2.09,
            "reinvestment_rate": 55.04,
            "research_to_sale_ratio": 0.53,
            "price_fair": 130.04,
            "eps_avg_yearly": 3.72,
            "eps_latest_yearly": 4.4,
            "eps_growth_yearly": 238.98
        },
        "20143": {
            "year_quarter": 20143,
            "year": 2014,
            "quarter": 3,
            "eps": 1.25,
            "eps_growth_year": 8.7,
            "eps_4q": 4.09,
            "eps_4q_growth_year": 1.64,
            "roe": 7.34,
            "roe_4q": 26.04,
            "gross_profit": 273078,
            "gross_margin": 35.67,
            "gross_margin_4q_avg": 33.53,
            "net_income": 135950,
            "revenue": 765653,
            "common_shares": 1092102,
            "book_valuer_per_share": 19.42,
            "book_valuer_per_share_4q_avg": 16.01,
            "equity": 2120847,
            "current_ratio": 204.39,
            "debt_ratio": 41.59,
            "inventory_turnover_ratio": 1,
            "account_receivable_turnover_ratio": 2.12,
            "reinvestment_rate": 76.47,
            "research_to_sale_ratio": 0.4,
            "price_fair": 134.54,
            "eps_avg_yearly": 3.84,
            "eps_latest_yearly": 5,
            "eps_growth_yearly": 220.54
        },
        "20144": {
            "year_quarter": 20144,
            "year": 2014,
            "quarter": 4,
            "eps": 0.91,
            "eps_growth_year": 14.71,
            "eps_4q": 4.23,
            "eps_4q_growth_year": 11.72,
            "roe": 4.56,
            "roe_4q": 26.18,
            "gross_profit": 219700,
            "gross_margin": 28.12,
            "gross_margin_4q_avg": 34.46,
            "net_income": 99886,
            "revenue": 781300,
            "common_shares": 1092102,
            "book_valuer_per_share": 20.74,
            "book_valuer_per_share_4q_avg": 17.64,
            "equity": 2264687,
            "current_ratio": 369.13,
            "debt_ratio": 35.45,
            "inventory_turnover_ratio": 1.06,
            "account_receivable_turnover_ratio": 1.76,
            "reinvestment_rate": 68.95,
            "research_to_sale_ratio": 0.32,
            "price_fair": 133.89,
            "eps_avg_yearly": 3.83,
            "eps_latest_yearly": 3.64,
            "eps_growth_yearly": 190.6
        },
        "20151": {
            "year_quarter": 20151,
            "year": 2015,
            "quarter": 1,
            "eps": 1.58,
            "eps_growth_year": 51.92,
            "eps_4q": 4.81,
            "eps_4q_growth_year": 21.65,
            "roe": 7.42,
            "roe_4q": 26.57,
            "gross_profit": 328356,
            "gross_margin": 40.14,
            "gross_margin_4q_avg": 35.77,
            "net_income": 172863,
            "revenue": 817956,
            "common_shares": 1092102,
            "book_valuer_per_share": 21.92,
            "book_valuer_per_share_4q_avg": 19.27,
            "equity": 2394004,
            "current_ratio": 411.79,
            "debt_ratio": 33.92,
            "inventory_turnover_ratio": 0.98,
            "account_receivable_turnover_ratio": 1.82,
            "reinvestment_rate": 59.43,
            "research_to_sale_ratio": 0.39,
            "price_fair": 141.17,
            "eps_avg_yearly": 4.03,
            "eps_latest_yearly": 6.32,
            "eps_growth_yearly": 199.26
        },
        "20152": {
            "year_quarter": 20152,
            "year": 2015,
            "quarter": 2,
            "eps": 1.2,
            "eps_growth_year": 9.09,
            "eps_4q": 4.94,
            "eps_4q_growth_year": 20.92,
            "roe": 5.53,
            "roe_4q": 24.849999999999998,
            "gross_profit": 288870,
            "gross_margin": 38.38,
            "gross_margin_4q_avg": 35.58,
            "net_income": 130951,
            "revenue": 752643,
            "common_shares": 1092102,
            "book_valuer_per_share": 21.46,
            "book_valuer_per_share_4q_avg": 20.89,
            "equity": 2344247,
            "current_ratio": 176.69,
            "debt_ratio": 54.13,
            "inventory_turnover_ratio": 1.02,
            "account_receivable_turnover_ratio": 1.65,
            "reinvestment_rate": 52.46,
            "research_to_sale_ratio": 0.47,
            "price_fair": 143.23,
            "eps_avg_yearly": 4.09,
            "eps_latest_yearly": 4.8,
            "eps_growth_yearly": 176.53
        },
        "20153": {
            "year_quarter": 20153,
            "year": 2015,
            "quarter": 3,
            "eps": 2,
            "eps_growth_year": 60,
            "eps_4q": 5.23,
            "eps_4q_growth_year": 28.01,
            "roe": 7.13,
            "roe_4q": 24.639999999999997,
            "gross_profit": 334927,
            "gross_margin": 37.81,
            "gross_margin_4q_avg": 36.11,
            "net_income": 224096,
            "revenue": 885772,
            "common_shares": 1200000,
            "book_valuer_per_share": 32.84,
            "book_valuer_per_share_4q_avg": 24.24,
            "equity": 3941413,
            "current_ratio": 133.12,
            "debt_ratio": 57.75,
            "inventory_turnover_ratio": 1.03,
            "account_receivable_turnover_ratio": 1.7,
            "reinvestment_rate": 153.95,
            "research_to_sale_ratio": 0.27,
            "price_fair": 153,
            "eps_avg_yearly": 4.37,
            "eps_latest_yearly": 8,
            "eps_growth_yearly": 182.97
        },
        "20154": {
            "year_quarter": 20154,
            "year": 2015,
            "quarter": 4,
            "eps": 1.43,
            "eps_growth_year": 56.71,
            "eps_4q": 5.83,
            "eps_4q_growth_year": 37.87,
            "roe": 4.33,
            "roe_4q": 24.410000000000004,
            "gross_profit": 345689,
            "gross_margin": 37.65,
            "gross_margin_4q_avg": 38.5,
            "net_income": 172006,
            "revenue": 918078,
            "common_shares": 1200000,
            "book_valuer_per_share": 33.39,
            "book_valuer_per_share_4q_avg": 27.4,
            "equity": 4006677,
            "current_ratio": 197.62,
            "debt_ratio": 42.51,
            "inventory_turnover_ratio": 0.97,
            "account_receivable_turnover_ratio": 1.58,
            "reinvestment_rate": 135.24,
            "research_to_sale_ratio": 0.45,
            "price_fair": 156.15,
            "eps_avg_yearly": 4.46,
            "eps_latest_yearly": 5.72,
            "eps_growth_yearly": 163.17
        },
        "20161": {
            "year_quarter": 20161,
            "year": 2016,
            "quarter": 1,
            "eps": 1.58,
            "eps_growth_year": 0,
            "eps_4q": 5.97,
            "eps_4q_growth_year": 24.11,
            "roe": 4.63,
            "roe_4q": 21.62,
            "gross_profit": 402254,
            "gross_margin": 42.16,
            "gross_margin_4q_avg": 39,
            "net_income": 189081,
            "revenue": 954003,
            "common_shares": 1200000,
            "book_valuer_per_share": 34.74,
            "book_valuer_per_share_4q_avg": 30.61,
            "equity": 4168705,
            "current_ratio": 327.38,
            "debt_ratio": 42.58,
            "inventory_turnover_ratio": 1.05,
            "account_receivable_turnover_ratio": 1.62,
            "reinvestment_rate": 122.17,
            "research_to_sale_ratio": 0.52,
            "price_fair": 160.21,
            "eps_avg_yearly": 4.58,
            "eps_latest_yearly": 6.32,
            "eps_growth_yearly": 155.59
        },
        "20162": {
            "year_quarter": 20162,
            "year": 2016,
            "quarter": 2,
            "eps": 1.45,
            "eps_growth_year": 20.83,
            "eps_4q": 6.33,
            "eps_4q_growth_year": 28.04,
            "roe": 4.29,
            "roe_4q": 20.38,
            "gross_profit": 426217,
            "gross_margin": 45.54,
            "gross_margin_4q_avg": 40.79,
            "net_income": 174063,
            "revenue": 935976,
            "common_shares": 1200000,
            "book_valuer_per_share": 32.94,
            "book_valuer_per_share_4q_avg": 33.48,
            "equity": 3952472,
            "current_ratio": 142.68,
            "debt_ratio": 47.89,
            "inventory_turnover_ratio": 1,
            "account_receivable_turnover_ratio": 1.59,
            "reinvestment_rate": 110.44,
            "research_to_sale_ratio": 0.57,
            "price_fair": 171.15,
            "eps_avg_yearly": 4.89,
            "eps_latest_yearly": 5.8,
            "eps_growth_yearly": 136.87
        },
        "20163": {
            "year_quarter": 20163,
            "year": 2016,
            "quarter": 3,
            "eps": 1.95,
            "eps_growth_year": -2.5,
            "eps_4q": 6.41,
            "eps_4q_growth_year": 22.56,
            "roe": 5.87,
            "roe_4q": 19.119999999999997,
            "gross_profit": 474556,
            "gross_margin": 46.17,
            "gross_margin_4q_avg": 42.88,
            "net_income": 234384,
            "revenue": 1027871,
            "common_shares": 1200000,
            "book_valuer_per_share": 33.65,
            "book_valuer_per_share_4q_avg": 33.68,
            "equity": 4038739,
            "current_ratio": 100.71,
            "debt_ratio": 53.62,
            "inventory_turnover_ratio": 0.98,
            "account_receivable_turnover_ratio": 1.69,
            "reinvestment_rate": 60.26,
            "research_to_sale_ratio": 0.42,
            "price_fair": 178.41,
            "eps_avg_yearly": 5.1,
            "eps_latest_yearly": 7.8,
            "eps_growth_yearly": 30.49
        },
        "20164": {
            "year_quarter": 20164,
            "year": 2016,
            "quarter": 4,
            "eps": 2.16,
            "eps_growth_year": 50.63,
            "eps_4q": 7.14,
            "eps_4q_growth_year": 22.38,
            "roe": 6.27,
            "roe_4q": 21.06,
            "gross_profit": 489066,
            "gross_margin": 44.67,
            "gross_margin_4q_avg": 44.64,
            "net_income": 259093,
            "revenue": 1094939,
            "common_shares": 1200000,
            "book_valuer_per_share": 35.21,
            "book_valuer_per_share_4q_avg": 34.14,
            "equity": 4225236,
            "current_ratio": 111.9,
            "debt_ratio": 50.67,
            "inventory_turnover_ratio": 0.97,
            "account_receivable_turnover_ratio": 1.59,
            "reinvestment_rate": 52.97,
            "research_to_sale_ratio": 1.08,
            "price_fair": 188.04,
            "eps_avg_yearly": 5.37,
            "eps_latest_yearly": 8.64,
            "eps_growth_yearly": 34.52
        },
        "20171": {
            "year_quarter": 20171,
            "year": 2017,
            "quarter": 1,
            "eps": 2.06,
            "eps_growth_year": 30.38,
            "eps_4q": 7.63,
            "eps_4q_growth_year": 27.77,
            "roe": 5.86,
            "roe_4q": 22.29,
            "gross_profit": 513920,
            "gross_margin": 45.86,
            "gross_margin_4q_avg": 45.56,
            "net_income": 247552,
            "revenue": 1120590,
            "common_shares": 1200000,
            "book_valuer_per_share": 35.19,
            "book_valuer_per_share_4q_avg": 34.25,
            "equity": 4222576,
            "current_ratio": 132,
            "debt_ratio": 48.76,
            "inventory_turnover_ratio": 0.91,
            "account_receivable_turnover_ratio": 1.56,
            "reinvestment_rate": 91.17,
            "research_to_sale_ratio": 0.4,
            "price_fair": 198.19,
            "eps_avg_yearly": 5.66,
            "eps_latest_yearly": 8.24,
            "eps_growth_yearly": 37.14
        },
        "20172": {
            "year_quarter": 20172,
            "year": 2017,
            "quarter": 2,
            "eps": 2.17,
            "eps_growth_year": 49.66,
            "eps_4q": 8.34,
            "eps_4q_growth_year": 31.88,
            "roe": 6.19,
            "roe_4q": 24.19,
            "gross_profit": 523780,
            "gross_margin": 42.15,
            "gross_margin_4q_avg": 44.71,
            "net_income": 260300,
            "revenue": 1242526,
            "common_shares": 1200000,
            "book_valuer_per_share": 34.91,
            "book_valuer_per_share_4q_avg": 34.74,
            "equity": 4189153,
            "current_ratio": 126.53,
            "debt_ratio": 51.98,
            "inventory_turnover_ratio": 0.94,
            "account_receivable_turnover_ratio": 1.64,
            "reinvestment_rate": 89.73,
            "research_to_sale_ratio": 0.27,
            "price_fair": 208.51,
            "eps_avg_yearly": 5.96,
            "eps_latest_yearly": 8.68,
            "eps_growth_yearly": 35.97
        },
        "20173": {
            "year_quarter": 20173,
            "year": 2017,
            "quarter": 3,
            "eps": 2.29,
            "eps_growth_year": 17.44,
            "eps_4q": 8.68,
            "eps_4q_growth_year": 35.42,
            "roe": 6.31,
            "roe_4q": 24.63,
            "gross_profit": 543987,
            "gross_margin": 42.8,
            "gross_margin_4q_avg": 43.87,
            "net_income": 275161,
            "revenue": 1270939,
            "common_shares": 1200000,
            "book_valuer_per_share": 37.72,
            "book_valuer_per_share_4q_avg": 35.76,
            "equity": 4526617,
            "current_ratio": 146.7,
            "debt_ratio": 54.34,
            "inventory_turnover_ratio": 0.83,
            "account_receivable_turnover_ratio": 1.45,
            "reinvestment_rate": 91.38,
            "research_to_sale_ratio": 0.68,
            "price_fair": 218.49,
            "eps_avg_yearly": 6.24,
            "eps_latest_yearly": 9.16,
            "eps_growth_yearly": 33.32
        },
        "20174": {
            "year_quarter": 20174,
            "year": 2017,
            "quarter": 4,
            "eps": 2.17,
            "eps_growth_year": 0.32,
            "eps_4q": 8.69,
            "eps_4q_growth_year": 21.75,
            "roe": 5.58,
            "roe_4q": 23.94,
            "gross_profit": 540759,
            "gross_margin": 38.17,
            "gross_margin_4q_avg": 42.25,
            "net_income": 259928,
            "revenue": 1416548,
            "common_shares": 1200000,
            "book_valuer_per_share": 39.9,
            "book_valuer_per_share_4q_avg": 36.93,
            "equity": 4788761,
            "current_ratio": 162.18,
            "debt_ratio": 52.45,
            "inventory_turnover_ratio": 0.95,
            "account_receivable_turnover_ratio": 1.44,
            "reinvestment_rate": 87.64,
            "research_to_sale_ratio": 0.55,
            "price_fair": 230.48,
            "eps_avg_yearly": 6.59,
            "eps_latest_yearly": 8.68,
            "eps_growth_yearly": 39.62
        },
        "20181": {
            "year_quarter": 20181,
            "year": 2018,
            "quarter": 1,
            "eps": 2.45,
            "eps_growth_year": 18.93,
            "eps_4q": 9.08,
            "eps_4q_growth_year": 19.06,
            "roe": 5.92,
            "roe_4q": 24,
            "gross_profit": 581271,
            "gross_margin": 43.15,
            "gross_margin_4q_avg": 41.57,
            "net_income": 294082,
            "revenue": 1347057,
            "common_shares": 1200000,
            "book_valuer_per_share": 42.93,
            "book_valuer_per_share_4q_avg": 38.87,
            "equity": 5152351,
            "current_ratio": 165.06,
            "debt_ratio": 49.5,
            "inventory_turnover_ratio": 0.81,
            "account_receivable_turnover_ratio": 1.32,
            "reinvestment_rate": 83.36,
            "research_to_sale_ratio": 0.48,
            "price_fair": 242.81,
            "eps_avg_yearly": 6.94,
            "eps_latest_yearly": 9.8,
            "eps_growth_yearly": 35.34
        },
        "20182": {
            "year_quarter": 20182,
            "year": 2018,
            "quarter": 2,
            "eps": 1.7,
            "eps_growth_year": -21.66,
            "eps_4q": 8.28,
            "eps_4q_growth_year": -0.73,
            "roe": 4.32,
            "roe_4q": 22.13,
            "gross_profit": 509735,
            "gross_margin": 39.48,
            "gross_margin_4q_avg": 40.9,
            "net_income": 214527,
            "revenue": 1291005,
            "common_shares": 1200000,
            "book_valuer_per_share": 39.81,
            "book_valuer_per_share_4q_avg": 40.09,
            "equity": 4777677,
            "current_ratio": 147.58,
            "debt_ratio": 52.96,
            "inventory_turnover_ratio": 0.84,
            "account_receivable_turnover_ratio": 1.27,
            "reinvestment_rate": 81.68,
            "research_to_sale_ratio": 0.76,
            "price_fair": 248.06,
            "eps_avg_yearly": 7.09,
            "eps_latest_yearly": 6.8,
            "eps_growth_yearly": 26.25
        },
        "20183": {
            "year_quarter": 20183,
            "year": 2018,
            "quarter": 3,
            "eps": 1.6,
            "eps_growth_year": -30.13,
            "eps_4q": 7.7,
            "eps_4q_growth_year": -11.38,
            "roe": 4.2,
            "roe_4q": 20.02,
            "gross_profit": 485626,
            "gross_margin": 42.47,
            "gross_margin_4q_avg": 40.82,
            "net_income": 201089,
            "revenue": 1143577,
            "common_shares": 1260000,
            "book_valuer_per_share": 38.01,
            "book_valuer_per_share_4q_avg": 40.16,
            "equity": 4789550,
            "current_ratio": 167.24,
            "debt_ratio": 52.02,
            "inventory_turnover_ratio": 0.72,
            "account_receivable_turnover_ratio": 1.18,
            "reinvestment_rate": 70.02,
            "research_to_sale_ratio": 1.36,
            "price_fair": 225.05,
            "eps_avg_yearly": 7.18,
            "eps_latest_yearly": 6.4,
            "eps_growth_yearly": 21.37
        },
        "20184": {
            "year_quarter": 20184,
            "year": 2018,
            "quarter": 4,
            "eps": 1.89,
            "eps_growth_year": -12.8,
            "eps_4q": 7.52,
            "eps_4q_growth_year": -13.46,
            "roe": 4.83,
            "roe_4q": 19.270000000000003,
            "gross_profit": 562358,
            "gross_margin": 44.1,
            "gross_margin_4q_avg": 42.3,
            "net_income": 237968,
            "revenue": 1275193,
            "common_shares": 1260000,
            "book_valuer_per_share": 40.24,
            "book_valuer_per_share_4q_avg": 40.25,
            "equity": 5071094,
            "current_ratio": 175.12,
            "debt_ratio": 50.21,
            "inventory_turnover_ratio": 0.7,
            "account_receivable_turnover_ratio": 1.34,
            "reinvestment_rate": 66.61,
            "research_to_sale_ratio": 0.91,
            "price_fair": 259.7,
            "eps_avg_yearly": 7.42,
            "eps_latest_yearly": 7.56,
            "eps_growth_yearly": 32.7
        },
        "20191": {
            "year_quarter": 20191,
            "year": 2019,
            "quarter": 1,
            "eps": 1.98,
            "eps_growth_year": -19.18,
            "eps_4q": 7.16,
            "eps_4q_growth_year": -21.1,
            "roe": 4.73,
            "roe_4q": 18.080000000000002,
            "gross_profit": 545284,
            "gross_margin": 41.61,
            "gross_margin_4q_avg": 41.92,
            "net_income": 248895,
            "revenue": 1310542,
            "common_shares": 1260000,
            "book_valuer_per_share": 43.25,
            "book_valuer_per_share_4q_avg": 40.33,
            "equity": 5449409,
            "current_ratio": 179.31,
            "debt_ratio": 47.32,
            "inventory_turnover_ratio": 0.71,
            "account_receivable_turnover_ratio": 1.29,
            "reinvestment_rate": 68.75,
            "research_to_sale_ratio": 0.37,
            "price_fair": 191.62,
            "eps_avg_yearly": 7.52,
            "eps_latest_yearly": 7.92,
            "eps_growth_yearly": 15.48
        },
        "20192": {
            "year_quarter": 20192,
            "year": 2019,
            "quarter": 2,
            "eps": 1.86,
            "eps_growth_year": 9.41,
            "eps_4q": 7.32,
            "eps_4q_growth_year": -11.65,
            "roe": 4.46,
            "roe_4q": 18.220000000000002,
            "gross_profit": 537831,
            "gross_margin": 42.96,
            "gross_margin_4q_avg": 42.79,
            "net_income": 234070,
            "revenue": 1252048,
            "common_shares": 1260000,
            "book_valuer_per_share": 40.11,
            "book_valuer_per_share_4q_avg": 40.4,
            "equity": 5054539,
            "current_ratio": 134.76,
            "debt_ratio": 50.77,
            "inventory_turnover_ratio": 0.7,
            "account_receivable_turnover_ratio": 1.23,
            "reinvestment_rate": 65.64,
            "research_to_sale_ratio": 0.88,
            "price_fair": 230.39,
            "eps_avg_yearly": 7.69,
            "eps_latest_yearly": 7.44,
            "eps_growth_yearly": 19.98
        },
        "20193": {
            "year_quarter": 20193,
            "year": 2019,
            "quarter": 3,
            "eps": 2.17,
            "eps_growth_year": 35.62,
            "eps_4q": 7.9,
            "eps_4q_growth_year": 2.62,
            "roe": 5.4,
            "roe_4q": 19.42,
            "gross_profit": 549290,
            "gross_margin": 41.5,
            "gross_margin_4q_avg": 42.54,
            "net_income": 274067,
            "revenue": 1323665,
            "common_shares": 1260000,
            "book_valuer_per_share": 40.49,
            "book_valuer_per_share_4q_avg": 41.02,
            "equity": 5102577,
            "current_ratio": 124.29,
            "debt_ratio": 49.58,
            "inventory_turnover_ratio": 0.78,
            "account_receivable_turnover_ratio": 1.37,
            "reinvestment_rate": 14.55,
            "research_to_sale_ratio": 0.71,
            "price_fair": 135.07,
            "eps_avg_yearly": 7.73,
            "eps_latest_yearly": 8.68,
            "eps_growth_yearly": 7.48
        },
        "20194": {
            "year_quarter": 20194,
            "year": 2019,
            "quarter": 4,
            "eps": 1.99,
            "eps_growth_year": 5.25,
            "eps_4q": 8,
            "eps_4q_growth_year": 6.31,
            "roe": 4.83,
            "roe_4q": 19.42,
            "gross_profit": 510875,
            "gross_margin": 37.75,
            "gross_margin_4q_avg": 40.96,
            "net_income": 250458,
            "revenue": 1353380,
            "common_shares": 1260000,
            "book_valuer_per_share": 41.89,
            "book_valuer_per_share_4q_avg": 41.44,
            "equity": 5278483,
            "current_ratio": 132.19,
            "debt_ratio": 47.01,
            "inventory_turnover_ratio": 0.9,
            "account_receivable_turnover_ratio": 1.38,
            "reinvestment_rate": 15.79,
            "research_to_sale_ratio": 0.66,
            "price_fair": 177.26,
            "eps_avg_yearly": 7.87,
            "eps_latest_yearly": 7.96,
            "eps_growth_yearly": 12.53
        },
        "20201": {
            "year_quarter": 20201,
            "year": 2020,
            "quarter": 1,
            "eps": 1.72,
            "eps_growth_year": -13.13,
            "eps_4q": 7.75,
            "eps_4q_growth_year": 8.13,
            "roe": 4.06,
            "roe_4q": 18.75,
            "gross_profit": 454444,
            "gross_margin": 41.83,
            "gross_margin_4q_avg": 41.01,
            "net_income": 217300,
            "revenue": 1086473,
            "common_shares": 1260000,
            "book_valuer_per_share": 43.04,
            "book_valuer_per_share_4q_avg": 41.38,
            "equity": 5423306,
            "current_ratio": 167.93,
            "debt_ratio": 45.22,
            "inventory_turnover_ratio": 0.75,
            "account_receivable_turnover_ratio": 1.16,
            "reinvestment_rate": 14.45,
            "research_to_sale_ratio": 1.5,
            "price_fair": 130.52,
            "eps_avg_yearly": 7.9,
            "eps_latest_yearly": 6.88,
            "eps_growth_yearly": 6.52
        },
        "20202": {
            "year_quarter": 20202,
            "year": 2020,
            "quarter": 2,
            "eps": 3.04,
            "eps_growth_year": 63.44,
            "eps_4q": 8.93,
            "eps_4q_growth_year": 21.98,
            "roe": 7.24,
            "roe_4q": 21.53,
            "gross_profit": 690131,
            "gross_margin": 50.08,
            "gross_margin_4q_avg": 42.79,
            "net_income": 382919,
            "revenue": 1378123,
            "common_shares": 1260000,
            "book_valuer_per_share": 40.91,
            "book_valuer_per_share_4q_avg": 41.58,
            "equity": 5155077,
            "current_ratio": 201.96,
            "debt_ratio": 48.66,
            "inventory_turnover_ratio": 0.83,
            "account_receivable_turnover_ratio": 1.46,
            "reinvestment_rate": 13.84,
            "research_to_sale_ratio": 0.47,
            "price_fair": 290.5,
            "eps_avg_yearly": 8.3,
            "eps_latest_yearly": 12.16,
            "eps_growth_yearly": 27.76
        },
        "20203": {
            "year_quarter": 20203,
            "year": 2020,
            "quarter": 3,
            "eps": 3.7,
            "eps_growth_year": 70.51,
            "eps_4q": 10.45,
            "eps_4q_growth_year": 32.35,
            "roe": 8.57,
            "roe_4q": 24.700000000000003,
            "gross_profit": 842790,
            "gross_margin": 46.27,
            "gross_margin_4q_avg": 43.98,
            "net_income": 466155,
            "revenue": 1821414,
            "common_shares": 1260000,
            "book_valuer_per_share": 45.43,
            "book_valuer_per_share_4q_avg": 42.82,
            "equity": 5723800,
            "current_ratio": 214.01,
            "debt_ratio": 44.94,
            "inventory_turnover_ratio": 1.2,
            "account_receivable_turnover_ratio": 1.57,
            "reinvestment_rate": 0.53,
            "research_to_sale_ratio": 0.91,
            "price_fair": 302.02,
            "eps_avg_yearly": 8.74,
            "eps_latest_yearly": 14.8,
            "eps_growth_yearly": 24.57
        },
        "20204": {
            "year_quarter": 20204,
            "year": 2020,
            "quarter": 4,
            "eps": 3.56,
            "eps_growth_year": 78.98,
            "eps_4q": 12.02,
            "eps_4q_growth_year": 50.34,
            "roe": 7.39,
            "roe_4q": 27.26,
            "gross_profit": 832117,
            "gross_margin": 45.11,
            "gross_margin_4q_avg": 45.82,
            "net_income": 448272,
            "revenue": 1844473,
            "common_shares": 1260000,
            "book_valuer_per_share": 50.82,
            "book_valuer_per_share_4q_avg": 45.05,
            "equity": 6402998,
            "current_ratio": 253.04,
            "debt_ratio": 39.94,
            "inventory_turnover_ratio": 1.28,
            "account_receivable_turnover_ratio": 1.42,
            "reinvestment_rate": 3.48,
            "research_to_sale_ratio": 0.52,
            "price_fair": 281.05,
            "eps_avg_yearly": 9.09,
            "eps_latest_yearly": 14.24,
            "eps_growth_yearly": 20.93
        },
        "20211": {
            "year_quarter": 20211,
            "year": 2021,
            "quarter": 1,
            "eps": 4,
            "eps_growth_year": 132.56,
            "eps_4q": 14.3,
            "eps_4q_growth_year": 84.62,
            "roe": 7.62,
            "roe_4q": 30.82,
            "gross_profit": 855437,
            "gross_margin": 47.36,
            "gross_margin_4q_avg": 47.21,
            "net_income": 504359,
            "revenue": 1806331,
            "common_shares": 1260000,
            "book_valuer_per_share": 54.27,
            "book_valuer_per_share_4q_avg": 47.86,
            "equity": 6838819,
            "current_ratio": 273.52,
            "debt_ratio": 37.19,
            "inventory_turnover_ratio": 1.08,
            "account_receivable_turnover_ratio": 1.39,
            "reinvestment_rate": 6.27,
            "research_to_sale_ratio": 0.35,
            "price_fair": 335.04,
            "eps_avg_yearly": 9.57,
            "eps_latest_yearly": 16,
            "eps_growth_yearly": 25.17
        },
        "20212": {
            "year_quarter": 20212,
            "year": 2021,
            "quarter": 2,
            "eps": 3.79,
            "eps_growth_year": 24.67,
            "eps_4q": 15.05,
            "eps_4q_growth_year": 68.59,
            "roe": 7.24,
            "roe_4q": 30.82,
            "gross_profit": 912948,
            "gross_margin": 45.55,
            "gross_margin_4q_avg": 46.07,
            "net_income": 477382,
            "revenue": 2004471,
            "common_shares": 1260000,
            "book_valuer_per_share": 50.35,
            "book_valuer_per_share_4q_avg": 50.22,
            "equity": 6343873,
            "current_ratio": 198.56,
            "debt_ratio": 43.06,
            "inventory_turnover_ratio": 1.16,
            "account_receivable_turnover_ratio": 1.47,
            "reinvestment_rate": 3.7,
            "research_to_sale_ratio": 0.59,
            "price_fair": 324.54,
            "eps_avg_yearly": 9.98,
            "eps_latest_yearly": 15.16,
            "eps_growth_yearly": 22.53
        },
        "20213": {
            "year_quarter": 20213,
            "year": 2021,
            "quarter": 3,
            "eps": 4.03,
            "eps_growth_year": 8.92,
            "eps_4q": 15.38,
            "eps_4q_growth_year": 47.15,
            "roe": 8.05,
            "roe_4q": 30.3,
            "gross_profit": 884624,
            "gross_margin": 47.2,
            "gross_margin_4q_avg": 46.31,
            "net_income": 507762,
            "revenue": 1874200,
            "common_shares": 1260000,
            "book_valuer_per_share": 49.77,
            "book_valuer_per_share_4q_avg": 51.3,
            "equity": 6271179,
            "current_ratio": 186.41,
            "debt_ratio": 43.73,
            "inventory_turnover_ratio": 0.89,
            "account_receivable_turnover_ratio": 1.34,
            "reinvestment_rate": 2.51,
            "research_to_sale_ratio": 0.5,
            "price_fair": 340.78,
            "eps_avg_yearly": 10.41,
            "eps_latest_yearly": 16.12,
            "eps_growth_yearly": 22.73
        },
        "20214": {
            "year_quarter": 20214,
            "year": 2021,
            "quarter": 4,
            "eps": 4.11,
            "eps_growth_year": 15.66,
            "eps_4q": 15.94,
            "eps_4q_growth_year": 32.57,
            "roe": 8.09,
            "roe_4q": 31.000000000000004,
            "gross_profit": 936216,
            "gross_margin": 45.32,
            "gross_margin_4q_avg": 46.36,
            "net_income": 518454,
            "revenue": 2065981,
            "common_shares": 1260000,
            "book_valuer_per_share": 51.92,
            "book_valuer_per_share_4q_avg": 51.58,
            "equity": 6542120,
            "current_ratio": 178.14,
            "debt_ratio": 42.79,
            "inventory_turnover_ratio": 0.88,
            "account_receivable_turnover_ratio": 1.5,
            "reinvestment_rate": 3.72,
            "research_to_sale_ratio": 0.68,
            "price_fair": 376.34,
            "eps_avg_yearly": 10.9,
            "eps_latest_yearly": 16.44,
            "eps_growth_yearly": 24.53
        },
        "20221": {
            "year_quarter": 20221,
            "year": 2022,
            "quarter": 1,
            "eps": 3.96,
            "eps_growth_year": -1,
            "eps_4q": 15.89,
            "eps_4q_growth_year": 11.13,
            "roe": 7.34,
            "roe_4q": 30.72,
            "gross_profit": 891308,
            "gross_margin": 46.64,
            "gross_margin_4q_avg": 46.18,
            "net_income": 498627,
            "revenue": 1911084,
            "common_shares": 1260000,
            "book_valuer_per_share": 55.86,
            "book_valuer_per_share_4q_avg": 51.98,
            "equity": 7038376,
            "current_ratio": 205.76,
            "debt_ratio": 41.34,
            "inventory_turnover_ratio": 0.79,
            "account_receivable_turnover_ratio": 1.37,
            "reinvestment_rate": 5.64,
            "research_to_sale_ratio": 1.18,
            "price_fair": 342.71,
            "eps_avg_yearly": 11.28,
            "eps_latest_yearly": 15.84,
            "eps_growth_yearly": 20.4
        },
        "20222": {
            "year_quarter": 20222,
            "year": 2022,
            "quarter": 2,
            "eps": 4.13,
            "eps_growth_year": 8.97,
            "eps_4q": 16.23,
            "eps_4q_growth_year": 7.87,
            "roe": 7.33,
            "roe_4q": 30.81,
            "gross_profit": 921385,
            "gross_margin": 48.72,
            "gross_margin_4q_avg": 46.97,
            "net_income": 520569,
            "revenue": 1890990,
            "common_shares": 1260000,
            "book_valuer_per_share": 56.92,
            "book_valuer_per_share_4q_avg": 53.62,
            "equity": 7171957,
            "current_ratio": 200.78,
            "debt_ratio": 40.96,
            "inventory_turnover_ratio": 0.77,
            "account_receivable_turnover_ratio": 1.35,
            "reinvestment_rate": 5.72,
            "research_to_sale_ratio": 0.78,
            "price_fair": 415.89,
            "eps_avg_yearly": 11.88,
            "eps_latest_yearly": 16.52,
            "eps_growth_yearly": 29.12
        },
        "20223": {
            "year_quarter": 20223,
            "year": 2022,
            "quarter": 3,
            "eps": 4.81,
            "eps_growth_year": 19.35,
            "eps_4q": 17.02,
            "eps_4q_growth_year": 10.65,
            "roe": 8.22,
            "roe_4q": 30.98,
            "gross_profit": 929785,
            "gross_margin": 48.5,
            "gross_margin_4q_avg": 47.3,
            "net_income": 606534,
            "revenue": 1917076,
            "common_shares": 1260000,
            "book_valuer_per_share": 60.25,
            "book_valuer_per_share_4q_avg": 56.24,
            "equity": 7591406,
            "current_ratio": 204.42,
            "debt_ratio": 41.31,
            "inventory_turnover_ratio": 0.78,
            "account_receivable_turnover_ratio": 1.35,
            "reinvestment_rate": 6.78,
            "research_to_sale_ratio": 0.67,
            "price_fair": 443.98,
            "eps_avg_yearly": 12.69,
            "eps_latest_yearly": 19.24,
            "eps_growth_yearly": 34.71
        },
        "20224": {
            "year_quarter": 20224,
            "year": 2022,
            "quarter": 4,
            "eps": 2.35,
            "eps_growth_year": -42.83,
            "eps_4q": 15.26,
            "eps_4q_growth_year": -4.27,
            "roe": 3.92,
            "roe_4q": 26.81,
            "gross_profit": 658346,
            "gross_margin": 47.12,
            "gross_margin_4q_avg": 47.75,
            "net_income": 296392,
            "revenue": 1397133,
            "common_shares": 1260000,
            "book_valuer_per_share": 59.7,
            "book_valuer_per_share_4q_avg": 58.18,
            "equity": 7522920,
            "current_ratio": 192,
            "debt_ratio": 39.54,
            "inventory_turnover_ratio": 0.57,
            "account_receivable_turnover_ratio": 1.15,
            "reinvestment_rate": 6.27,
            "research_to_sale_ratio": 0.92,
            "price_fair": 350.62,
            "eps_avg_yearly": 12.8,
            "eps_latest_yearly": 9.4,
            "eps_growth_yearly": 17.39
        },
        "20231": {
            "year_quarter": 20231,
            "year": 2023,
            "quarter": 1,
            "eps": 1.94,
            "eps_growth_year": -51.01,
            "eps_4q": 13.24,
            "eps_4q_growth_year": -16.68,
            "roe": 3.25,
            "roe_4q": 22.72,
            "gross_profit": 552101,
            "gross_margin": 42.02,
            "gross_margin_4q_avg": 46.59,
            "net_income": 244672,
            "revenue": 1313929,
            "common_shares": 1260000,
            "book_valuer_per_share": 59.75,
            "book_valuer_per_share_4q_avg": 59.16,
            "equity": 7528115,
            "current_ratio": 191.83,
            "debt_ratio": 39.11,
            "inventory_turnover_ratio": 0.62,
            "account_receivable_turnover_ratio": 1.27,
            "reinvestment_rate": 4.86,
            "research_to_sale_ratio": 1.98,
            "price_fair": 279.33,
            "eps_avg_yearly": 12.79,
            "eps_latest_yearly": 7.76,
            "eps_growth_yearly": 11.84
        }
    },
    "months": {
        "2001-06": {
            "month": "2001-06",
            "price": "7.80",
            "revenue": 70505
        },
        "2001-07": {
            "month": "2001-07",
            "price": "6.02",
            "revenue": 85072
        },
        "2001-08": {
            "month": "2001-08",
            "price": "5.97",
            "revenue": 87040
        },
        "2001-09": {
            "month": "2001-09",
            "price": "4.49",
            "revenue": 130956
        },
        "2001-10": {
            "month": "2001-10",
            "price": "4.37",
            "revenue": 170640
        },
        "2001-11": {
            "month": "2001-11",
            "price": "8.81",
            "revenue": 184834
        },
        "2001-12": {
            "month": "2001-12",
            "price": "20.72",
            "revenue": 170337
        },
        "2002-01": {
            "month": "2002-01",
            "price": "25.81",
            "revenue": 167809
        },
        "2002-02": {
            "month": "2002-02",
            "price": "24.36",
            "revenue": 127688
        },
        "2002-03": {
            "month": "2002-03",
            "price": "26.60",
            "revenue": 144224
        },
        "2002-04": {
            "month": "2002-04",
            "price": "25.38",
            "revenue": 141280
        },
        "2002-05": {
            "month": "2002-05",
            "price": "19.87",
            "revenue": 142355
        },
        "2002-06": {
            "month": "2002-06",
            "price": "18.57",
            "revenue": 113137
        },
        "2002-07": {
            "month": "2002-07",
            "price": "17.40",
            "revenue": 119029
        },
        "2002-08": {
            "month": "2002-08",
            "price": "16.17",
            "revenue": 147992
        },
        "2002-09": {
            "month": "2002-09",
            "price": "13.10",
            "revenue": 146148
        },
        "2002-10": {
            "month": "2002-10",
            "price": "12.67",
            "revenue": 109655
        },
        "2002-11": {
            "month": "2002-11",
            "price": "11.88",
            "revenue": 116747
        },
        "2002-12": {
            "month": "2002-12",
            "price": "10.46",
            "revenue": 102585
        },
        "2003-01": {
            "month": "2003-01",
            "price": "10.43",
            "revenue": 101683
        },
        "2003-02": {
            "month": "2003-02",
            "price": "9.90",
            "revenue": 87179
        },
        "2003-03": {
            "month": "2003-03",
            "price": "8.78",
            "revenue": 102044
        },
        "2003-04": {
            "month": "2003-04",
            "price": "8.22",
            "revenue": 102741
        },
        "2003-05": {
            "month": "2003-05",
            "price": "7.52",
            "revenue": 82837
        },
        "2003-06": {
            "month": "2003-06",
            "price": "8.95",
            "revenue": 142257
        },
        "2003-07": {
            "month": "2003-07",
            "price": "9.97",
            "revenue": 80107
        },
        "2003-08": {
            "month": "2003-08",
            "price": "8.48",
            "revenue": 86749
        },
        "2003-09": {
            "month": "2003-09",
            "price": "7.26",
            "revenue": 118041
        },
        "2003-10": {
            "month": "2003-10",
            "price": "7.16",
            "revenue": 121063
        },
        "2003-11": {
            "month": "2003-11",
            "price": "7.74",
            "revenue": 104651
        },
        "2003-12": {
            "month": "2003-12",
            "price": "8.31",
            "revenue": 88779
        },
        "2004-01": {
            "month": "2004-01",
            "price": "8.93",
            "revenue": 44340
        },
        "2004-02": {
            "month": "2004-02",
            "price": "8.91",
            "revenue": 75933
        },
        "2004-03": {
            "month": "2004-03",
            "price": "8.48",
            "revenue": 83294
        },
        "2004-04": {
            "month": "2004-04",
            "price": "8.28",
            "revenue": 56909
        },
        "2004-05": {
            "month": "2004-05",
            "price": "6.76",
            "revenue": 68574
        },
        "2004-06": {
            "month": "2004-06",
            "price": "5.94",
            "revenue": 72507
        },
        "2004-07": {
            "month": "2004-07",
            "price": "4.69",
            "revenue": 61451
        },
        "2004-08": {
            "month": "2004-08",
            "price": "4.13",
            "revenue": 80663
        },
        "2004-09": {
            "month": "2004-09",
            "price": "3.56",
            "revenue": 79829
        },
        "2004-10": {
            "month": "2004-10",
            "price": "3.52",
            "revenue": 83483
        },
        "2004-11": {
            "month": "2004-11",
            "price": "3.48",
            "revenue": 86732
        },
        "2004-12": {
            "month": "2004-12",
            "price": "3.05",
            "revenue": 57869
        },
        "2005-01": {
            "month": "2005-01",
            "price": "2.91",
            "revenue": 91892
        },
        "2005-02": {
            "month": "2005-02",
            "price": "3.58",
            "revenue": 59994
        },
        "2005-03": {
            "month": "2005-03",
            "price": "5.19",
            "revenue": 109138
        },
        "2005-04": {
            "month": "2005-04",
            "price": "4.26",
            "revenue": 77752
        },
        "2005-05": {
            "month": "2005-05",
            "price": "3.46",
            "revenue": 64804
        },
        "2005-06": {
            "month": "2005-06",
            "price": "4.05",
            "revenue": 55642
        },
        "2005-07": {
            "month": "2005-07",
            "price": "4.23",
            "revenue": 65939
        },
        "2005-08": {
            "month": "2005-08",
            "price": "3.44",
            "revenue": 62639
        },
        "2005-09": {
            "month": "2005-09",
            "price": "3.11",
            "revenue": 58841
        },
        "2005-10": {
            "month": "2005-10",
            "price": "2.95",
            "revenue": 71959
        },
        "2005-11": {
            "month": "2005-11",
            "price": "2.71",
            "revenue": 91904
        },
        "2005-12": {
            "month": "2005-12",
            "price": "3.38",
            "revenue": 79328
        },
        "2006-01": {
            "month": "2006-01",
            "price": "3.57",
            "revenue": 49151
        },
        "2006-02": {
            "month": "2006-02",
            "price": "3.15",
            "revenue": 63101
        },
        "2006-03": {
            "month": "2006-03",
            "price": "2.94",
            "revenue": 71340
        },
        "2006-04": {
            "month": "2006-04",
            "price": "3.14",
            "revenue": 62475
        },
        "2006-05": {
            "month": "2006-05",
            "price": "3.06",
            "revenue": 44663
        },
        "2006-06": {
            "month": "2006-06",
            "price": "2.70",
            "revenue": 41927
        },
        "2006-07": {
            "month": "2006-07",
            "price": "2.43",
            "revenue": 31601
        },
        "2006-08": {
            "month": "2006-08",
            "price": "1.95",
            "revenue": 52796
        },
        "2006-09": {
            "month": "2006-09",
            "price": "2.12",
            "revenue": 45435
        },
        "2006-10": {
            "month": "2006-10",
            "price": "2.52",
            "revenue": 65295
        },
        "2006-11": {
            "month": "2006-11",
            "price": "3.36",
            "revenue": 46060
        },
        "2006-12": {
            "month": "2006-12",
            "price": "3.79",
            "revenue": 41904
        },
        "2007-01": {
            "month": "2007-01",
            "price": "3.46",
            "revenue": 34269
        },
        "2007-02": {
            "month": "2007-02",
            "price": "3.18",
            "revenue": 32638
        },
        "2007-03": {
            "month": "2007-03",
            "price": "3.76",
            "revenue": 44241
        },
        "2007-04": {
            "month": "2007-04",
            "price": "4.86",
            "revenue": 36498
        },
        "2007-05": {
            "month": "2007-05",
            "price": "4.14",
            "revenue": 41291
        },
        "2007-06": {
            "month": "2007-06",
            "price": "4.48",
            "revenue": 40704
        },
        "2007-07": {
            "month": "2007-07",
            "price": "5.64",
            "revenue": 29226
        },
        "2007-08": {
            "month": "2007-08",
            "price": "4.93",
            "revenue": 27915
        },
        "2007-09": {
            "month": "2007-09",
            "price": "4.33",
            "revenue": 33514
        },
        "2007-10": {
            "month": "2007-10",
            "price": "5.19",
            "revenue": 22365
        },
        "2007-11": {
            "month": "2007-11",
            "price": "5.56",
            "revenue": 23370
        },
        "2007-12": {
            "month": "2007-12",
            "price": "5.06",
            "revenue": 27906
        },
        "2008-01": {
            "month": "2008-01",
            "price": "4.03",
            "revenue": 30661
        },
        "2008-02": {
            "month": "2008-02",
            "price": "3.51",
            "revenue": 20573
        },
        "2008-03": {
            "month": "2008-03",
            "price": "4.28",
            "revenue": 25952
        },
        "2008-04": {
            "month": "2008-04",
            "price": "4.43",
            "revenue": 30814
        },
        "2008-05": {
            "month": "2008-05",
            "price": "4.70",
            "revenue": 30209
        },
        "2008-06": {
            "month": "2008-06",
            "price": "3.95",
            "revenue": 19875
        },
        "2008-07": {
            "month": "2008-07",
            "price": "2.97",
            "revenue": 11488
        },
        "2008-08": {
            "month": "2008-08",
            "price": "2.90",
            "revenue": 15555
        },
        "2008-09": {
            "month": "2008-09",
            "price": "2.28",
            "revenue": 13429
        },
        "2008-10": {
            "month": "2008-10",
            "price": "1.89",
            "revenue": 16803
        },
        "2008-11": {
            "month": "2008-11",
            "price": "2.43",
            "revenue": 19436
        },
        "2008-12": {
            "month": "2008-12",
            "price": "2.54",
            "revenue": 22054
        },
        "2009-01": {
            "month": "2009-01",
            "price": "2.60",
            "revenue": 12368
        },
        "2009-02": {
            "month": "2009-02",
            "price": "3.17",
            "revenue": 13684
        },
        "2009-03": {
            "month": "2009-03",
            "price": "3.10",
            "revenue": 16941
        },
        "2009-04": {
            "month": "2009-04",
            "price": "4.47",
            "revenue": 12436
        },
        "2009-05": {
            "month": "2009-05",
            "price": "4.67",
            "revenue": 10580
        },
        "2009-06": {
            "month": "2009-06",
            "price": "4.65",
            "revenue": 5659
        },
        "2009-07": {
            "month": "2009-07",
            "price": "4.57",
            "revenue": 8809
        },
        "2009-08": {
            "month": "2009-08",
            "price": "4.52",
            "revenue": 10166
        },
        "2009-09": {
            "month": "2009-09",
            "price": "4.83",
            "revenue": 5152
        },
        "2009-10": {
            "month": "2009-10",
            "price": "4.96",
            "revenue": 13359
        },
        "2009-11": {
            "month": "2009-11",
            "price": "5.01",
            "revenue": 11674
        },
        "2009-12": {
            "month": "2009-12",
            "price": "5.32",
            "revenue": 17053
        },
        "2010-01": {
            "month": "2010-01",
            "price": "6.64",
            "revenue": 10040
        },
        "2010-02": {
            "month": "2010-02",
            "price": "5.49",
            "revenue": 10367
        },
        "2010-03": {
            "month": "2010-03",
            "price": "5.73",
            "revenue": 8959
        },
        "2010-04": {
            "month": "2010-04",
            "price": "6.50",
            "revenue": 6878
        },
        "2010-05": {
            "month": "2010-05",
            "price": "5.92",
            "revenue": 8623
        },
        "2010-06": {
            "month": "2010-06",
            "price": "5.74",
            "revenue": 10837
        },
        "2010-07": {
            "month": "2010-07",
            "price": "6.86",
            "revenue": 12612
        },
        "2010-08": {
            "month": "2010-08",
            "price": "6.79",
            "revenue": 6636
        },
        "2010-09": {
            "month": "2010-09",
            "price": "6.04",
            "revenue": 4755
        },
        "2010-10": {
            "month": "2010-10",
            "price": "5.50",
            "revenue": 6959
        },
        "2010-11": {
            "month": "2010-11",
            "price": "4.98",
            "revenue": 6844
        },
        "2010-12": {
            "month": "2010-12",
            "price": "5.41",
            "revenue": 5050
        },
        "2011-01": {
            "month": "2011-01",
            "price": "5.51",
            "revenue": 3911
        },
        "2011-02": {
            "month": "2011-02",
            "price": "5.87",
            "revenue": 3086
        },
        "2011-03": {
            "month": "2011-03",
            "price": "6.69",
            "revenue": 12469
        },
        "2011-04": {
            "month": "2011-04",
            "price": "7.65",
            "revenue": 6989
        },
        "2011-05": {
            "month": "2011-05",
            "price": "8.40",
            "revenue": 11631
        },
        "2011-06": {
            "month": "2011-06",
            "price": "8.42",
            "revenue": 6989
        },
        "2011-07": {
            "month": "2011-07",
            "price": "9.50",
            "revenue": 1921
        },
        "2011-08": {
            "month": "2011-08",
            "price": "12.85",
            "revenue": 4035
        },
        "2011-09": {
            "month": "2011-09",
            "price": "16.75",
            "revenue": 7410
        },
        "2011-10": {
            "month": "2011-10",
            "price": "18.50",
            "revenue": 18739
        },
        "2011-11": {
            "month": "2011-11",
            "price": "18.50",
            "revenue": 21879
        },
        "2011-12": {
            "month": "2011-12",
            "price": "20.60",
            "revenue": 60320
        },
        "2012-01": {
            "month": "2012-01",
            "price": "34.84",
            "revenue": 24985
        },
        "2012-02": {
            "month": "2012-02",
            "price": "39.61",
            "revenue": 41396
        },
        "2012-03": {
            "month": "2012-03",
            "price": "41.80",
            "revenue": 41962
        },
        "2012-04": {
            "month": "2012-04",
            "price": "37.05",
            "revenue": 51631
        },
        "2012-05": {
            "month": "2012-05",
            "price": "47.51",
            "revenue": 61360
        },
        "2012-06": {
            "month": "2012-06",
            "price": "51.34",
            "revenue": 39832
        },
        "2012-07": {
            "month": "2012-07",
            "price": "46.94",
            "revenue": 159250
        },
        "2012-08": {
            "month": "2012-08",
            "price": "51.42",
            "revenue": 179522
        },
        "2012-09": {
            "month": "2012-09",
            "price": "49.36",
            "revenue": 183011
        },
        "2012-10": {
            "month": "2012-10",
            "price": "46.72",
            "revenue": 176073
        },
        "2012-11": {
            "month": "2012-11",
            "price": "49.64",
            "revenue": 174493
        },
        "2012-12": {
            "month": "2012-12",
            "price": "49.87",
            "revenue": 215132
        },
        "2013-01": {
            "month": "2013-01",
            "price": "61.59",
            "revenue": 188127
        },
        "2013-02": {
            "month": "2013-02",
            "price": "70.43",
            "revenue": 132280
        },
        "2013-03": {
            "month": "2013-03",
            "price": "78.00",
            "revenue": 161639
        },
        "2013-04": {
            "month": "2013-04",
            "price": "88.54",
            "revenue": 141274
        },
        "2013-05": {
            "month": "2013-05",
            "price": "111.48",
            "revenue": 197954
        },
        "2013-06": {
            "month": "2013-06",
            "price": "113.32",
            "revenue": 139910
        },
        "2013-07": {
            "month": "2013-07",
            "price": "135.61",
            "revenue": 159372
        },
        "2013-08": {
            "month": "2013-08",
            "price": "124.86",
            "revenue": 178368
        },
        "2013-09": {
            "month": "2013-09",
            "price": "126.05",
            "revenue": 175852
        },
        "2013-10": {
            "month": "2013-10",
            "price": "129.86",
            "revenue": 200405
        },
        "2013-11": {
            "month": "2013-11",
            "price": "126.24",
            "revenue": 174697
        },
        "2013-12": {
            "month": "2013-12",
            "price": "125.14",
            "revenue": 226081
        },
        "2014-01": {
            "month": "2014-01",
            "price": "121.44",
            "revenue": 226543
        },
        "2014-02": {
            "month": "2014-02",
            "price": "112.56",
            "revenue": 197773
        },
        "2014-03": {
            "month": "2014-03",
            "price": "126.57",
            "revenue": 204321
        },
        "2014-04": {
            "month": "2014-04",
            "price": "133.55",
            "revenue": 197704
        },
        "2014-05": {
            "month": "2014-05",
            "price": "133.05",
            "revenue": 209172
        },
        "2014-06": {
            "month": "2014-06",
            "price": "135.62",
            "revenue": 194587
        },
        "2014-07": {
            "month": "2014-07",
            "price": "144.11",
            "revenue": 261233
        },
        "2014-08": {
            "month": "2014-08",
            "price": "141.38",
            "revenue": 244938
        },
        "2014-09": {
            "month": "2014-09",
            "price": "134.19",
            "revenue": 259216
        },
        "2014-10": {
            "month": "2014-10",
            "price": "123.39",
            "revenue": 246579
        },
        "2014-11": {
            "month": "2014-11",
            "price": "125.80",
            "revenue": 248404
        },
        "2014-12": {
            "month": "2014-12",
            "price": "126.12",
            "revenue": 288899
        },
        "2015-01": {
            "month": "2015-01",
            "price": "125.58",
            "revenue": 314847
        },
        "2015-02": {
            "month": "2015-02",
            "price": "135.08",
            "revenue": 216135
        },
        "2015-03": {
            "month": "2015-03",
            "price": "150.43",
            "revenue": 290428
        },
        "2015-04": {
            "month": "2015-04",
            "price": "145.75",
            "revenue": 243883
        },
        "2015-05": {
            "month": "2015-05",
            "price": "145.52",
            "revenue": 258918
        },
        "2015-06": {
            "month": "2015-06",
            "price": "143.31",
            "revenue": 248930
        },
        "2015-07": {
            "month": "2015-07",
            "price": "136.50",
            "revenue": 303640
        },
        "2015-08": {
            "month": "2015-08",
            "price": "139.33",
            "revenue": 293927
        },
        "2015-09": {
            "month": "2015-09",
            "price": "130.75",
            "revenue": 291220
        },
        "2015-10": {
            "month": "2015-10",
            "price": "130.05",
            "revenue": 268625
        },
        "2015-11": {
            "month": "2015-11",
            "price": "140.17",
            "revenue": 302331
        },
        "2015-12": {
            "month": "2015-12",
            "price": "131.11",
            "revenue": 368164
        },
        "2016-01": {
            "month": "2016-01",
            "price": "118.64",
            "revenue": 331632
        },
        "2016-02": {
            "month": "2016-02",
            "price": "126.38",
            "revenue": 255846
        },
        "2016-03": {
            "month": "2016-03",
            "price": "124.84",
            "revenue": 368162
        },
        "2016-04": {
            "month": "2016-04",
            "price": "123.21",
            "revenue": 297768
        },
        "2016-05": {
            "month": "2016-05",
            "price": "115.79",
            "revenue": 329758
        },
        "2016-06": {
            "month": "2016-06",
            "price": "118.76",
            "revenue": 307929
        },
        "2016-07": {
            "month": "2016-07",
            "price": "118.52",
            "revenue": 336887
        },
        "2016-08": {
            "month": "2016-08",
            "price": "112.98",
            "revenue": 358343
        },
        "2016-09": {
            "month": "2016-09",
            "price": "107.00",
            "revenue": 333724
        },
        "2016-10": {
            "month": "2016-10",
            "price": "113.38",
            "revenue": 305311
        },
        "2016-11": {
            "month": "2016-11",
            "price": "102.91",
            "revenue": 375844
        },
        "2016-12": {
            "month": "2016-12",
            "price": "107.93",
            "revenue": 438495
        },
        "2017-01": {
            "month": "2017-01",
            "price": "121.38",
            "revenue": 393814
        },
        "2017-02": {
            "month": "2017-02",
            "price": "135.11",
            "revenue": 302194
        },
        "2017-03": {
            "month": "2017-03",
            "price": "138.07",
            "revenue": 430597
        },
        "2017-04": {
            "month": "2017-04",
            "price": "148.42",
            "revenue": 412130
        },
        "2017-05": {
            "month": "2017-05",
            "price": "146.29",
            "revenue": 410958
        },
        "2017-06": {
            "month": "2017-06",
            "price": "139.85",
            "revenue": 430653
        },
        "2017-07": {
            "month": "2017-07",
            "price": "143.12",
            "revenue": 412803
        },
        "2017-08": {
            "month": "2017-08",
            "price": "139.89",
            "revenue": 429008
        },
        "2017-09": {
            "month": "2017-09",
            "price": "135.52",
            "revenue": 437022
        },
        "2017-10": {
            "month": "2017-10",
            "price": "133.32",
            "revenue": 381122
        },
        "2017-11": {
            "month": "2017-11",
            "price": "131.55",
            "revenue": 477039
        },
        "2017-12": {
            "month": "2017-12",
            "price": "127.24",
            "revenue": 533598
        },
        "2018-01": {
            "month": "2018-01",
            "price": "133.57",
            "revenue": 563593
        },
        "2018-02": {
            "month": "2018-02",
            "price": "131.42",
            "revenue": 315625
        },
        "2018-03": {
            "month": "2018-03",
            "price": "134.09",
            "revenue": 468523
        },
        "2018-04": {
            "month": "2018-04",
            "price": "132.25",
            "revenue": 406396
        },
        "2018-05": {
            "month": "2018-05",
            "price": "134.27",
            "revenue": 468408
        },
        "2018-06": {
            "month": "2018-06",
            "price": "136.85",
            "revenue": 425628
        },
        "2018-07": {
            "month": "2018-07",
            "price": "134.00",
            "revenue": 385648
        },
        "2018-08": {
            "month": "2018-08",
            "price": "122.50",
            "revenue": 387042
        },
        "2018-09": {
            "month": "2018-09",
            "price": "105.42",
            "revenue": 384967
        },
        "2018-10": {
            "month": "2018-10",
            "price": "101.00",
            "revenue": 382103
        },
        "2018-11": {
            "month": "2018-11",
            "price": "99.37",
            "revenue": 427987
        },
        "2018-12": {
            "month": "2018-12",
            "price": "98.44",
            "revenue": 465272
        },
        "2019-01": {
            "month": "2019-01",
            "price": "99.16",
            "revenue": 522967
        },
        "2019-02": {
            "month": "2019-02",
            "price": "106.23",
            "revenue": 322895
        },
        "2019-03": {
            "month": "2019-03",
            "price": "113.60",
            "revenue": 459431
        },
        "2019-04": {
            "month": "2019-04",
            "price": "112.08",
            "revenue": 444753
        },
        "2019-05": {
            "month": "2019-05",
            "price": "110.00",
            "revenue": 406776
        },
        "2019-06": {
            "month": "2019-06",
            "price": "104.11",
            "revenue": 441763
        },
        "2019-07": {
            "month": "2019-07",
            "price": "104.35",
            "revenue": 483963
        },
        "2019-08": {
            "month": "2019-08",
            "price": "107.19",
            "revenue": 403183
        },
        "2019-09": {
            "month": "2019-09",
            "price": "104.92",
            "revenue": 420693
        },
        "2019-10": {
            "month": "2019-10",
            "price": "101.88",
            "revenue": 400519
        },
        "2019-11": {
            "month": "2019-11",
            "price": "103.14",
            "revenue": 434742
        },
        "2019-12": {
            "month": "2019-12",
            "price": "106.16",
            "revenue": 483911
        },
        "2020-01": {
            "month": "2020-01",
            "price": "107.10",
            "revenue": 416251
        },
        "2020-02": {
            "month": "2020-02",
            "price": "101.22",
            "revenue": 234157
        },
        "2020-03": {
            "month": "2020-03",
            "price": "82.65",
            "revenue": 447587
        },
        "2020-04": {
            "month": "2020-04",
            "price": "78.64",
            "revenue": 410643
        },
        "2020-05": {
            "month": "2020-05",
            "price": "102.00",
            "revenue": 463904
        },
        "2020-06": {
            "month": "2020-06",
            "price": "136.62",
            "revenue": 525082
        },
        "2020-07": {
            "month": "2020-07",
            "price": "164.30",
            "revenue": 573956
        },
        "2020-08": {
            "month": "2020-08",
            "price": "191.50",
            "revenue": 567612
        },
        "2020-09": {
            "month": "2020-09",
            "price": "183.77",
            "revenue": 655684
        },
        "2020-10": {
            "month": "2020-10",
            "price": "201.05",
            "revenue": 545622
        },
        "2020-11": {
            "month": "2020-11",
            "price": "201.38",
            "revenue": 630686
        },
        "2020-12": {
            "month": "2020-12",
            "price": "180.52",
            "revenue": 679472
        },
        "2021-01": {
            "month": "2021-01",
            "price": "196.65",
            "revenue": 642088
        },
        "2021-02": {
            "month": "2021-02",
            "price": "202.35",
            "revenue": 471498
        },
        "2021-03": {
            "month": "2021-03",
            "price": "197.16",
            "revenue": 673219
        },
        "2021-04": {
            "month": "2021-04",
            "price": "231.79",
            "revenue": 629388
        },
        "2021-05": {
            "month": "2021-05",
            "price": "216.71",
            "revenue": 663977
        },
        "2021-06": {
            "month": "2021-06",
            "price": "230.00",
            "revenue": 726894
        },
        "2021-07": {
            "month": "2021-07",
            "price": "243.84",
            "revenue": 658316
        },
        "2021-08": {
            "month": "2021-08",
            "price": "219.45",
            "revenue": 605214
        },
        "2021-09": {
            "month": "2021-09",
            "price": "209.58",
            "revenue": 637037
        },
        "2021-10": {
            "month": "2021-10",
            "price": "200.72",
            "revenue": 722232
        },
        "2021-11": {
            "month": "2021-11",
            "price": "204.32",
            "revenue": 669198
        },
        "2021-12": {
            "month": "2021-12",
            "price": "198.30",
            "revenue": 657019
        },
        "2022-01": {
            "month": "2022-01",
            "price": "196.22",
            "revenue": 711529
        },
        "2022-02": {
            "month": "2022-02",
            "price": "196.30",
            "revenue": 524990
        },
        "2022-03": {
            "month": "2022-03",
            "price": "191.02",
            "revenue": 684722
        },
        "2022-04": {
            "month": "2022-04",
            "price": "172.34",
            "revenue": 547750
        },
        "2022-05": {
            "month": "2022-05",
            "price": "167.62",
            "revenue": 651260
        },
        "2022-06": {
            "month": "2022-06",
            "price": "170.79",
            "revenue": 701511
        },
        "2022-07": {
            "month": "2022-07",
            "price": "158.31",
            "revenue": 640723
        },
        "2022-08": {
            "month": "2022-08",
            "price": "158.20",
            "revenue": 624412
        },
        "2022-09": {
            "month": "2022-09",
            "price": "157.45",
            "revenue": 639249
        },
        "2022-10": {
            "month": "2022-10",
            "price": "141.15",
            "revenue": 537915
        },
        "2022-11": {
            "month": "2022-11",
            "price": "150.11",
            "revenue": 465904
        },
        "2022-12": {
            "month": "2022-12",
            "price": "146.95",
            "revenue": 377577
        },
        "2023-01": {
            "month": "2023-01",
            "price": "144.77",
            "revenue": 388594
        },
        "2023-02": {
            "month": "2023-02",
            "price": "155.03",
            "revenue": 425000
        },
        "2023-03": {
            "month": "2023-03",
            "price": "146.65",
            "revenue": 491992
        },
        "2023-04": {
            "month": "2023-04",
            "price": "144.12",
            "revenue": 400083
        },
        "2023-05": {
            "month": "2023-05",
            "price": "144.73",
            "revenue": 399368
        }
    }
}
