{
    "summary": {
        "stock_name": "系統電",
        "stock_id": "5309",
        "category": "電子零組件",
        "main_business": "汽車電子與工業能源產品",
        "website_url": "http://www.sysgration.com",
        "ceo": "謝東富",
        "pe_ratio": 22,
        "report_year_from": 2001,
        "report_year_to": 2023,
        "age": 22,
        "eps_negative_percentage": 65,
        "eps_growth_avg": {
            "last_all": -20.37,
            "last_2y": 100,
            "last_4y": 100,
            "last_8y": 0,
            "last_12y": -30.56,
            "last_16y": -44.44,
            "last_20y": -20.37,
            "at_2006_last_3y": 0,
            "at_2007_last_3y": 0,
            "at_2008_last_3y": 0,
            "at_2009_last_3y": -100,
            "at_2010_last_3y": -22.22,
            "at_2011_last_3y": -61.11,
            "at_2012_last_3y": -61.11,
            "at_2013_last_3y": -61.11,
            "at_2014_last_3y": -100,
            "at_2015_last_3y": null,
            "at_2016_last_3y": -100,
            "at_2017_last_3y": -100,
            "at_2018_last_3y": -100,
            "at_2019_last_3y": -100,
            "at_2020_last_3y": null,
            "at_2021_last_3y": null,
            "at_2022_last_3y": 100,
            "at_2023_last_3y": 100,
            "at_2006_last_all": 0,
            "at_2007_last_all": 0,
            "at_2008_last_all": 0,
            "at_2009_last_all": 0,
            "at_2010_last_all": -7.41,
            "at_2011_last_all": -30.56,
            "at_2012_last_all": -30.56,
            "at_2013_last_all": -30.56,
            "at_2014_last_all": -30.56,
            "at_2015_last_all": -30.56,
            "at_2016_last_all": -44.44,
            "at_2017_last_all": -44.44,
            "at_2018_last_all": -44.44,
            "at_2019_last_all": -44.44,
            "at_2020_last_all": -44.44,
            "at_2021_last_all": -44.44,
            "at_2022_last_all": -20.37,
            "at_2023_last_all": -20.37
        },
        "latest_eps": 1.88,
        "latest_price": 42.1,
        "latest_roe": 18,
        "latest_gross_margin": 24.53,
        "latest_equity": 2496875,
        "latest_revenue": 886173,
        "latest_gross_profit": 217416,
        "latest_net_income": 76482,
        "latest_debt_ratio": 38.73,
        "latest_current_ratio": 241.82,
        "latest_account_receivable_turnover_ratio": 0.89,
        "latest_inventory_turnover_ratio": 1.49,
        "latest_reinvestment_rate": 42.74,
        "latest_research_to_sale_ratio": 6.39
    },
    "eps_dividends": {
        "1993": {
            "cash": 0.5,
            "stock": 4,
            "eps": 0
        },
        "1994": {
            "cash": 0.5,
            "stock": 2,
            "eps": 0
        },
        "1995": {
            "cash": 0.3,
            "stock": 4.5,
            "eps": 0
        },
        "1996": {
            "cash": 0,
            "stock": 2.5,
            "eps": 0
        },
        "1997": {
            "cash": 0,
            "stock": 0.8,
            "eps": 0
        },
        "1998": {
            "cash": 0,
            "stock": 1.7,
            "eps": 0
        },
        "2001": {
            "cash": 0,
            "stock": 0,
            "eps": -0.1
        },
        "2002": {
            "cash": 0,
            "stock": 0,
            "eps": -1.63
        },
        "2003": {
            "cash": 0,
            "stock": 0,
            "eps": -0.29
        },
        "2004": {
            "cash": 0,
            "stock": 0,
            "eps": 0.2
        },
        "2005": {
            "cash": 0,
            "stock": 0,
            "eps": 0.8
        },
        "2006": {
            "cash": 0,
            "stock": 0.5,
            "eps": -0.75
        },
        "2007": {
            "cash": 0,
            "stock": 0,
            "eps": -0.65
        },
        "2008": {
            "cash": 0,
            "stock": 0,
            "eps": -1.07
        },
        "2009": {
            "cash": 0,
            "stock": 0,
            "eps": 0.27
        },
        "2010": {
            "cash": 0,
            "stock": 0,
            "eps": 0.21
        },
        "2011": {
            "cash": 0,
            "stock": 0,
            "eps": -0.16
        },
        "2012": {
            "cash": 0,
            "stock": 0,
            "eps": -0.02
        },
        "2013": {
            "cash": 0,
            "stock": 0,
            "eps": -1.72
        },
        "2014": {
            "cash": 0,
            "stock": 0,
            "eps": -1.11
        },
        "2015": {
            "cash": 0,
            "stock": 0,
            "eps": 3.06
        },
        "2016": {
            "cash": 0,
            "stock": 0,
            "eps": -1.43
        },
        "2017": {
            "cash": 0,
            "stock": 0,
            "eps": -1.2
        },
        "2018": {
            "cash": 0,
            "stock": 0,
            "eps": -1.15
        },
        "2019": {
            "cash": 0,
            "stock": 0,
            "eps": -1.88
        },
        "2020": {
            "cash": 0,
            "stock": 0,
            "eps": -0.64
        },
        "2021": {
            "cash": 0,
            "stock": 0,
            "eps": 0.61
        },
        "2022": {
            "cash": 0,
            "stock": 0,
            "eps": 2.15
        },
        "2023": {
            "cash": 0,
            "stock": 0,
            "eps": 0.45
        }
    },
    "dividends": {
        "1993-04-24": {
            "cash": 0.5,
            "stock": 4
        },
        "1994-04-24": {
            "cash": 0.5,
            "stock": 2
        },
        "1995-04-09": {
            "cash": 0.3,
            "stock": 4.5
        },
        "1996-04-27": {
            "cash": 0,
            "stock": 2.5
        },
        "1997-07-30": {
            "cash": 0,
            "stock": 0.8
        },
        "1998-05-15": {
            "cash": 0,
            "stock": 1.7
        },
        "2006-03-24": {
            "cash": 0,
            "stock": 0.5
        }
    },
    "prices": {
        "200101": "4.57",
        "200102": "7.07",
        "200103": "8.04",
        "200104": "8.10",
        "200105": "8.89",
        "200106": "13.38",
        "200107": "11.02",
        "200108": "11.39",
        "200109": "9.81",
        "200110": "7.02",
        "200111": "7.91",
        "200112": "9.35",
        "200201": "10.13",
        "200202": "9.74",
        "200203": "10.19",
        "200204": "11.52",
        "200205": "9.37",
        "200206": "8.10",
        "200207": "6.93",
        "200208": "6.01",
        "200209": "5.59",
        "200210": "5.32",
        "200211": "5.56",
        "200212": "6.20",
        "200301": "6.23",
        "200302": "6.35",
        "200303": "5.73",
        "200304": "5.19",
        "200305": "5.17",
        "200306": "6.85",
        "200307": "6.64",
        "200308": "6.41",
        "200309": "6.36",
        "200310": "7.00",
        "200311": "無",
        "200312": "9.31",
        "200401": "9.90",
        "200402": "12.86",
        "200403": "13.97",
        "200404": "16.80",
        "200405": "13.50",
        "200406": "13.34",
        "200407": "11.34",
        "200408": "10.34",
        "200409": "10.80",
        "200410": "12.18",
        "200411": "11.60",
        "200412": "11.02",
        "200501": "10.65",
        "200502": "10.79",
        "200503": "11.51",
        "200504": "10.76",
        "200505": "10.13",
        "200506": "10.13",
        "200507": "11.25",
        "200508": "10.62",
        "200509": "12.54",
        "200510": "12.94",
        "200511": "13.77",
        "200512": "17.50",
        "200601": "20.72",
        "200602": "19.71",
        "200603": "18.23",
        "200604": "19.94",
        "200605": "19.45",
        "200606": "17.61",
        "200607": "16.83",
        "200608": "16.61",
        "200609": "14.27",
        "200610": "14.07",
        "200611": "14.57",
        "200612": "14.71",
        "200701": "14.28",
        "200702": "13.01",
        "200703": "12.73",
        "200704": "13.10",
        "200705": "11.09",
        "200706": "11.16",
        "200707": "13.91",
        "200708": "13.80",
        "200709": "12.81",
        "200710": "11.59",
        "200711": "9.24",
        "200712": "7.64",
        "200801": "6.50",
        "200802": "6.70",
        "200803": "7.19",
        "200804": "7.01",
        "200805": "7.03",
        "200806": "6.24",
        "200807": "5.10",
        "200808": "5.32",
        "200809": "4.52",
        "200810": "4.89",
        "200811": "5.71",
        "200812": "6.53",
        "200901": "5.12",
        "200902": "4.88",
        "200903": "5.86",
        "200904": "7.32",
        "200905": "8.20",
        "200906": "8.58",
        "200907": "9.56",
        "200908": "10.04",
        "200909": "11.63",
        "200910": "11.98",
        "200911": "12.37",
        "200912": "13.15",
        "201001": "12.91",
        "201002": "10.95",
        "201003": "12.11",
        "201004": "12.64",
        "201005": "11.97",
        "201006": "12.46",
        "201007": "15.29",
        "201008": "18.40",
        "201009": "16.89",
        "201010": "15.10",
        "201011": "13.08",
        "201012": "13.45",
        "201101": "13.78",
        "201102": "13.31",
        "201103": "13.60",
        "201104": "13.48",
        "201105": "12.21",
        "201106": "11.20",
        "201107": "10.11",
        "201108": "8.01",
        "201109": "7.99",
        "201110": "7.86",
        "201111": "6.49",
        "201112": "6.97",
        "201201": "7.70",
        "201202": "8.62",
        "201203": "9.19",
        "201204": "7.94",
        "201205": "6.86",
        "201206": "6.16",
        "201207": "6.02",
        "201208": "5.88",
        "201209": "7.59",
        "201210": "7.55",
        "201211": "6.76",
        "201212": "7.14",
        "201301": "9.18",
        "201302": "9.37",
        "201303": "8.67",
        "201304": "8.04",
        "201305": "8.59",
        "201306": "8.53",
        "201307": "9.46",
        "201308": "9.16",
        "201309": "10.92",
        "201310": "12.90",
        "201311": "11.37",
        "201312": "11.33",
        "201401": "12.10",
        "201402": "12.84",
        "201403": "13.43",
        "201404": "13.73",
        "201405": "12.99",
        "201406": "14.58",
        "201407": "14.64",
        "201408": "14.76",
        "201409": "15.50",
        "201410": "16.11",
        "201411": "13.92",
        "201412": "13.59",
        "201501": "15.33",
        "201502": "14.93",
        "201503": "15.90",
        "201504": "17.07",
        "201505": "16.03",
        "201506": "15.48",
        "201507": "13.81",
        "201508": "14.25",
        "201509": "15.01",
        "201510": "15.73",
        "201511": "17.66",
        "201512": "18.75",
        "201601": "16.48",
        "201602": "16.68",
        "201603": "18.79",
        "201604": "17.54",
        "201605": "15.19",
        "201606": "14.77",
        "201607": "14.98",
        "201608": "14.23",
        "201609": "13.76",
        "201610": "12.40",
        "201611": "10.33",
        "201612": "10.07",
        "201701": "10.84",
        "201702": "10.87",
        "201703": "10.31",
        "201704": "9.29",
        "201705": "9.44",
        "201706": "9.95",
        "201707": "9.35",
        "201708": "9.08",
        "201709": "9.39",
        "201710": "9.43",
        "201711": "9.02",
        "201712": "8.74",
        "201801": "8.19",
        "201802": "7.37",
        "201803": "7.54",
        "201804": "6.33",
        "201805": "7.02",
        "201806": "9.33",
        "201807": "8.86",
        "201808": "8.11",
        "201809": "7.07",
        "201810": "7.83",
        "201811": "6.87",
        "201812": "6.68",
        "201901": "6.40",
        "201902": "6.55",
        "201903": "7.33",
        "201904": "6.89",
        "201905": "6.59",
        "201906": "6.38",
        "201907": "6.77",
        "201908": "6.52",
        "201909": "6.55",
        "201910": "6.41",
        "201911": "6.46",
        "201912": "11.71",
        "202001": "17.20",
        "202002": "18.44",
        "202003": "12.98",
        "202004": "17.74",
        "202005": "25.39",
        "202006": "24.24",
        "202007": "36.40",
        "202008": "36.67",
        "202009": "35.96",
        "202010": "36.95",
        "202011": "46.66",
        "202012": "44.40",
        "202101": "37.88",
        "202102": "41.45",
        "202103": "39.92",
        "202104": "39.53",
        "202105": "29.85",
        "202106": "30.60",
        "202107": "35.78",
        "202108": "32.56",
        "202109": "31.55",
        "202110": "33.04",
        "202111": "40.98",
        "202112": "42.18",
        "202201": "37.81",
        "202202": "40.71",
        "202203": "39.42",
        "202204": "41.53",
        "202205": "39.73",
        "202206": "45.12",
        "202207": "37.71",
        "202208": "40.49",
        "202209": "40.25",
        "202210": "37.54",
        "202211": "40.22",
        "202212": "41.19",
        "202301": "39.94",
        "202302": "43.03",
        "202303": "42.61",
        "202304": "44.44",
        "202305": "42.88"
    },
    "quarters": {
        "20011": {
            "year_quarter": 20011,
            "year": 2001,
            "quarter": 1,
            "eps": 0.15,
            "eps_growth_year": -50,
            "eps_4q": -0.69,
            "eps_4q_growth_year": null,
            "roe": 1.47,
            "roe_4q": 1.47,
            "gross_profit": 30447,
            "gross_margin": 18.3,
            "gross_margin_4q_avg": 18.3,
            "net_income": 17096,
            "revenue": 166378,
            "common_shares": 1125539,
            "book_valuer_per_share": 10.49,
            "book_valuer_per_share_4q_avg": 10.49,
            "equity": 1181086,
            "current_ratio": 164.16,
            "debt_ratio": 25.54,
            "inventory_turnover_ratio": 1.11,
            "account_receivable_turnover_ratio": null,
            "reinvestment_rate": null,
            "research_to_sale_ratio": null,
            "price_fair": 0,
            "eps_avg_yearly": 0,
            "eps_latest_yearly": 0,
            "eps_growth_yearly": 0
        },
        "20012": {
            "year_quarter": 20012,
            "year": 2001,
            "quarter": 2,
            "eps": 0.26,
            "eps_growth_year": null,
            "eps_4q": 0.02,
            "eps_4q_growth_year": null,
            "roe": 2.45,
            "roe_4q": 3.92,
            "gross_profit": 71047,
            "gross_margin": 24.15,
            "gross_margin_4q_avg": 21.23,
            "net_income": 29396,
            "revenue": 294194,
            "common_shares": 1125539,
            "book_valuer_per_share": 10.85,
            "book_valuer_per_share_4q_avg": 10.67,
            "equity": 1220902,
            "current_ratio": 182.08,
            "debt_ratio": 26.68,
            "inventory_turnover_ratio": 2.71,
            "account_receivable_turnover_ratio": null,
            "reinvestment_rate": null,
            "research_to_sale_ratio": null,
            "price_fair": 0,
            "eps_avg_yearly": 0,
            "eps_latest_yearly": 0,
            "eps_growth_yearly": 0
        },
        "20013": {
            "year_quarter": 20013,
            "year": 2001,
            "quarter": 3,
            "eps": -0.01,
            "eps_growth_year": null,
            "eps_4q": 0.49,
            "eps_4q_growth_year": null,
            "roe": -0.13,
            "roe_4q": 3.79,
            "gross_profit": 82493,
            "gross_margin": 23.86,
            "gross_margin_4q_avg": 22.1,
            "net_income": -1600,
            "revenue": 345784,
            "common_shares": 1125539,
            "book_valuer_per_share": 10.85,
            "book_valuer_per_share_4q_avg": 10.73,
            "equity": 1220813,
            "current_ratio": 190.95,
            "debt_ratio": 26.33,
            "inventory_turnover_ratio": 2.89,
            "account_receivable_turnover_ratio": null,
            "reinvestment_rate": null,
            "research_to_sale_ratio": null,
            "price_fair": 0,
            "eps_avg_yearly": 0,
            "eps_latest_yearly": 0,
            "eps_growth_yearly": 0
        },
        "20014": {
            "year_quarter": 20014,
            "year": 2001,
            "quarter": 4,
            "eps": -0.5,
            "eps_growth_year": -655.56,
            "eps_4q": -0.1,
            "eps_4q_growth_year": null,
            "roe": -4.85,
            "roe_4q": -1.0599999999999994,
            "gross_profit": -1888,
            "gross_margin": -1.37,
            "gross_margin_4q_avg": 16.24,
            "net_income": -56535,
            "revenue": 137740,
            "common_shares": 1125539,
            "book_valuer_per_share": 9.87,
            "book_valuer_per_share_4q_avg": 10.52,
            "equity": 1110995,
            "current_ratio": 109.05,
            "debt_ratio": 36.04,
            "inventory_turnover_ratio": 0.91,
            "account_receivable_turnover_ratio": null,
            "reinvestment_rate": null,
            "research_to_sale_ratio": null,
            "price_fair": 0,
            "eps_avg_yearly": 0,
            "eps_latest_yearly": 0,
            "eps_growth_yearly": 0
        },
        "20021": {
            "year_quarter": 20021,
            "year": 2002,
            "quarter": 1,
            "eps": -0.37,
            "eps_growth_year": -346.67,
            "eps_4q": -0.64,
            "eps_4q_growth_year": null,
            "roe": -3.6,
            "roe_4q": -6.13,
            "gross_profit": 31793,
            "gross_margin": 16.61,
            "gross_margin_4q_avg": 15.81,
            "net_income": -39341,
            "revenue": 191353,
            "common_shares": 1125539,
            "book_valuer_per_share": 9.52,
            "book_valuer_per_share_4q_avg": 10.27,
            "equity": 1071750,
            "current_ratio": 207.47,
            "debt_ratio": 26.17,
            "inventory_turnover_ratio": 1.04,
            "account_receivable_turnover_ratio": null,
            "reinvestment_rate": null,
            "research_to_sale_ratio": null,
            "price_fair": 0,
            "eps_avg_yearly": 0,
            "eps_latest_yearly": 0,
            "eps_growth_yearly": 0
        },
        "20022": {
            "year_quarter": 20022,
            "year": 2002,
            "quarter": 2,
            "eps": -0.21,
            "eps_growth_year": -180.77,
            "eps_4q": -1.06,
            "eps_4q_growth_year": -6570.02,
            "roe": -2.11,
            "roe_4q": -10.69,
            "gross_profit": 29626,
            "gross_margin": 14.9,
            "gross_margin_4q_avg": 13.5,
            "net_income": -22259,
            "revenue": 198862,
            "common_shares": 1125539,
            "book_valuer_per_share": 9.25,
            "book_valuer_per_share_4q_avg": 9.87,
            "equity": 1041278,
            "current_ratio": 231.09,
            "debt_ratio": 23.02,
            "inventory_turnover_ratio": 1.89,
            "account_receivable_turnover_ratio": null,
            "reinvestment_rate": null,
            "research_to_sale_ratio": null,
            "price_fair": 0,
            "eps_avg_yearly": 0,
            "eps_latest_yearly": 0,
            "eps_growth_yearly": 0
        },
        "20023": {
            "year_quarter": 20023,
            "year": 2002,
            "quarter": 3,
            "eps": -0.38,
            "eps_growth_year": null,
            "eps_4q": -1.41,
            "eps_4q_growth_year": -387.27,
            "roe": -4,
            "roe_4q": -14.559999999999999,
            "gross_profit": 13578,
            "gross_margin": 8.56,
            "gross_margin_4q_avg": 9.68,
            "net_income": -40995,
            "revenue": 158702,
            "common_shares": 1125539,
            "book_valuer_per_share": 8.96,
            "book_valuer_per_share_4q_avg": 9.4,
            "equity": 1008349,
            "current_ratio": 364.79,
            "debt_ratio": 16.8,
            "inventory_turnover_ratio": 1.61,
            "account_receivable_turnover_ratio": null,
            "reinvestment_rate": null,
            "research_to_sale_ratio": null,
            "price_fair": 0,
            "eps_avg_yearly": 0,
            "eps_latest_yearly": 0,
            "eps_growth_yearly": 0
        },
        "20024": {
            "year_quarter": 20024,
            "year": 2002,
            "quarter": 4,
            "eps": -0.67,
            "eps_growth_year": null,
            "eps_4q": -1.62,
            "eps_4q_growth_year": null,
            "roe": -7.1,
            "roe_4q": -16.81,
            "gross_profit": 15541,
            "gross_margin": 5.41,
            "gross_margin_4q_avg": 11.37,
            "net_income": -71738,
            "revenue": 287032,
            "common_shares": 1125539,
            "book_valuer_per_share": 8.65,
            "book_valuer_per_share_4q_avg": 9.1,
            "equity": 1012345,
            "current_ratio": 115.5,
            "debt_ratio": 34.06,
            "inventory_turnover_ratio": 2.21,
            "account_receivable_turnover_ratio": null,
            "reinvestment_rate": null,
            "research_to_sale_ratio": null,
            "price_fair": 0,
            "eps_avg_yearly": 0,
            "eps_latest_yearly": 0,
            "eps_growth_yearly": 0
        },
        "20031": {
            "year_quarter": 20031,
            "year": 2003,
            "quarter": 1,
            "eps": -0.05,
            "eps_growth_year": null,
            "eps_4q": -1.2,
            "eps_4q_growth_year": null,
            "roe": -0.59,
            "roe_4q": -13.799999999999999,
            "gross_profit": 18317,
            "gross_margin": 9.37,
            "gross_margin_4q_avg": 9.56,
            "net_income": -5844,
            "revenue": 195476,
            "common_shares": 1125539,
            "book_valuer_per_share": 8.6,
            "book_valuer_per_share_4q_avg": 8.87,
            "equity": 967543,
            "current_ratio": 233.27,
            "debt_ratio": 17.99,
            "inventory_turnover_ratio": 2,
            "account_receivable_turnover_ratio": null,
            "reinvestment_rate": null,
            "research_to_sale_ratio": null,
            "price_fair": 0,
            "eps_avg_yearly": 0,
            "eps_latest_yearly": 0,
            "eps_growth_yearly": 0
        },
        "20032": {
            "year_quarter": 20032,
            "year": 2003,
            "quarter": 2,
            "eps": -0.14,
            "eps_growth_year": null,
            "eps_4q": -1.2,
            "eps_4q_growth_year": null,
            "roe": -1.69,
            "roe_4q": -13.379999999999999,
            "gross_profit": 18114,
            "gross_margin": 8.79,
            "gross_margin_4q_avg": 8.03,
            "net_income": -16162,
            "revenue": 206185,
            "common_shares": 1125539,
            "book_valuer_per_share": 8.44,
            "book_valuer_per_share_4q_avg": 8.66,
            "equity": 950457,
            "current_ratio": 261.49,
            "debt_ratio": 15.73,
            "inventory_turnover_ratio": 8.55,
            "account_receivable_turnover_ratio": null,
            "reinvestment_rate": null,
            "research_to_sale_ratio": null,
            "price_fair": 0,
            "eps_avg_yearly": 0,
            "eps_latest_yearly": 0,
            "eps_growth_yearly": 0
        },
        "20033": {
            "year_quarter": 20033,
            "year": 2003,
            "quarter": 3,
            "eps": -0.09,
            "eps_growth_year": null,
            "eps_4q": -1.13,
            "eps_4q_growth_year": null,
            "roe": -0.84,
            "roe_4q": -10.219999999999999,
            "gross_profit": 22424,
            "gross_margin": 10.55,
            "gross_margin_4q_avg": 8.53,
            "net_income": -7884,
            "revenue": 212581,
            "common_shares": 900539,
            "book_valuer_per_share": 10.4,
            "book_valuer_per_share_4q_avg": 9.02,
            "equity": 936254,
            "current_ratio": 314.96,
            "debt_ratio": 14.46,
            "inventory_turnover_ratio": 8.35,
            "account_receivable_turnover_ratio": null,
            "reinvestment_rate": null,
            "research_to_sale_ratio": null,
            "price_fair": 0,
            "eps_avg_yearly": 0,
            "eps_latest_yearly": 0,
            "eps_growth_yearly": 0
        },
        "20034": {
            "year_quarter": 20034,
            "year": 2003,
            "quarter": 4,
            "eps": -0.01,
            "eps_growth_year": null,
            "eps_4q": -0.45,
            "eps_4q_growth_year": null,
            "roe": -0.05,
            "roe_4q": -3.17,
            "gross_profit": 32420,
            "gross_margin": 10.49,
            "gross_margin_4q_avg": 9.8,
            "net_income": -468,
            "revenue": 308938,
            "common_shares": 1000539,
            "book_valuer_per_share": 10.17,
            "book_valuer_per_share_4q_avg": 9.4,
            "equity": 1077222,
            "current_ratio": 123.8,
            "debt_ratio": 40.35,
            "inventory_turnover_ratio": 2.62,
            "account_receivable_turnover_ratio": null,
            "reinvestment_rate": null,
            "research_to_sale_ratio": null,
            "price_fair": 0,
            "eps_avg_yearly": 0,
            "eps_latest_yearly": 0,
            "eps_growth_yearly": 0
        },
        "20041": {
            "year_quarter": 20041,
            "year": 2004,
            "quarter": 1,
            "eps": -0.26,
            "eps_growth_year": null,
            "eps_4q": -0.5,
            "eps_4q_growth_year": null,
            "roe": -2.53,
            "roe_4q": -5.109999999999999,
            "gross_profit": 32400,
            "gross_margin": 14.84,
            "gross_margin_4q_avg": 11.17,
            "net_income": -26098,
            "revenue": 218376,
            "common_shares": 1000539,
            "book_valuer_per_share": 9.84,
            "book_valuer_per_share_4q_avg": 9.71,
            "equity": 984327,
            "current_ratio": 209.37,
            "debt_ratio": 25.41,
            "inventory_turnover_ratio": 1.55,
            "account_receivable_turnover_ratio": null,
            "reinvestment_rate": null,
            "research_to_sale_ratio": null,
            "price_fair": 0,
            "eps_avg_yearly": 0,
            "eps_latest_yearly": 0,
            "eps_growth_yearly": 0
        },
        "20042": {
            "year_quarter": 20042,
            "year": 2004,
            "quarter": 2,
            "eps": -0.16,
            "eps_growth_year": null,
            "eps_4q": -0.51,
            "eps_4q_growth_year": null,
            "roe": -1.66,
            "roe_4q": -5.079999999999999,
            "gross_profit": 49089,
            "gross_margin": 14.77,
            "gross_margin_4q_avg": 12.66,
            "net_income": -16228,
            "revenue": 332246,
            "common_shares": 1000539,
            "book_valuer_per_share": 9.72,
            "book_valuer_per_share_4q_avg": 10.03,
            "equity": 972433,
            "current_ratio": 201.23,
            "debt_ratio": 27.01,
            "inventory_turnover_ratio": 4.24,
            "account_receivable_turnover_ratio": null,
            "reinvestment_rate": null,
            "research_to_sale_ratio": null,
            "price_fair": 0,
            "eps_avg_yearly": 0,
            "eps_latest_yearly": 0,
            "eps_growth_yearly": 0
        },
        "20043": {
            "year_quarter": 20043,
            "year": 2004,
            "quarter": 3,
            "eps": 0.19,
            "eps_growth_year": null,
            "eps_4q": -0.24,
            "eps_4q_growth_year": null,
            "roe": 1.91,
            "roe_4q": -2.3299999999999996,
            "gross_profit": 57160,
            "gross_margin": 15.88,
            "gross_margin_4q_avg": 14,
            "net_income": 18768,
            "revenue": 360034,
            "common_shares": 1000539,
            "book_valuer_per_share": 9.92,
            "book_valuer_per_share_4q_avg": 9.91,
            "equity": 993006,
            "current_ratio": 215.41,
            "debt_ratio": 25.07,
            "inventory_turnover_ratio": 3.57,
            "account_receivable_turnover_ratio": null,
            "reinvestment_rate": null,
            "research_to_sale_ratio": null,
            "price_fair": 0,
            "eps_avg_yearly": 0,
            "eps_latest_yearly": 0,
            "eps_growth_yearly": 0
        },
        "20044": {
            "year_quarter": 20044,
            "year": 2004,
            "quarter": 4,
            "eps": 0.43,
            "eps_growth_year": null,
            "eps_4q": 0.19,
            "eps_4q_growth_year": null,
            "roe": 4.13,
            "roe_4q": 1.85,
            "gross_profit": 78452,
            "gross_margin": 16.29,
            "gross_margin_4q_avg": 15.45,
            "net_income": 42749,
            "revenue": 481508,
            "common_shares": 1000539,
            "book_valuer_per_share": 10.16,
            "book_valuer_per_share_4q_avg": 9.91,
            "equity": 1076327,
            "current_ratio": 124.43,
            "debt_ratio": 43.95,
            "inventory_turnover_ratio": 2.57,
            "account_receivable_turnover_ratio": null,
            "reinvestment_rate": null,
            "research_to_sale_ratio": null,
            "price_fair": 60.2,
            "eps_avg_yearly": 1.72,
            "eps_latest_yearly": 1.72,
            "eps_growth_yearly": 505.26
        },
        "20051": {
            "year_quarter": 20051,
            "year": 2005,
            "quarter": 1,
            "eps": -0.13,
            "eps_growth_year": null,
            "eps_4q": 0.31,
            "eps_4q_growth_year": null,
            "roe": -1.3,
            "roe_4q": 3.08,
            "gross_profit": 51182,
            "gross_margin": 19.37,
            "gross_margin_4q_avg": 16.58,
            "net_income": -13459,
            "revenue": 264256,
            "common_shares": 1000539,
            "book_valuer_per_share": 10.01,
            "book_valuer_per_share_4q_avg": 9.95,
            "equity": 1001121,
            "current_ratio": 207.51,
            "debt_ratio": 24.85,
            "inventory_turnover_ratio": 1.28,
            "account_receivable_turnover_ratio": null,
            "reinvestment_rate": null,
            "research_to_sale_ratio": null,
            "price_fair": 60.2,
            "eps_avg_yearly": 1.72,
            "eps_latest_yearly": 1.72,
            "eps_growth_yearly": 505.26
        },
        "20052": {
            "year_quarter": 20052,
            "year": 2005,
            "quarter": 2,
            "eps": -0.21,
            "eps_growth_year": null,
            "eps_4q": 0.27,
            "eps_4q_growth_year": null,
            "roe": -2.15,
            "roe_4q": 2.59,
            "gross_profit": 63728,
            "gross_margin": 15.65,
            "gross_margin_4q_avg": 16.8,
            "net_income": -21285,
            "revenue": 407086,
            "common_shares": 1000539,
            "book_valuer_per_share": 9.8,
            "book_valuer_per_share_4q_avg": 9.97,
            "equity": 980134,
            "current_ratio": 202.99,
            "debt_ratio": 25.83,
            "inventory_turnover_ratio": 2.83,
            "account_receivable_turnover_ratio": null,
            "reinvestment_rate": null,
            "research_to_sale_ratio": null,
            "price_fair": 60.2,
            "eps_avg_yearly": 1.72,
            "eps_latest_yearly": 1.72,
            "eps_growth_yearly": 505.26
        },
        "20053": {
            "year_quarter": 20053,
            "year": 2005,
            "quarter": 3,
            "eps": 0.58,
            "eps_growth_year": 205.26,
            "eps_4q": 0.66,
            "eps_4q_growth_year": null,
            "roe": 5.21,
            "roe_4q": 5.89,
            "gross_profit": 100163,
            "gross_margin": 23.25,
            "gross_margin_4q_avg": 18.64,
            "net_income": 58173,
            "revenue": 430899,
            "common_shares": 1200539,
            "book_valuer_per_share": 10.43,
            "book_valuer_per_share_4q_avg": 10.1,
            "equity": 1252350,
            "current_ratio": 218.6,
            "debt_ratio": 29.74,
            "inventory_turnover_ratio": 2.15,
            "account_receivable_turnover_ratio": null,
            "reinvestment_rate": null,
            "research_to_sale_ratio": null,
            "price_fair": 60.2,
            "eps_avg_yearly": 1.72,
            "eps_latest_yearly": 1.72,
            "eps_growth_yearly": 505.26
        },
        "20054": {
            "year_quarter": 20054,
            "year": 2005,
            "quarter": 4,
            "eps": 0.56,
            "eps_growth_year": 30.23,
            "eps_4q": 0.78,
            "eps_4q_growth_year": 306.13,
            "roe": 4.52,
            "roe_4q": 6.28,
            "gross_profit": 115700,
            "gross_margin": 21.25,
            "gross_margin_4q_avg": 19.88,
            "net_income": 58576,
            "revenue": 544373,
            "common_shares": 1200539,
            "book_valuer_per_share": 10.95,
            "book_valuer_per_share_4q_avg": 10.3,
            "equity": 1338730,
            "current_ratio": 168.16,
            "debt_ratio": 37.52,
            "inventory_turnover_ratio": 1.84,
            "account_receivable_turnover_ratio": null,
            "reinvestment_rate": null,
            "research_to_sale_ratio": null,
            "price_fair": 69.3,
            "eps_avg_yearly": 1.98,
            "eps_latest_yearly": 2.24,
            "eps_growth_yearly": 245.74
        },
        "20061": {
            "year_quarter": 20061,
            "year": 2006,
            "quarter": 1,
            "eps": 0.09,
            "eps_growth_year": null,
            "eps_4q": 0.85,
            "eps_4q_growth_year": 175.64,
            "roe": 0.85,
            "roe_4q": 8.429999999999998,
            "gross_profit": 93981,
            "gross_margin": 20.6,
            "gross_margin_4q_avg": 20.19,
            "net_income": 11343,
            "revenue": 456165,
            "common_shares": 1200539,
            "book_valuer_per_share": 11.06,
            "book_valuer_per_share_4q_avg": 10.56,
            "equity": 1327464,
            "current_ratio": 343.8,
            "debt_ratio": 19.09,
            "inventory_turnover_ratio": 1.71,
            "account_receivable_turnover_ratio": null,
            "reinvestment_rate": null,
            "research_to_sale_ratio": null,
            "price_fair": 50.4,
            "eps_avg_yearly": 1.44,
            "eps_latest_yearly": 0.36,
            "eps_growth_yearly": 51.92
        },
        "20062": {
            "year_quarter": 20062,
            "year": 2006,
            "quarter": 2,
            "eps": -0.03,
            "eps_growth_year": null,
            "eps_4q": 1.02,
            "eps_4q_growth_year": 280.5,
            "roe": -0.31,
            "roe_4q": 10.27,
            "gross_profit": 76568,
            "gross_margin": 18.8,
            "gross_margin_4q_avg": 20.98,
            "net_income": -4087,
            "revenue": 407347,
            "common_shares": 1217929,
            "book_valuer_per_share": 10.83,
            "book_valuer_per_share_4q_avg": 10.82,
            "equity": 1319562,
            "current_ratio": 338.11,
            "debt_ratio": 20.75,
            "inventory_turnover_ratio": 2.83,
            "account_receivable_turnover_ratio": null,
            "reinvestment_rate": null,
            "research_to_sale_ratio": null,
            "price_fair": 50.4,
            "eps_avg_yearly": 1.44,
            "eps_latest_yearly": 0.36,
            "eps_growth_yearly": 51.92
        },
        "20063": {
            "year_quarter": 20063,
            "year": 2006,
            "quarter": 3,
            "eps": -0.25,
            "eps_growth_year": -143.1,
            "eps_4q": 0.26,
            "eps_4q_growth_year": -60.83,
            "roe": -2.49,
            "roe_4q": 2.5699999999999994,
            "gross_profit": 48842,
            "gross_margin": 11.48,
            "gross_margin_4q_avg": 18.03,
            "net_income": -32549,
            "revenue": 425624,
            "common_shares": 1287785,
            "book_valuer_per_share": 10.09,
            "book_valuer_per_share_4q_avg": 10.73,
            "equity": 1299873,
            "current_ratio": 344.7,
            "debt_ratio": 21.02,
            "inventory_turnover_ratio": 3.59,
            "account_receivable_turnover_ratio": null,
            "reinvestment_rate": null,
            "research_to_sale_ratio": null,
            "price_fair": 50.4,
            "eps_avg_yearly": 1.44,
            "eps_latest_yearly": 0.36,
            "eps_growth_yearly": 51.92
        },
        "20064": {
            "year_quarter": 20064,
            "year": 2006,
            "quarter": 4,
            "eps": -0.56,
            "eps_growth_year": -200,
            "eps_4q": -0.71,
            "eps_4q_growth_year": -190.28,
            "roe": -5.59,
            "roe_4q": -7.540000000000001,
            "gross_profit": 45261,
            "gross_margin": 10.87,
            "gross_margin_4q_avg": 15.44,
            "net_income": -72100,
            "revenue": 416572,
            "common_shares": 1292597,
            "book_valuer_per_share": 9.51,
            "book_valuer_per_share_4q_avg": 10.37,
            "equity": 1278561,
            "current_ratio": 182.85,
            "debt_ratio": 36.59,
            "inventory_turnover_ratio": 1.89,
            "account_receivable_turnover_ratio": null,
            "reinvestment_rate": null,
            "research_to_sale_ratio": null,
            "price_fair": 50.4,
            "eps_avg_yearly": 1.44,
            "eps_latest_yearly": 0.36,
            "eps_growth_yearly": 51.92
        },
        "20071": {
            "year_quarter": 20071,
            "year": 2007,
            "quarter": 1,
            "eps": -0.13,
            "eps_growth_year": -244.44,
            "eps_4q": -0.99,
            "eps_4q_growth_year": -216.64,
            "roe": -1.32,
            "roe_4q": -9.71,
            "gross_profit": 39466,
            "gross_margin": 10.78,
            "gross_margin_4q_avg": 12.98,
            "net_income": -16466,
            "revenue": 366032,
            "common_shares": 1294166,
            "book_valuer_per_share": 9.46,
            "book_valuer_per_share_4q_avg": 9.97,
            "equity": 1224563,
            "current_ratio": 315.11,
            "debt_ratio": 20.64,
            "inventory_turnover_ratio": 1.69,
            "account_receivable_turnover_ratio": null,
            "reinvestment_rate": null,
            "research_to_sale_ratio": null,
            "price_fair": 50.4,
            "eps_avg_yearly": 1.44,
            "eps_latest_yearly": 0.36,
            "eps_growth_yearly": 51.92
        },
        "20072": {
            "year_quarter": 20072,
            "year": 2007,
            "quarter": 2,
            "eps": -0.16,
            "eps_growth_year": null,
            "eps_4q": -1.1,
            "eps_4q_growth_year": -207.58,
            "roe": -1.76,
            "roe_4q": -11.16,
            "gross_profit": 46177,
            "gross_margin": 12.81,
            "gross_margin_4q_avg": 11.49,
            "net_income": -21351,
            "revenue": 360561,
            "common_shares": 1300654,
            "book_valuer_per_share": 9.29,
            "book_valuer_per_share_4q_avg": 9.59,
            "equity": 1208492,
            "current_ratio": 271.75,
            "debt_ratio": 23.38,
            "inventory_turnover_ratio": 2.88,
            "account_receivable_turnover_ratio": null,
            "reinvestment_rate": null,
            "research_to_sale_ratio": null,
            "price_fair": 50.4,
            "eps_avg_yearly": 1.44,
            "eps_latest_yearly": 0.36,
            "eps_growth_yearly": 51.92
        },
        "20073": {
            "year_quarter": 20073,
            "year": 2007,
            "quarter": 3,
            "eps": -0.07,
            "eps_growth_year": null,
            "eps_4q": -0.92,
            "eps_4q_growth_year": -454.56,
            "roe": -0.8,
            "roe_4q": -9.469999999999999,
            "gross_profit": 30342,
            "gross_margin": 8.56,
            "gross_margin_4q_avg": 10.76,
            "net_income": -9666,
            "revenue": 354295,
            "common_shares": 1304954,
            "book_valuer_per_share": 9.21,
            "book_valuer_per_share_4q_avg": 9.37,
            "equity": 1201295,
            "current_ratio": 277.25,
            "debt_ratio": 22.73,
            "inventory_turnover_ratio": 3.02,
            "account_receivable_turnover_ratio": null,
            "reinvestment_rate": null,
            "research_to_sale_ratio": null,
            "price_fair": 50.4,
            "eps_avg_yearly": 1.44,
            "eps_latest_yearly": 0.36,
            "eps_growth_yearly": 51.92
        },
        "20074": {
            "year_quarter": 20074,
            "year": 2007,
            "quarter": 4,
            "eps": -0.29,
            "eps_growth_year": null,
            "eps_4q": -0.68,
            "eps_4q_growth_year": null,
            "roe": -3.13,
            "roe_4q": -7.01,
            "gross_profit": 35951,
            "gross_margin": 7.95,
            "gross_margin_4q_avg": 10.03,
            "net_income": -37983,
            "revenue": 451982,
            "common_shares": 1305267,
            "book_valuer_per_share": 8.95,
            "book_valuer_per_share_4q_avg": 9.23,
            "equity": 1222304,
            "current_ratio": 172.37,
            "debt_ratio": 35.81,
            "inventory_turnover_ratio": 2.58,
            "account_receivable_turnover_ratio": null,
            "reinvestment_rate": null,
            "research_to_sale_ratio": null,
            "price_fair": 50.4,
            "eps_avg_yearly": 1.44,
            "eps_latest_yearly": 0.36,
            "eps_growth_yearly": 51.92
        },
        "20081": {
            "year_quarter": 20081,
            "year": 2008,
            "quarter": 1,
            "eps": -0.5,
            "eps_growth_year": null,
            "eps_4q": -1.01,
            "eps_4q_growth_year": null,
            "roe": -5.63,
            "roe_4q": -11.32,
            "gross_profit": 41534,
            "gross_margin": 12.65,
            "gross_margin_4q_avg": 10.49,
            "net_income": -66714,
            "revenue": 328206,
            "common_shares": 1305372,
            "book_valuer_per_share": 8.41,
            "book_valuer_per_share_4q_avg": 8.97,
            "equity": 1149388,
            "current_ratio": 169.52,
            "debt_ratio": 33.69,
            "inventory_turnover_ratio": 1.27,
            "account_receivable_turnover_ratio": null,
            "reinvestment_rate": null,
            "research_to_sale_ratio": null,
            "price_fair": 50.4,
            "eps_avg_yearly": 1.44,
            "eps_latest_yearly": 0.36,
            "eps_growth_yearly": 51.92
        },
        "20082": {
            "year_quarter": 20082,
            "year": 2008,
            "quarter": 2,
            "eps": -0.26,
            "eps_growth_year": null,
            "eps_4q": -1.13,
            "eps_4q_growth_year": null,
            "roe": -3.37,
            "roe_4q": -12.93,
            "gross_profit": 26173,
            "gross_margin": 7.95,
            "gross_margin_4q_avg": 9.28,
            "net_income": -38201,
            "revenue": 329267,
            "common_shares": 1305372,
            "book_valuer_per_share": 8.18,
            "book_valuer_per_share_4q_avg": 8.69,
            "equity": 1116210,
            "current_ratio": 152.52,
            "debt_ratio": 35.53,
            "inventory_turnover_ratio": 1.28,
            "account_receivable_turnover_ratio": null,
            "reinvestment_rate": null,
            "research_to_sale_ratio": null,
            "price_fair": 50.4,
            "eps_avg_yearly": 1.44,
            "eps_latest_yearly": 0.36,
            "eps_growth_yearly": 51.92
        },
        "20083": {
            "year_quarter": 20083,
            "year": 2008,
            "quarter": 3,
            "eps": -0.03,
            "eps_growth_year": null,
            "eps_4q": -1.09,
            "eps_4q_growth_year": null,
            "roe": -0.6,
            "roe_4q": -12.73,
            "gross_profit": 43852,
            "gross_margin": 10.79,
            "gross_margin_4q_avg": 9.84,
            "net_income": -6632,
            "revenue": 406422,
            "common_shares": 1305372,
            "book_valuer_per_share": 8.13,
            "book_valuer_per_share_4q_avg": 8.42,
            "equity": 1108566,
            "current_ratio": 146.75,
            "debt_ratio": 39.64,
            "inventory_turnover_ratio": 1.36,
            "account_receivable_turnover_ratio": null,
            "reinvestment_rate": null,
            "research_to_sale_ratio": null,
            "price_fair": 50.4,
            "eps_avg_yearly": 1.44,
            "eps_latest_yearly": 0.36,
            "eps_growth_yearly": 51.92
        },
        "20084": {
            "year_quarter": 20084,
            "year": 2008,
            "quarter": 4,
            "eps": -0.28,
            "eps_growth_year": null,
            "eps_4q": -0.98,
            "eps_4q_growth_year": null,
            "roe": -3.99,
            "roe_4q": -13.59,
            "gross_profit": 27396,
            "gross_margin": 6.6,
            "gross_margin_4q_avg": 9.5,
            "net_income": -43056,
            "revenue": 414824,
            "common_shares": 1305372,
            "book_valuer_per_share": 7.72,
            "book_valuer_per_share_4q_avg": 8.11,
            "equity": 1048093,
            "current_ratio": 119.54,
            "debt_ratio": 40.04,
            "inventory_turnover_ratio": 1.36,
            "account_receivable_turnover_ratio": 2.96,
            "reinvestment_rate": null,
            "research_to_sale_ratio": null,
            "price_fair": 3.9,
            "eps_avg_yearly": 1.3,
            "eps_latest_yearly": 0.36,
            "eps_growth_yearly": -174.75
        },
        "20091": {
            "year_quarter": 20091,
            "year": 2009,
            "quarter": 1,
            "eps": -0.01,
            "eps_growth_year": null,
            "eps_4q": -0.59,
            "eps_4q_growth_year": null,
            "roe": -0.23,
            "roe_4q": -8.190000000000001,
            "gross_profit": 50685,
            "gross_margin": 16.02,
            "gross_margin_4q_avg": 10.34,
            "net_income": -2474,
            "revenue": 316326,
            "common_shares": 1305372,
            "book_valuer_per_share": 7.87,
            "book_valuer_per_share_4q_avg": 7.98,
            "equity": 1067656,
            "current_ratio": 119.57,
            "debt_ratio": 36.61,
            "inventory_turnover_ratio": 1.01,
            "account_receivable_turnover_ratio": 1.31,
            "reinvestment_rate": null,
            "research_to_sale_ratio": null,
            "price_fair": 3.9,
            "eps_avg_yearly": 1.3,
            "eps_latest_yearly": 0.36,
            "eps_growth_yearly": -174.75
        },
        "20092": {
            "year_quarter": 20092,
            "year": 2009,
            "quarter": 2,
            "eps": -0.17,
            "eps_growth_year": null,
            "eps_4q": -0.5,
            "eps_4q_growth_year": null,
            "roe": -2.24,
            "roe_4q": -7.0600000000000005,
            "gross_profit": 47368,
            "gross_margin": 11.72,
            "gross_margin_4q_avg": 11.28,
            "net_income": -23610,
            "revenue": 404022,
            "common_shares": 1305372,
            "book_valuer_per_share": 7.7,
            "book_valuer_per_share_4q_avg": 7.86,
            "equity": 1043733,
            "current_ratio": 118.56,
            "debt_ratio": 39.17,
            "inventory_turnover_ratio": 1.61,
            "account_receivable_turnover_ratio": 1.71,
            "reinvestment_rate": null,
            "research_to_sale_ratio": null,
            "price_fair": 3.9,
            "eps_avg_yearly": 1.3,
            "eps_latest_yearly": 0.36,
            "eps_growth_yearly": -174.75
        },
        "20093": {
            "year_quarter": 20093,
            "year": 2009,
            "quarter": 3,
            "eps": 0.05,
            "eps_growth_year": null,
            "eps_4q": -0.43,
            "eps_4q_growth_year": null,
            "roe": 0.59,
            "roe_4q": -5.870000000000001,
            "gross_profit": 82399,
            "gross_margin": 18.7,
            "gross_margin_4q_avg": 13.26,
            "net_income": 6240,
            "revenue": 440647,
            "common_shares": 1305372,
            "book_valuer_per_share": 8,
            "book_valuer_per_share_4q_avg": 7.82,
            "equity": 1082124,
            "current_ratio": 183.06,
            "debt_ratio": 39.64,
            "inventory_turnover_ratio": 1.75,
            "account_receivable_turnover_ratio": 1.52,
            "reinvestment_rate": null,
            "research_to_sale_ratio": null,
            "price_fair": 3.9,
            "eps_avg_yearly": 1.3,
            "eps_latest_yearly": 0.36,
            "eps_growth_yearly": -174.75
        },
        "20094": {
            "year_quarter": 20094,
            "year": 2009,
            "quarter": 4,
            "eps": 0.4,
            "eps_growth_year": null,
            "eps_4q": 0.27,
            "eps_4q_growth_year": null,
            "roe": 4.67,
            "roe_4q": 2.7899999999999996,
            "gross_profit": 126207,
            "gross_margin": 22.74,
            "gross_margin_4q_avg": 17.3,
            "net_income": 52704,
            "revenue": 554949,
            "common_shares": 1305372,
            "book_valuer_per_share": 8.56,
            "book_valuer_per_share_4q_avg": 8.03,
            "equity": 1174047,
            "current_ratio": 171.44,
            "debt_ratio": 41.37,
            "inventory_turnover_ratio": 1.89,
            "account_receivable_turnover_ratio": 3.07,
            "reinvestment_rate": null,
            "research_to_sale_ratio": null,
            "price_fair": 34.3,
            "eps_avg_yearly": 0.98,
            "eps_latest_yearly": 1.6,
            "eps_growth_yearly": 1232.14
        },
        "20101": {
            "year_quarter": 20101,
            "year": 2010,
            "quarter": 1,
            "eps": 0.24,
            "eps_growth_year": null,
            "eps_4q": 0.51,
            "eps_4q_growth_year": null,
            "roe": 2.62,
            "roe_4q": 5.64,
            "gross_profit": 95355,
            "gross_margin": 19.69,
            "gross_margin_4q_avg": 18.21,
            "net_income": 31414,
            "revenue": 484314,
            "common_shares": 1327574,
            "book_valuer_per_share": 8.73,
            "book_valuer_per_share_4q_avg": 8.25,
            "equity": 1226787,
            "current_ratio": 175.18,
            "debt_ratio": 40.24,
            "inventory_turnover_ratio": 1.43,
            "account_receivable_turnover_ratio": 1.39,
            "reinvestment_rate": null,
            "research_to_sale_ratio": 4.18,
            "price_fair": 44.8,
            "eps_avg_yearly": 1.28,
            "eps_latest_yearly": 0.96,
            "eps_growth_yearly": 1320
        },
        "20102": {
            "year_quarter": 20102,
            "year": 2010,
            "quarter": 2,
            "eps": -0.13,
            "eps_growth_year": null,
            "eps_4q": 0.54,
            "eps_4q_growth_year": null,
            "roe": -1.62,
            "roe_4q": 6.26,
            "gross_profit": 63280,
            "gross_margin": 13.32,
            "gross_margin_4q_avg": 18.61,
            "net_income": -19772,
            "revenue": 475138,
            "common_shares": 1364102,
            "book_valuer_per_share": 8.59,
            "book_valuer_per_share_4q_avg": 8.47,
            "equity": 1215318,
            "current_ratio": 174.13,
            "debt_ratio": 39.17,
            "inventory_turnover_ratio": 1.48,
            "account_receivable_turnover_ratio": 1.48,
            "reinvestment_rate": null,
            "research_to_sale_ratio": 4.37,
            "price_fair": 44.8,
            "eps_avg_yearly": 1.28,
            "eps_latest_yearly": 0.96,
            "eps_growth_yearly": 1320
        },
        "20103": {
            "year_quarter": 20103,
            "year": 2010,
            "quarter": 3,
            "eps": 0.1,
            "eps_growth_year": 92.36,
            "eps_4q": 0.54,
            "eps_4q_growth_year": null,
            "roe": 0.96,
            "roe_4q": 6.63,
            "gross_profit": 73813,
            "gross_margin": 15.74,
            "gross_margin_4q_avg": 17.87,
            "net_income": 12507,
            "revenue": 468868,
            "common_shares": 1375852,
            "book_valuer_per_share": 8.89,
            "book_valuer_per_share_4q_avg": 8.69,
            "equity": 1387190,
            "current_ratio": 159.04,
            "debt_ratio": 35.3,
            "inventory_turnover_ratio": 1.44,
            "account_receivable_turnover_ratio": 1.42,
            "reinvestment_rate": null,
            "research_to_sale_ratio": 4.26,
            "price_fair": 44.8,
            "eps_avg_yearly": 1.28,
            "eps_latest_yearly": 0.96,
            "eps_growth_yearly": 1320
        },
        "20104": {
            "year_quarter": 20104,
            "year": 2010,
            "quarter": 4,
            "eps": -0,
            "eps_growth_year": -100.57,
            "eps_4q": 0.19,
            "eps_4q_growth_year": -27.9,
            "roe": -0.25,
            "roe_4q": 1.71,
            "gross_profit": 78306,
            "gross_margin": 14.63,
            "gross_margin_4q_avg": 15.85,
            "net_income": -3474,
            "revenue": 535200,
            "common_shares": 1525296,
            "book_valuer_per_share": 8.87,
            "book_valuer_per_share_4q_avg": 8.77,
            "equity": 1381240,
            "current_ratio": 159.8,
            "debt_ratio": 35.35,
            "inventory_turnover_ratio": 1.58,
            "account_receivable_turnover_ratio": 1.54,
            "reinvestment_rate": null,
            "research_to_sale_ratio": 3.92,
            "price_fair": 44.8,
            "eps_avg_yearly": 1.28,
            "eps_latest_yearly": 0.96,
            "eps_growth_yearly": 1320
        },
        "20111": {
            "year_quarter": 20111,
            "year": 2011,
            "quarter": 1,
            "eps": -0.04,
            "eps_growth_year": -116.67,
            "eps_4q": -0.07,
            "eps_4q_growth_year": -112.97,
            "roe": -0.65,
            "roe_4q": -1.56,
            "gross_profit": 62712,
            "gross_margin": 14.52,
            "gross_margin_4q_avg": 14.55,
            "net_income": -8986,
            "revenue": 431924,
            "common_shares": 1526030,
            "book_valuer_per_share": 8.86,
            "book_valuer_per_share_4q_avg": 8.8,
            "equity": 1378021,
            "current_ratio": 161.54,
            "debt_ratio": 34.56,
            "inventory_turnover_ratio": 1.17,
            "account_receivable_turnover_ratio": 1.43,
            "reinvestment_rate": null,
            "research_to_sale_ratio": 4.55,
            "price_fair": 44.8,
            "eps_avg_yearly": 1.28,
            "eps_latest_yearly": 0.96,
            "eps_growth_yearly": 1320
        },
        "20112": {
            "year_quarter": 20112,
            "year": 2011,
            "quarter": 2,
            "eps": -0.3,
            "eps_growth_year": null,
            "eps_4q": -0.25,
            "eps_4q_growth_year": -146.88,
            "roe": -3.58,
            "roe_4q": -3.5200000000000005,
            "gross_profit": 58011,
            "gross_margin": 10.36,
            "gross_margin_4q_avg": 13.81,
            "net_income": -48160,
            "revenue": 559854,
            "common_shares": 1526240,
            "book_valuer_per_share": 8.46,
            "book_valuer_per_share_4q_avg": 8.77,
            "equity": 1314326,
            "current_ratio": 144.87,
            "debt_ratio": 37.2,
            "inventory_turnover_ratio": 1.54,
            "account_receivable_turnover_ratio": 1.86,
            "reinvestment_rate": null,
            "research_to_sale_ratio": 3.84,
            "price_fair": 44.8,
            "eps_avg_yearly": 1.28,
            "eps_latest_yearly": 0.96,
            "eps_growth_yearly": 1320
        },
        "20113": {
            "year_quarter": 20113,
            "year": 2011,
            "quarter": 3,
            "eps": 0.12,
            "eps_growth_year": 20.46,
            "eps_4q": -0.23,
            "eps_4q_growth_year": -143.48,
            "roe": 1.09,
            "roe_4q": -3.39,
            "gross_profit": 80476,
            "gross_margin": 15.44,
            "gross_margin_4q_avg": 13.74,
            "net_income": 14372,
            "revenue": 521194,
            "common_shares": 1526240,
            "book_valuer_per_share": 8.44,
            "book_valuer_per_share_4q_avg": 8.66,
            "equity": 1311502,
            "current_ratio": 133.09,
            "debt_ratio": 40.65,
            "inventory_turnover_ratio": 1.26,
            "account_receivable_turnover_ratio": 1.78,
            "reinvestment_rate": null,
            "research_to_sale_ratio": 4.81,
            "price_fair": 44.8,
            "eps_avg_yearly": 1.28,
            "eps_latest_yearly": 0.96,
            "eps_growth_yearly": 1320
        },
        "20114": {
            "year_quarter": 20114,
            "year": 2011,
            "quarter": 4,
            "eps": 0.06,
            "eps_growth_year": null,
            "eps_4q": -0.17,
            "eps_4q_growth_year": -190.38,
            "roe": 0.78,
            "roe_4q": -2.36,
            "gross_profit": 104361,
            "gross_margin": 18.2,
            "gross_margin_4q_avg": 14.63,
            "net_income": 10163,
            "revenue": 573304,
            "common_shares": 1526240,
            "book_valuer_per_share": 8.39,
            "book_valuer_per_share_4q_avg": 8.54,
            "equity": 1305189,
            "current_ratio": 126.95,
            "debt_ratio": 40.51,
            "inventory_turnover_ratio": 1.23,
            "account_receivable_turnover_ratio": 1.91,
            "reinvestment_rate": null,
            "research_to_sale_ratio": 3.95,
            "price_fair": 32.67,
            "eps_avg_yearly": 0.93,
            "eps_latest_yearly": 0.24,
            "eps_growth_yearly": 813.33
        },
        "20121": {
            "year_quarter": 20121,
            "year": 2012,
            "quarter": 1,
            "eps": 0.01,
            "eps_growth_year": null,
            "eps_4q": -0.12,
            "eps_4q_growth_year": null,
            "roe": 0.02,
            "roe_4q": -1.69,
            "gross_profit": 78090,
            "gross_margin": 16.35,
            "gross_margin_4q_avg": 15.09,
            "net_income": 239,
            "revenue": 477679,
            "common_shares": 1526240,
            "book_valuer_per_share": 8.59,
            "book_valuer_per_share_4q_avg": 8.47,
            "equity": 1334189,
            "current_ratio": 196.21,
            "debt_ratio": 45.31,
            "inventory_turnover_ratio": 1.13,
            "account_receivable_turnover_ratio": 1.5,
            "reinvestment_rate": null,
            "research_to_sale_ratio": 4.71,
            "price_fair": 24.85,
            "eps_avg_yearly": 0.71,
            "eps_latest_yearly": 0.04,
            "eps_growth_yearly": 526.67
        },
        "20122": {
            "year_quarter": 20122,
            "year": 2012,
            "quarter": 2,
            "eps": -0.18,
            "eps_growth_year": null,
            "eps_4q": 0,
            "eps_4q_growth_year": null,
            "roe": -2.26,
            "roe_4q": -0.36999999999999966,
            "gross_profit": 60568,
            "gross_margin": 14.45,
            "gross_margin_4q_avg": 16.11,
            "net_income": -29827,
            "revenue": 419278,
            "common_shares": 1526240,
            "book_valuer_per_share": 8.4,
            "book_valuer_per_share_4q_avg": 8.46,
            "equity": 1302556,
            "current_ratio": 186,
            "debt_ratio": 45.11,
            "inventory_turnover_ratio": 1.08,
            "account_receivable_turnover_ratio": 1.52,
            "reinvestment_rate": null,
            "research_to_sale_ratio": 6.08,
            "price_fair": 24.85,
            "eps_avg_yearly": 0.71,
            "eps_latest_yearly": 0.04,
            "eps_growth_yearly": 526.67
        },
        "20123": {
            "year_quarter": 20123,
            "year": 2012,
            "quarter": 3,
            "eps": 0.51,
            "eps_growth_year": 343.08,
            "eps_4q": 0.4,
            "eps_4q_growth_year": null,
            "roe": 5.72,
            "roe_4q": 4.26,
            "gross_profit": 64550,
            "gross_margin": 12.86,
            "gross_margin_4q_avg": 15.47,
            "net_income": 76232,
            "revenue": 502057,
            "common_shares": 1526240,
            "book_valuer_per_share": 8.88,
            "book_valuer_per_share_4q_avg": 8.57,
            "equity": 1360580,
            "current_ratio": 185.21,
            "debt_ratio": 46.76,
            "inventory_turnover_ratio": 1.28,
            "account_receivable_turnover_ratio": 1.59,
            "reinvestment_rate": 705.93,
            "research_to_sale_ratio": 5.51,
            "price_fair": 24.85,
            "eps_avg_yearly": 0.71,
            "eps_latest_yearly": 0.04,
            "eps_growth_yearly": 526.67
        },
        "20124": {
            "year_quarter": 20124,
            "year": 2012,
            "quarter": 4,
            "eps": -0.36,
            "eps_growth_year": -725.98,
            "eps_4q": -0.02,
            "eps_4q_growth_year": null,
            "roe": -4.24,
            "roe_4q": -0.7600000000000002,
            "gross_profit": 71870,
            "gross_margin": 21.66,
            "gross_margin_4q_avg": 16.33,
            "net_income": -56243,
            "revenue": 331817,
            "common_shares": 1526240,
            "book_valuer_per_share": 8.45,
            "book_valuer_per_share_4q_avg": 8.58,
            "equity": 1293464,
            "current_ratio": 170.14,
            "debt_ratio": 47.11,
            "inventory_turnover_ratio": 0.7,
            "account_receivable_turnover_ratio": 0.8,
            "reinvestment_rate": 856.91,
            "research_to_sale_ratio": 9.99,
            "price_fair": 24.85,
            "eps_avg_yearly": 0.71,
            "eps_latest_yearly": 0.04,
            "eps_growth_yearly": 526.67
        },
        "20131": {
            "year_quarter": 20131,
            "year": 2013,
            "quarter": 1,
            "eps": 0.03,
            "eps_growth_year": 200,
            "eps_4q": 0,
            "eps_4q_growth_year": null,
            "roe": 0.34,
            "roe_4q": -0.4400000000000004,
            "gross_profit": 58227,
            "gross_margin": 13.19,
            "gross_margin_4q_avg": 15.54,
            "net_income": 4401,
            "revenue": 441508,
            "common_shares": 1526240,
            "book_valuer_per_share": 8.66,
            "book_valuer_per_share_4q_avg": 8.6,
            "equity": 1327167,
            "current_ratio": 115.49,
            "debt_ratio": 47.86,
            "inventory_turnover_ratio": 0.99,
            "account_receivable_turnover_ratio": 1.17,
            "reinvestment_rate": 1139.18,
            "research_to_sale_ratio": 7.69,
            "price_fair": 24.85,
            "eps_avg_yearly": 0.71,
            "eps_latest_yearly": 0.04,
            "eps_growth_yearly": 526.67
        },
        "20132": {
            "year_quarter": 20132,
            "year": 2013,
            "quarter": 2,
            "eps": -0.43,
            "eps_growth_year": null,
            "eps_4q": -0.24,
            "eps_4q_growth_year": -44210.73,
            "roe": -5.06,
            "roe_4q": -3.240000000000001,
            "gross_profit": 38087,
            "gross_margin": 9.01,
            "gross_margin_4q_avg": 14.18,
            "net_income": -65717,
            "revenue": 422757,
            "common_shares": 1526240,
            "book_valuer_per_share": 8.29,
            "book_valuer_per_share_4q_avg": 8.57,
            "equity": 1270407,
            "current_ratio": 101.45,
            "debt_ratio": 49.72,
            "inventory_turnover_ratio": 1,
            "account_receivable_turnover_ratio": 1.43,
            "reinvestment_rate": null,
            "research_to_sale_ratio": 6.76,
            "price_fair": 24.85,
            "eps_avg_yearly": 0.71,
            "eps_latest_yearly": 0.04,
            "eps_growth_yearly": 526.67
        },
        "20133": {
            "year_quarter": 20133,
            "year": 2013,
            "quarter": 3,
            "eps": -0.38,
            "eps_growth_year": -174.02,
            "eps_4q": -1.14,
            "eps_4q_growth_year": -385.79,
            "roe": -4.99,
            "roe_4q": -13.950000000000001,
            "gross_profit": 46189,
            "gross_margin": 9.66,
            "gross_margin_4q_avg": 13.38,
            "net_income": -62452,
            "revenue": 478247,
            "common_shares": 1526240,
            "book_valuer_per_share": 8.06,
            "book_valuer_per_share_4q_avg": 8.37,
            "equity": 1234574,
            "current_ratio": 96.35,
            "debt_ratio": 55.66,
            "inventory_turnover_ratio": 1.09,
            "account_receivable_turnover_ratio": 1.43,
            "reinvestment_rate": null,
            "research_to_sale_ratio": 8.24,
            "price_fair": 24.85,
            "eps_avg_yearly": 0.71,
            "eps_latest_yearly": 0.04,
            "eps_growth_yearly": 526.67
        },
        "20134": {
            "year_quarter": 20134,
            "year": 2013,
            "quarter": 4,
            "eps": -0.94,
            "eps_growth_year": null,
            "eps_4q": -1.66,
            "eps_4q_growth_year": null,
            "roe": -12.19,
            "roe_4q": -21.9,
            "gross_profit": 28101,
            "gross_margin": 5.42,
            "gross_margin_4q_avg": 9.32,
            "net_income": -154839,
            "revenue": 518924,
            "common_shares": 1530738,
            "book_valuer_per_share": 7.88,
            "book_valuer_per_share_4q_avg": 8.22,
            "equity": 1306445,
            "current_ratio": 100.56,
            "debt_ratio": 55.3,
            "inventory_turnover_ratio": 1.14,
            "account_receivable_turnover_ratio": 1.34,
            "reinvestment_rate": null,
            "research_to_sale_ratio": 9.21,
            "price_fair": 1.24,
            "eps_avg_yearly": 0.41,
            "eps_latest_yearly": 0.04,
            "eps_growth_yearly": -231.11
        },
        "20141": {
            "year_quarter": 20141,
            "year": 2014,
            "quarter": 1,
            "eps": -0.32,
            "eps_growth_year": -1166.67,
            "eps_4q": -1.87,
            "eps_4q_growth_year": -142295.37,
            "roe": -3.75,
            "roe_4q": -25.99,
            "gross_profit": 41032,
            "gross_margin": 8.21,
            "gross_margin_4q_avg": 8.08,
            "net_income": -50344,
            "revenue": 499545,
            "common_shares": 1655808,
            "book_valuer_per_share": 7.86,
            "book_valuer_per_share_4q_avg": 8.02,
            "equity": 1381892,
            "current_ratio": 98.26,
            "debt_ratio": 52.13,
            "inventory_turnover_ratio": 1.04,
            "account_receivable_turnover_ratio": 1.18,
            "reinvestment_rate": null,
            "research_to_sale_ratio": 7.34,
            "price_fair": 0.42,
            "eps_avg_yearly": 0.14,
            "eps_latest_yearly": 0.04,
            "eps_growth_yearly": -266.67
        },
        "20142": {
            "year_quarter": 20142,
            "year": 2014,
            "quarter": 2,
            "eps": -0.53,
            "eps_growth_year": null,
            "eps_4q": -1.93,
            "eps_4q_growth_year": null,
            "roe": -6.59,
            "roe_4q": -27.520000000000003,
            "gross_profit": 25992,
            "gross_margin": 5.58,
            "gross_margin_4q_avg": 7.22,
            "net_income": -90226,
            "revenue": 465966,
            "common_shares": 1757349,
            "book_valuer_per_share": 7.4,
            "book_valuer_per_share_4q_avg": 7.8,
            "equity": 1355322,
            "current_ratio": 117.31,
            "debt_ratio": 53.35,
            "inventory_turnover_ratio": 1.09,
            "account_receivable_turnover_ratio": 1.11,
            "reinvestment_rate": null,
            "research_to_sale_ratio": 7.92,
            "price_fair": 0.42,
            "eps_avg_yearly": 0.14,
            "eps_latest_yearly": 0.04,
            "eps_growth_yearly": -266.67
        },
        "20143": {
            "year_quarter": 20143,
            "year": 2014,
            "quarter": 3,
            "eps": -0.13,
            "eps_growth_year": null,
            "eps_4q": -1.67,
            "eps_4q_growth_year": null,
            "roe": -1.77,
            "roe_4q": -24.299999999999997,
            "gross_profit": 75474,
            "gross_margin": 13.3,
            "gross_margin_4q_avg": 8.13,
            "net_income": -24273,
            "revenue": 567325,
            "common_shares": 1830518,
            "book_valuer_per_share": 7.23,
            "book_valuer_per_share_4q_avg": 7.59,
            "equity": 1387497,
            "current_ratio": 122.81,
            "debt_ratio": 51,
            "inventory_turnover_ratio": 1.34,
            "account_receivable_turnover_ratio": 1.26,
            "reinvestment_rate": null,
            "research_to_sale_ratio": 4.9,
            "price_fair": 0.42,
            "eps_avg_yearly": 0.14,
            "eps_latest_yearly": 0.04,
            "eps_growth_yearly": -266.67
        },
        "20144": {
            "year_quarter": 20144,
            "year": 2014,
            "quarter": 4,
            "eps": -0.13,
            "eps_growth_year": null,
            "eps_4q": -0.99,
            "eps_4q_growth_year": null,
            "roe": -1.74,
            "roe_4q": -13.85,
            "gross_profit": 78180,
            "gross_margin": 15.06,
            "gross_margin_4q_avg": 10.54,
            "net_income": -24996,
            "revenue": 519168,
            "common_shares": 1919361,
            "book_valuer_per_share": 7.23,
            "book_valuer_per_share_4q_avg": 7.43,
            "equity": 1491063,
            "current_ratio": 107.41,
            "debt_ratio": 57.81,
            "inventory_turnover_ratio": 1.14,
            "account_receivable_turnover_ratio": 0.99,
            "reinvestment_rate": null,
            "research_to_sale_ratio": 6.27,
            "price_fair": 0.42,
            "eps_avg_yearly": 0.14,
            "eps_latest_yearly": 0.04,
            "eps_growth_yearly": -266.67
        },
        "20151": {
            "year_quarter": 20151,
            "year": 2015,
            "quarter": 1,
            "eps": -0.42,
            "eps_growth_year": null,
            "eps_4q": -1.15,
            "eps_4q_growth_year": null,
            "roe": -5.61,
            "roe_4q": -15.71,
            "gross_profit": 43085,
            "gross_margin": 10.22,
            "gross_margin_4q_avg": 11.04,
            "net_income": -82225,
            "revenue": 421591,
            "common_shares": 1919361,
            "book_valuer_per_share": 7.02,
            "book_valuer_per_share_4q_avg": 7.22,
            "equity": 1440774,
            "current_ratio": 126.32,
            "debt_ratio": 56.19,
            "inventory_turnover_ratio": 0.93,
            "account_receivable_turnover_ratio": 0.86,
            "reinvestment_rate": null,
            "research_to_sale_ratio": 7.65,
            "price_fair": 0.42,
            "eps_avg_yearly": 0.14,
            "eps_latest_yearly": 0.04,
            "eps_growth_yearly": -266.67
        },
        "20152": {
            "year_quarter": 20152,
            "year": 2015,
            "quarter": 2,
            "eps": 4.16,
            "eps_growth_year": null,
            "eps_4q": 3.47,
            "eps_4q_growth_year": null,
            "roe": 43.36,
            "roe_4q": 34.239999999999995,
            "gross_profit": 9549,
            "gross_margin": 2.83,
            "gross_margin_4q_avg": 10.35,
            "net_income": 779863,
            "revenue": 337988,
            "common_shares": 1922711,
            "book_valuer_per_share": 10.8,
            "book_valuer_per_share_4q_avg": 8.07,
            "equity": 2156130,
            "current_ratio": 316.24,
            "debt_ratio": 33.11,
            "inventory_turnover_ratio": 0.99,
            "account_receivable_turnover_ratio": 0.84,
            "reinvestment_rate": -6.78,
            "research_to_sale_ratio": 9.3,
            "price_fair": 0.42,
            "eps_avg_yearly": 0.14,
            "eps_latest_yearly": 0.04,
            "eps_growth_yearly": -266.67
        },
        "20153": {
            "year_quarter": 20153,
            "year": 2015,
            "quarter": 3,
            "eps": 0.15,
            "eps_growth_year": null,
            "eps_4q": 3.74,
            "eps_4q_growth_year": null,
            "roe": 1.27,
            "roe_4q": 37.28,
            "gross_profit": 43967,
            "gross_margin": 12.69,
            "gross_margin_4q_avg": 10.2,
            "net_income": 28027,
            "revenue": 346383,
            "common_shares": 1923789,
            "book_valuer_per_share": 10.81,
            "book_valuer_per_share_4q_avg": 8.97,
            "equity": 2258355,
            "current_ratio": 219.74,
            "debt_ratio": 40.35,
            "inventory_turnover_ratio": 0.67,
            "account_receivable_turnover_ratio": 0.87,
            "reinvestment_rate": -14.65,
            "research_to_sale_ratio": 7.29,
            "price_fair": 0.88,
            "eps_avg_yearly": 0.29,
            "eps_latest_yearly": 0.6,
            "eps_growth_yearly": -306.3
        },
        "20154": {
            "year_quarter": 20154,
            "year": 2015,
            "quarter": 4,
            "eps": -0.83,
            "eps_growth_year": null,
            "eps_4q": 2.85,
            "eps_4q_growth_year": null,
            "roe": -7.22,
            "roe_4q": 31.799999999999997,
            "gross_profit": -12764,
            "gross_margin": -2.69,
            "gross_margin_4q_avg": 5.76,
            "net_income": -164608,
            "revenue": 474270,
            "common_shares": 1923789,
            "book_valuer_per_share": 10.21,
            "book_valuer_per_share_4q_avg": 9.71,
            "equity": 2300806,
            "current_ratio": 193.6,
            "debt_ratio": 40.77,
            "inventory_turnover_ratio": 0.81,
            "account_receivable_turnover_ratio": 1.22,
            "reinvestment_rate": -77.72,
            "research_to_sale_ratio": 6.95,
            "price_fair": 0.96,
            "eps_avg_yearly": 0.32,
            "eps_latest_yearly": 0.6,
            "eps_growth_yearly": -359.46
        },
        "20161": {
            "year_quarter": 20161,
            "year": 2016,
            "quarter": 1,
            "eps": 0,
            "eps_growth_year": null,
            "eps_4q": 3.09,
            "eps_4q_growth_year": null,
            "roe": -0.33,
            "roe_4q": 37.08,
            "gross_profit": 111371,
            "gross_margin": 22.82,
            "gross_margin_4q_avg": 8.91,
            "net_income": -7824,
            "revenue": 487967,
            "common_shares": 2024328,
            "book_valuer_per_share": 10.39,
            "book_valuer_per_share_4q_avg": 10.55,
            "equity": 2431932,
            "current_ratio": 206.51,
            "debt_ratio": 29.58,
            "inventory_turnover_ratio": 0.63,
            "account_receivable_turnover_ratio": 1.34,
            "reinvestment_rate": 131.01,
            "research_to_sale_ratio": 6.55,
            "price_fair": 1.8,
            "eps_avg_yearly": 0.6,
            "eps_latest_yearly": 0.6,
            "eps_growth_yearly": -385.58
        },
        "20162": {
            "year_quarter": 20162,
            "year": 2016,
            "quarter": 2,
            "eps": -0.12,
            "eps_growth_year": -102.88,
            "eps_4q": -0.76,
            "eps_4q_growth_year": -122,
            "roe": -1.27,
            "roe_4q": -7.550000000000001,
            "gross_profit": 101376,
            "gross_margin": 17.06,
            "gross_margin_4q_avg": 12.47,
            "net_income": -30377,
            "revenue": 594390,
            "common_shares": 2136381,
            "book_valuer_per_share": 10.09,
            "book_valuer_per_share_4q_avg": 10.38,
            "equity": 2364540,
            "current_ratio": 205.63,
            "debt_ratio": 29.82,
            "inventory_turnover_ratio": 0.75,
            "account_receivable_turnover_ratio": 1.41,
            "reinvestment_rate": 80.05,
            "research_to_sale_ratio": 5.25,
            "price_fair": 1.8,
            "eps_avg_yearly": 0.6,
            "eps_latest_yearly": 0.6,
            "eps_growth_yearly": -385.58
        },
        "20163": {
            "year_quarter": 20163,
            "year": 2016,
            "quarter": 3,
            "eps": -0.18,
            "eps_growth_year": -220,
            "eps_4q": -1.08,
            "eps_4q_growth_year": -128.81,
            "roe": -2.08,
            "roe_4q": -10.9,
            "gross_profit": 91225,
            "gross_margin": 14.07,
            "gross_margin_4q_avg": 12.82,
            "net_income": -48469,
            "revenue": 648395,
            "common_shares": 2136381,
            "book_valuer_per_share": 9.81,
            "book_valuer_per_share_4q_avg": 10.13,
            "equity": 2288081,
            "current_ratio": 201.86,
            "debt_ratio": 32.05,
            "inventory_turnover_ratio": 0.88,
            "account_receivable_turnover_ratio": 1.37,
            "reinvestment_rate": null,
            "research_to_sale_ratio": 5.08,
            "price_fair": 1.8,
            "eps_avg_yearly": 0.6,
            "eps_latest_yearly": 0.6,
            "eps_growth_yearly": -385.58
        },
        "20164": {
            "year_quarter": 20164,
            "year": 2016,
            "quarter": 4,
            "eps": -1.13,
            "eps_growth_year": null,
            "eps_4q": -1.43,
            "eps_4q_growth_year": -150.11,
            "roe": -14.01,
            "roe_4q": -17.689999999999998,
            "gross_profit": -83029,
            "gross_margin": -20.07,
            "gross_margin_4q_avg": 8.47,
            "net_income": -299913,
            "revenue": 413779,
            "common_shares": 2136381,
            "book_valuer_per_share": 8.69,
            "book_valuer_per_share_4q_avg": 9.75,
            "equity": 1993218,
            "current_ratio": 199.01,
            "debt_ratio": 31.44,
            "inventory_turnover_ratio": 0.97,
            "account_receivable_turnover_ratio": 0.9,
            "reinvestment_rate": null,
            "research_to_sale_ratio": 5.03,
            "price_fair": 1.8,
            "eps_avg_yearly": 0.6,
            "eps_latest_yearly": 0.6,
            "eps_growth_yearly": -385.58
        },
        "20171": {
            "year_quarter": 20171,
            "year": 2017,
            "quarter": 1,
            "eps": -0.45,
            "eps_growth_year": null,
            "eps_4q": -1.88,
            "eps_4q_growth_year": -160.79,
            "roe": -4.9,
            "roe_4q": -22.26,
            "gross_profit": 57501,
            "gross_margin": 16.01,
            "gross_margin_4q_avg": 6.77,
            "net_income": -95254,
            "revenue": 359195,
            "common_shares": 2136381,
            "book_valuer_per_share": 8.25,
            "book_valuer_per_share_4q_avg": 9.21,
            "equity": 1892739,
            "current_ratio": 206.42,
            "debt_ratio": 29.04,
            "inventory_turnover_ratio": 0.77,
            "account_receivable_turnover_ratio": 0.92,
            "reinvestment_rate": null,
            "research_to_sale_ratio": 7.99,
            "price_fair": 1.8,
            "eps_avg_yearly": 0.6,
            "eps_latest_yearly": 0.6,
            "eps_growth_yearly": -385.58
        },
        "20172": {
            "year_quarter": 20172,
            "year": 2017,
            "quarter": 2,
            "eps": -0.07,
            "eps_growth_year": null,
            "eps_4q": -1.83,
            "eps_4q_growth_year": null,
            "roe": -0.87,
            "roe_4q": -21.86,
            "gross_profit": 41247,
            "gross_margin": 11.77,
            "gross_margin_4q_avg": 5.45,
            "net_income": -16513,
            "revenue": 350459,
            "common_shares": 2136381,
            "book_valuer_per_share": 8.25,
            "book_valuer_per_share_4q_avg": 8.75,
            "equity": 1891150,
            "current_ratio": 214.51,
            "debt_ratio": 27.85,
            "inventory_turnover_ratio": 0.87,
            "account_receivable_turnover_ratio": 1.11,
            "reinvestment_rate": null,
            "research_to_sale_ratio": 7.23,
            "price_fair": 1.8,
            "eps_avg_yearly": 0.6,
            "eps_latest_yearly": 0.6,
            "eps_growth_yearly": -385.58
        },
        "20173": {
            "year_quarter": 20173,
            "year": 2017,
            "quarter": 3,
            "eps": -0.15,
            "eps_growth_year": null,
            "eps_4q": -1.8,
            "eps_4q_growth_year": null,
            "roe": -1.99,
            "roe_4q": -21.77,
            "gross_profit": 69654,
            "gross_margin": 16.01,
            "gross_margin_4q_avg": 5.93,
            "net_income": -37125,
            "revenue": 435183,
            "common_shares": 2136381,
            "book_valuer_per_share": 8.02,
            "book_valuer_per_share_4q_avg": 8.3,
            "equity": 1836134,
            "current_ratio": 227.65,
            "debt_ratio": 25.88,
            "inventory_turnover_ratio": 1.08,
            "account_receivable_turnover_ratio": 1.31,
            "reinvestment_rate": null,
            "research_to_sale_ratio": 6.66,
            "price_fair": 1.8,
            "eps_avg_yearly": 0.6,
            "eps_latest_yearly": 0.6,
            "eps_growth_yearly": -385.58
        },
        "20174": {
            "year_quarter": 20174,
            "year": 2017,
            "quarter": 4,
            "eps": -0.53,
            "eps_growth_year": null,
            "eps_4q": -1.2,
            "eps_4q_growth_year": null,
            "roe": -6.49,
            "roe_4q": -14.25,
            "gross_profit": 3625,
            "gross_margin": 0.97,
            "gross_margin_4q_avg": 11.19,
            "net_income": -114149,
            "revenue": 374958,
            "common_shares": 2136381,
            "book_valuer_per_share": 7.38,
            "book_valuer_per_share_4q_avg": 7.98,
            "equity": 1681889,
            "current_ratio": 214.89,
            "debt_ratio": 27.4,
            "inventory_turnover_ratio": 1.25,
            "account_receivable_turnover_ratio": 1.1,
            "reinvestment_rate": null,
            "research_to_sale_ratio": 7.66,
            "price_fair": 1.8,
            "eps_avg_yearly": 0.6,
            "eps_latest_yearly": 0.6,
            "eps_growth_yearly": -385.58
        },
        "20181": {
            "year_quarter": 20181,
            "year": 2018,
            "quarter": 1,
            "eps": -0.15,
            "eps_growth_year": null,
            "eps_4q": -0.9,
            "eps_4q_growth_year": null,
            "roe": -2.09,
            "roe_4q": -11.44,
            "gross_profit": 64910,
            "gross_margin": 18.94,
            "gross_margin_4q_avg": 11.92,
            "net_income": -34702,
            "revenue": 342786,
            "common_shares": 2136381,
            "book_valuer_per_share": 7.21,
            "book_valuer_per_share_4q_avg": 7.72,
            "equity": 1639961,
            "current_ratio": 300.59,
            "debt_ratio": 23.26,
            "inventory_turnover_ratio": 1,
            "account_receivable_turnover_ratio": 1.17,
            "reinvestment_rate": null,
            "research_to_sale_ratio": 7.33,
            "price_fair": 1.8,
            "eps_avg_yearly": 0.6,
            "eps_latest_yearly": 0.6,
            "eps_growth_yearly": -385.58
        },
        "20182": {
            "year_quarter": 20182,
            "year": 2018,
            "quarter": 2,
            "eps": -0.02,
            "eps_growth_year": null,
            "eps_4q": -0.85,
            "eps_4q_growth_year": null,
            "roe": -0.29,
            "roe_4q": -10.860000000000001,
            "gross_profit": 81748,
            "gross_margin": 18.53,
            "gross_margin_4q_avg": 13.61,
            "net_income": -4773,
            "revenue": 441189,
            "common_shares": 2136381,
            "book_valuer_per_share": 7.24,
            "book_valuer_per_share_4q_avg": 7.46,
            "equity": 1650933,
            "current_ratio": 286.81,
            "debt_ratio": 25.17,
            "inventory_turnover_ratio": 1.22,
            "account_receivable_turnover_ratio": 1.4,
            "reinvestment_rate": null,
            "research_to_sale_ratio": 5.99,
            "price_fair": 1.8,
            "eps_avg_yearly": 0.6,
            "eps_latest_yearly": 0.6,
            "eps_growth_yearly": -385.58
        },
        "20183": {
            "year_quarter": 20183,
            "year": 2018,
            "quarter": 3,
            "eps": -0.34,
            "eps_growth_year": null,
            "eps_4q": -1.33,
            "eps_4q_growth_year": null,
            "roe": -3.4,
            "roe_4q": -12.27,
            "gross_profit": 57374,
            "gross_margin": 13.68,
            "gross_margin_4q_avg": 13.03,
            "net_income": -55020,
            "revenue": 419378,
            "common_shares": 1511547,
            "book_valuer_per_share": 9.83,
            "book_valuer_per_share_4q_avg": 7.92,
            "equity": 1587336,
            "current_ratio": 277.06,
            "debt_ratio": 26.32,
            "inventory_turnover_ratio": 1.26,
            "account_receivable_turnover_ratio": 1.31,
            "reinvestment_rate": null,
            "research_to_sale_ratio": 6.33,
            "price_fair": 1.8,
            "eps_avg_yearly": 0.6,
            "eps_latest_yearly": 0.6,
            "eps_growth_yearly": -385.58
        },
        "20184": {
            "year_quarter": 20184,
            "year": 2018,
            "quarter": 4,
            "eps": -0.64,
            "eps_growth_year": null,
            "eps_4q": -1.22,
            "eps_4q_growth_year": null,
            "roe": -7.04,
            "roe_4q": -12.819999999999999,
            "gross_profit": 11795,
            "gross_margin": 4.62,
            "gross_margin_4q_avg": 13.94,
            "net_income": -108042,
            "revenue": 255287,
            "common_shares": 1511547,
            "book_valuer_per_share": 9.21,
            "book_valuer_per_share_4q_avg": 8.37,
            "equity": 1482058,
            "current_ratio": 342.5,
            "debt_ratio": 20.85,
            "inventory_turnover_ratio": 1.04,
            "account_receivable_turnover_ratio": 1.05,
            "reinvestment_rate": null,
            "research_to_sale_ratio": 9.99,
            "price_fair": 1.8,
            "eps_avg_yearly": 0.6,
            "eps_latest_yearly": 0.6,
            "eps_growth_yearly": -385.58
        },
        "20191": {
            "year_quarter": 20191,
            "year": 2019,
            "quarter": 1,
            "eps": -0.36,
            "eps_growth_year": null,
            "eps_4q": -1.37,
            "eps_4q_growth_year": null,
            "roe": -4.53,
            "roe_4q": -15.26,
            "gross_profit": 22566,
            "gross_margin": 10.23,
            "gross_margin_4q_avg": 11.77,
            "net_income": -65756,
            "revenue": 220692,
            "common_shares": 1511547,
            "book_valuer_per_share": 8.88,
            "book_valuer_per_share_4q_avg": 8.79,
            "equity": 1421254,
            "current_ratio": 295.14,
            "debt_ratio": 27.54,
            "inventory_turnover_ratio": 1.02,
            "account_receivable_turnover_ratio": 1.06,
            "reinvestment_rate": null,
            "research_to_sale_ratio": 14.54,
            "price_fair": 1.8,
            "eps_avg_yearly": 0.6,
            "eps_latest_yearly": 0.6,
            "eps_growth_yearly": -385.58
        },
        "20192": {
            "year_quarter": 20192,
            "year": 2019,
            "quarter": 2,
            "eps": -0.39,
            "eps_growth_year": null,
            "eps_4q": -1.73,
            "eps_4q_growth_year": null,
            "roe": -5.59,
            "roe_4q": -20.56,
            "gross_profit": 37178,
            "gross_margin": 17.31,
            "gross_margin_4q_avg": 11.46,
            "net_income": -77332,
            "revenue": 214806,
            "common_shares": 1511547,
            "book_valuer_per_share": 8.51,
            "book_valuer_per_share_4q_avg": 9.11,
            "equity": 1347242,
            "current_ratio": 289.32,
            "debt_ratio": 28.25,
            "inventory_turnover_ratio": 0.89,
            "account_receivable_turnover_ratio": 1.01,
            "reinvestment_rate": null,
            "research_to_sale_ratio": 14.97,
            "price_fair": 1.8,
            "eps_avg_yearly": 0.6,
            "eps_latest_yearly": 0.6,
            "eps_growth_yearly": -385.58
        },
        "20193": {
            "year_quarter": 20193,
            "year": 2019,
            "quarter": 3,
            "eps": -0.43,
            "eps_growth_year": null,
            "eps_4q": -1.82,
            "eps_4q_growth_year": null,
            "roe": -5.67,
            "roe_4q": -22.83,
            "gross_profit": 21809,
            "gross_margin": 8.24,
            "gross_margin_4q_avg": 10.1,
            "net_income": -74050,
            "revenue": 264828,
            "common_shares": 1511547,
            "book_valuer_per_share": 8.02,
            "book_valuer_per_share_4q_avg": 8.66,
            "equity": 1264042,
            "current_ratio": 245.19,
            "debt_ratio": 31.49,
            "inventory_turnover_ratio": 1.17,
            "account_receivable_turnover_ratio": 1.47,
            "reinvestment_rate": null,
            "research_to_sale_ratio": 12.96,
            "price_fair": 0,
            "eps_avg_yearly": 0,
            "eps_latest_yearly": 0,
            "eps_growth_yearly": 0
        },
        "20194": {
            "year_quarter": 20194,
            "year": 2019,
            "quarter": 4,
            "eps": -0.7,
            "eps_growth_year": null,
            "eps_4q": -1.88,
            "eps_4q_growth_year": null,
            "roe": -11.84,
            "roe_4q": -27.63,
            "gross_profit": 12815,
            "gross_margin": 3.75,
            "gross_margin_4q_avg": 9.88,
            "net_income": -140641,
            "revenue": 341958,
            "common_shares": 1511547,
            "book_valuer_per_share": 7.24,
            "book_valuer_per_share_4q_avg": 8.16,
            "equity": 1111121,
            "current_ratio": 203.71,
            "debt_ratio": 35.53,
            "inventory_turnover_ratio": 1.96,
            "account_receivable_turnover_ratio": 1.59,
            "reinvestment_rate": null,
            "research_to_sale_ratio": 16.64,
            "price_fair": 0,
            "eps_avg_yearly": 0,
            "eps_latest_yearly": 0,
            "eps_growth_yearly": 0
        },
        "20201": {
            "year_quarter": 20201,
            "year": 2020,
            "quarter": 1,
            "eps": -0.26,
            "eps_growth_year": null,
            "eps_4q": -1.78,
            "eps_4q_growth_year": null,
            "roe": -3.84,
            "roe_4q": -26.94,
            "gross_profit": 52374,
            "gross_margin": 18.4,
            "gross_margin_4q_avg": 11.93,
            "net_income": -41429,
            "revenue": 284571,
            "common_shares": 1511547,
            "book_valuer_per_share": 6.94,
            "book_valuer_per_share_4q_avg": 7.68,
            "equity": 1048866,
            "current_ratio": 196.67,
            "debt_ratio": 34.3,
            "inventory_turnover_ratio": 1.94,
            "account_receivable_turnover_ratio": 1.09,
            "reinvestment_rate": null,
            "research_to_sale_ratio": 15.12,
            "price_fair": 0,
            "eps_avg_yearly": 0,
            "eps_latest_yearly": 0,
            "eps_growth_yearly": 0
        },
        "20202": {
            "year_quarter": 20202,
            "year": 2020,
            "quarter": 2,
            "eps": -0.24,
            "eps_growth_year": null,
            "eps_4q": -1.63,
            "eps_4q_growth_year": null,
            "roe": -3.53,
            "roe_4q": -24.880000000000003,
            "gross_profit": 50821,
            "gross_margin": 18.83,
            "gross_margin_4q_avg": 12.31,
            "net_income": -36431,
            "revenue": 269912,
            "common_shares": 1511547,
            "book_valuer_per_share": 6.72,
            "book_valuer_per_share_4q_avg": 7.23,
            "equity": 1016134,
            "current_ratio": 191.9,
            "debt_ratio": 34.85,
            "inventory_turnover_ratio": 1.74,
            "account_receivable_turnover_ratio": 1.06,
            "reinvestment_rate": null,
            "research_to_sale_ratio": 15.3,
            "price_fair": 0,
            "eps_avg_yearly": 0,
            "eps_latest_yearly": 0,
            "eps_growth_yearly": 0
        },
        "20203": {
            "year_quarter": 20203,
            "year": 2020,
            "quarter": 3,
            "eps": -0.04,
            "eps_growth_year": null,
            "eps_4q": -1.24,
            "eps_4q_growth_year": null,
            "roe": -0.66,
            "roe_4q": -19.869999999999997,
            "gross_profit": 79032,
            "gross_margin": 21.69,
            "gross_margin_4q_avg": 15.67,
            "net_income": -6793,
            "revenue": 364373,
            "common_shares": 1512597,
            "book_valuer_per_share": 6.82,
            "book_valuer_per_share_4q_avg": 6.93,
            "equity": 1040471,
            "current_ratio": 194.45,
            "debt_ratio": 35.3,
            "inventory_turnover_ratio": 2.03,
            "account_receivable_turnover_ratio": 1.34,
            "reinvestment_rate": null,
            "research_to_sale_ratio": 10.05,
            "price_fair": 0,
            "eps_avg_yearly": 0,
            "eps_latest_yearly": 0,
            "eps_growth_yearly": 0
        },
        "20204": {
            "year_quarter": 20204,
            "year": 2020,
            "quarter": 4,
            "eps": -0.1,
            "eps_growth_year": null,
            "eps_4q": -0.64,
            "eps_4q_growth_year": null,
            "roe": -1.46,
            "roe_4q": -9.49,
            "gross_profit": 80472,
            "gross_margin": 19.73,
            "gross_margin_4q_avg": 19.66,
            "net_income": -15430,
            "revenue": 407835,
            "common_shares": 1524847,
            "book_valuer_per_share": 6.92,
            "book_valuer_per_share_4q_avg": 6.85,
            "equity": 1066612,
            "current_ratio": 287.23,
            "debt_ratio": 51.06,
            "inventory_turnover_ratio": 2.33,
            "account_receivable_turnover_ratio": 1.31,
            "reinvestment_rate": null,
            "research_to_sale_ratio": 9.73,
            "price_fair": 0,
            "eps_avg_yearly": 0,
            "eps_latest_yearly": 0,
            "eps_growth_yearly": 0
        },
        "20211": {
            "year_quarter": 20211,
            "year": 2021,
            "quarter": 1,
            "eps": 0.06,
            "eps_growth_year": null,
            "eps_4q": -0.32,
            "eps_4q_growth_year": null,
            "roe": 0.9,
            "roe_4q": -4.75,
            "gross_profit": 87484,
            "gross_margin": 17.84,
            "gross_margin_4q_avg": 19.52,
            "net_income": 9717,
            "revenue": 490457,
            "common_shares": 1540805,
            "book_valuer_per_share": 7.03,
            "book_valuer_per_share_4q_avg": 6.87,
            "equity": 1086896,
            "current_ratio": 256.36,
            "debt_ratio": 52.65,
            "inventory_turnover_ratio": 2.67,
            "account_receivable_turnover_ratio": 1.25,
            "reinvestment_rate": null,
            "research_to_sale_ratio": 7.72,
            "price_fair": 0,
            "eps_avg_yearly": 0,
            "eps_latest_yearly": 0,
            "eps_growth_yearly": 0
        },
        "20212": {
            "year_quarter": 20212,
            "year": 2021,
            "quarter": 2,
            "eps": 0.04,
            "eps_growth_year": null,
            "eps_4q": -0.04,
            "eps_4q_growth_year": null,
            "roe": 0.61,
            "roe_4q": -0.61,
            "gross_profit": 104001,
            "gross_margin": 17.61,
            "gross_margin_4q_avg": 19.22,
            "net_income": 6679,
            "revenue": 590482,
            "common_shares": 1545534,
            "book_valuer_per_share": 7.09,
            "book_valuer_per_share_4q_avg": 6.97,
            "equity": 1095756,
            "current_ratio": 237.55,
            "debt_ratio": 56.35,
            "inventory_turnover_ratio": 2.63,
            "account_receivable_turnover_ratio": 1.31,
            "reinvestment_rate": null,
            "research_to_sale_ratio": 6.87,
            "price_fair": 0.48,
            "eps_avg_yearly": 0.16,
            "eps_latest_yearly": 0.16,
            "eps_growth_yearly": -133.33
        },
        "20213": {
            "year_quarter": 20213,
            "year": 2021,
            "quarter": 3,
            "eps": 0.22,
            "eps_growth_year": null,
            "eps_4q": 0.23,
            "eps_4q_growth_year": null,
            "roe": 3.03,
            "roe_4q": 3.08,
            "gross_profit": 127064,
            "gross_margin": 18.73,
            "gross_margin_4q_avg": 18.48,
            "net_income": 33845,
            "revenue": 678466,
            "common_shares": 1545534,
            "book_valuer_per_share": 7.35,
            "book_valuer_per_share_4q_avg": 7.1,
            "equity": 1135503,
            "current_ratio": 217.71,
            "debt_ratio": 57.64,
            "inventory_turnover_ratio": 1.96,
            "account_receivable_turnover_ratio": 1.27,
            "reinvestment_rate": null,
            "research_to_sale_ratio": 5.68,
            "price_fair": 18.2,
            "eps_avg_yearly": 0.52,
            "eps_latest_yearly": 0.88,
            "eps_growth_yearly": 833.33
        },
        "20214": {
            "year_quarter": 20214,
            "year": 2021,
            "quarter": 4,
            "eps": 0.29,
            "eps_growth_year": null,
            "eps_4q": 0.61,
            "eps_4q_growth_year": null,
            "roe": 3.85,
            "roe_4q": 8.39,
            "gross_profit": 169976,
            "gross_margin": 24.45,
            "gross_margin_4q_avg": 19.66,
            "net_income": 45106,
            "revenue": 695273,
            "common_shares": 1545534,
            "book_valuer_per_share": 7.75,
            "book_valuer_per_share_4q_avg": 7.31,
            "equity": 1206120,
            "current_ratio": 145.15,
            "debt_ratio": 58.44,
            "inventory_turnover_ratio": 1.17,
            "account_receivable_turnover_ratio": 1.13,
            "reinvestment_rate": null,
            "research_to_sale_ratio": 10.42,
            "price_fair": 25.67,
            "eps_avg_yearly": 0.73,
            "eps_latest_yearly": 1.16,
            "eps_growth_yearly": 597.98
        },
        "20221": {
            "year_quarter": 20221,
            "year": 2022,
            "quarter": 1,
            "eps": 0.48,
            "eps_growth_year": 700,
            "eps_4q": 1.02,
            "eps_4q_growth_year": null,
            "roe": 5.87,
            "roe_4q": 13.36,
            "gross_profit": 172698,
            "gross_margin": 22.74,
            "gross_margin_4q_avg": 20.88,
            "net_income": 73464,
            "revenue": 759414,
            "common_shares": 1555490,
            "book_valuer_per_share": 8.34,
            "book_valuer_per_share_4q_avg": 7.63,
            "equity": 1298201,
            "current_ratio": 162.99,
            "debt_ratio": 52.53,
            "inventory_turnover_ratio": 1.15,
            "account_receivable_turnover_ratio": 1.12,
            "reinvestment_rate": null,
            "research_to_sale_ratio": 5.45,
            "price_fair": 36.05,
            "eps_avg_yearly": 1.03,
            "eps_latest_yearly": 1.92,
            "eps_growth_yearly": 514
        },
        "20222": {
            "year_quarter": 20222,
            "year": 2022,
            "quarter": 2,
            "eps": 0.55,
            "eps_growth_year": 1275,
            "eps_4q": 1.52,
            "eps_4q_growth_year": null,
            "roe": 6.35,
            "roe_4q": 19.1,
            "gross_profit": 195562,
            "gross_margin": 23.42,
            "gross_margin_4q_avg": 22.34,
            "net_income": 85770,
            "revenue": 834913,
            "common_shares": 1555880,
            "book_valuer_per_share": 8.98,
            "book_valuer_per_share_4q_avg": 8.11,
            "equity": 1404653,
            "current_ratio": 166.85,
            "debt_ratio": 53.61,
            "inventory_turnover_ratio": 1.43,
            "account_receivable_turnover_ratio": 1.04,
            "reinvestment_rate": null,
            "research_to_sale_ratio": 6.11,
            "price_fair": 44.24,
            "eps_avg_yearly": 1.26,
            "eps_latest_yearly": 2.2,
            "eps_growth_yearly": 422.87
        },
        "20223": {
            "year_quarter": 20223,
            "year": 2022,
            "quarter": 3,
            "eps": 0.69,
            "eps_growth_year": 213.64,
            "eps_4q": 1.99,
            "eps_4q_growth_year": 782.83,
            "roe": 7.31,
            "roe_4q": 23.380000000000003,
            "gross_profit": 202507,
            "gross_margin": 22.76,
            "gross_margin_4q_avg": 23.34,
            "net_income": 107470,
            "revenue": 889779,
            "common_shares": 1563340,
            "book_valuer_per_share": 9.8,
            "book_valuer_per_share_4q_avg": 8.72,
            "equity": 1536280,
            "current_ratio": 169.13,
            "debt_ratio": 52.18,
            "inventory_turnover_ratio": 1.58,
            "account_receivable_turnover_ratio": 1.01,
            "reinvestment_rate": null,
            "research_to_sale_ratio": 5.4,
            "price_fair": 52.97,
            "eps_avg_yearly": 1.51,
            "eps_latest_yearly": 2.76,
            "eps_growth_yearly": 369.36
        },
        "20224": {
            "year_quarter": 20224,
            "year": 2022,
            "quarter": 4,
            "eps": 0.43,
            "eps_growth_year": 47.35,
            "eps_4q": 2.01,
            "eps_4q_growth_year": 228.66,
            "roe": 4.13,
            "roe_4q": 23.66,
            "gross_profit": 233784,
            "gross_margin": 25.4,
            "gross_margin_4q_avg": 23.58,
            "net_income": 71795,
            "revenue": 920249,
            "common_shares": 1670605,
            "book_valuer_per_share": 11.56,
            "book_valuer_per_share_4q_avg": 9.67,
            "equity": 1942771,
            "current_ratio": 198.79,
            "debt_ratio": 45.57,
            "inventory_turnover_ratio": 1.56,
            "account_receivable_turnover_ratio": 1.02,
            "reinvestment_rate": 167.92,
            "research_to_sale_ratio": 6.66,
            "price_fair": 54,
            "eps_avg_yearly": 1.54,
            "eps_latest_yearly": 1.72,
            "eps_growth_yearly": 295.06
        },
        "20231": {
            "year_quarter": 20231,
            "year": 2023,
            "quarter": 1,
            "eps": 0.45,
            "eps_growth_year": -6.25,
            "eps_4q": 1.88,
            "eps_4q_growth_year": 84.34,
            "roe": 3.45,
            "roe_4q": 21.240000000000002,
            "gross_profit": 217416,
            "gross_margin": 24.53,
            "gross_margin_4q_avg": 24.03,
            "net_income": 76482,
            "revenue": 886173,
            "common_shares": 1806232,
            "book_valuer_per_share": 13.78,
            "book_valuer_per_share_4q_avg": 11.03,
            "equity": 2496875,
            "current_ratio": 241.82,
            "debt_ratio": 38.73,
            "inventory_turnover_ratio": 1.49,
            "account_receivable_turnover_ratio": 0.89,
            "reinvestment_rate": 42.74,
            "research_to_sale_ratio": 6.39,
            "price_fair": 55.13,
            "eps_avg_yearly": 1.58,
            "eps_latest_yearly": 1.8,
            "eps_growth_yearly": 260.5
        }
    },
    "months": {
        "2001-06": {
            "month": "2001-06",
            "price": "13.38",
            "revenue": 102757
        },
        "2001-07": {
            "month": "2001-07",
            "price": "11.02",
            "revenue": 120103
        },
        "2001-08": {
            "month": "2001-08",
            "price": "11.39",
            "revenue": 140451
        },
        "2001-09": {
            "month": "2001-09",
            "price": "9.81",
            "revenue": 84805
        },
        "2001-10": {
            "month": "2001-10",
            "price": "7.02",
            "revenue": 48997
        },
        "2001-11": {
            "month": "2001-11",
            "price": "7.91",
            "revenue": 68796
        },
        "2001-12": {
            "month": "2001-12",
            "price": "9.35",
            "revenue": 61449
        },
        "2002-01": {
            "month": "2002-01",
            "price": "10.13",
            "revenue": 73378
        },
        "2002-02": {
            "month": "2002-02",
            "price": "9.74",
            "revenue": 46137
        },
        "2002-03": {
            "month": "2002-03",
            "price": "10.19",
            "revenue": 71846
        },
        "2002-04": {
            "month": "2002-04",
            "price": "11.52",
            "revenue": 66298
        },
        "2002-05": {
            "month": "2002-05",
            "price": "9.37",
            "revenue": 60862
        },
        "2002-06": {
            "month": "2002-06",
            "price": "8.10",
            "revenue": 71733
        },
        "2002-07": {
            "month": "2002-07",
            "price": "6.93",
            "revenue": 37278
        },
        "2002-08": {
            "month": "2002-08",
            "price": "6.01",
            "revenue": 56798
        },
        "2002-09": {
            "month": "2002-09",
            "price": "5.59",
            "revenue": 64730
        },
        "2002-10": {
            "month": "2002-10",
            "price": "5.32",
            "revenue": 96139
        },
        "2002-11": {
            "month": "2002-11",
            "price": "5.56",
            "revenue": 104028
        },
        "2002-12": {
            "month": "2002-12",
            "price": "6.20",
            "revenue": 85942
        },
        "2003-01": {
            "month": "2003-01",
            "price": "6.23",
            "revenue": 94630
        },
        "2003-02": {
            "month": "2003-02",
            "price": "6.35",
            "revenue": 38628
        },
        "2003-03": {
            "month": "2003-03",
            "price": "5.73",
            "revenue": 61988
        },
        "2003-04": {
            "month": "2003-04",
            "price": "5.19",
            "revenue": 78333
        },
        "2003-05": {
            "month": "2003-05",
            "price": "5.17",
            "revenue": 58057
        },
        "2003-06": {
            "month": "2003-06",
            "price": "6.85",
            "revenue": 69770
        },
        "2003-07": {
            "month": "2003-07",
            "price": "6.64",
            "revenue": 58843
        },
        "2003-08": {
            "month": "2003-08",
            "price": "6.41",
            "revenue": 70177
        },
        "2003-09": {
            "month": "2003-09",
            "price": "6.36",
            "revenue": 83083
        },
        "2003-10": {
            "month": "2003-10",
            "price": "7.00",
            "revenue": 96122
        },
        "2003-12": {
            "month": "2003-12",
            "price": "9.31",
            "revenue": 99677
        },
        "2004-01": {
            "month": "2004-01",
            "price": "9.90",
            "revenue": 51889
        },
        "2004-02": {
            "month": "2004-02",
            "price": "12.86",
            "revenue": 65690
        },
        "2004-03": {
            "month": "2004-03",
            "price": "13.97",
            "revenue": 100418
        },
        "2004-04": {
            "month": "2004-04",
            "price": "16.80",
            "revenue": 101767
        },
        "2004-05": {
            "month": "2004-05",
            "price": "13.50",
            "revenue": 129071
        },
        "2004-06": {
            "month": "2004-06",
            "price": "13.34",
            "revenue": 101103
        },
        "2004-07": {
            "month": "2004-07",
            "price": "11.34",
            "revenue": 86421
        },
        "2004-08": {
            "month": "2004-08",
            "price": "10.34",
            "revenue": 132170
        },
        "2004-09": {
            "month": "2004-09",
            "price": "10.80",
            "revenue": 141489
        },
        "2004-10": {
            "month": "2004-10",
            "price": "12.18",
            "revenue": 162353
        },
        "2004-11": {
            "month": "2004-11",
            "price": "11.60",
            "revenue": 186962
        },
        "2004-12": {
            "month": "2004-12",
            "price": "11.02",
            "revenue": 133599
        },
        "2005-01": {
            "month": "2005-01",
            "price": "10.65",
            "revenue": 85544
        },
        "2005-02": {
            "month": "2005-02",
            "price": "10.79",
            "revenue": 84518
        },
        "2005-03": {
            "month": "2005-03",
            "price": "11.51",
            "revenue": 116472
        },
        "2005-04": {
            "month": "2005-04",
            "price": "10.76",
            "revenue": 133295
        },
        "2005-05": {
            "month": "2005-05",
            "price": "10.13",
            "revenue": 119717
        },
        "2005-06": {
            "month": "2005-06",
            "price": "10.13",
            "revenue": 128615
        },
        "2005-07": {
            "month": "2005-07",
            "price": "11.25",
            "revenue": 142000
        },
        "2005-08": {
            "month": "2005-08",
            "price": "10.62",
            "revenue": 163431
        },
        "2005-09": {
            "month": "2005-09",
            "price": "12.54",
            "revenue": 125320
        },
        "2005-10": {
            "month": "2005-10",
            "price": "12.94",
            "revenue": 174302
        },
        "2005-11": {
            "month": "2005-11",
            "price": "13.77",
            "revenue": 178191
        },
        "2005-12": {
            "month": "2005-12",
            "price": "17.50",
            "revenue": 199045
        },
        "2006-01": {
            "month": "2006-01",
            "price": "20.72",
            "revenue": 170956
        },
        "2006-02": {
            "month": "2006-02",
            "price": "19.71",
            "revenue": 132146
        },
        "2006-03": {
            "month": "2006-03",
            "price": "18.23",
            "revenue": 144850
        },
        "2006-04": {
            "month": "2006-04",
            "price": "19.94",
            "revenue": 122324
        },
        "2006-05": {
            "month": "2006-05",
            "price": "19.45",
            "revenue": 137718
        },
        "2006-06": {
            "month": "2006-06",
            "price": "17.61",
            "revenue": 145860
        },
        "2006-07": {
            "month": "2006-07",
            "price": "16.83",
            "revenue": 139477
        },
        "2006-08": {
            "month": "2006-08",
            "price": "16.61",
            "revenue": 153643
        },
        "2006-09": {
            "month": "2006-09",
            "price": "14.27",
            "revenue": 132505
        },
        "2006-10": {
            "month": "2006-10",
            "price": "14.07",
            "revenue": 167721
        },
        "2006-11": {
            "month": "2006-11",
            "price": "14.57",
            "revenue": 148144
        },
        "2006-12": {
            "month": "2006-12",
            "price": "14.71",
            "revenue": 101982
        },
        "2007-01": {
            "month": "2007-01",
            "price": "14.28",
            "revenue": 135740
        },
        "2007-02": {
            "month": "2007-02",
            "price": "13.01",
            "revenue": 89423
        },
        "2007-03": {
            "month": "2007-03",
            "price": "12.73",
            "revenue": 140191
        },
        "2007-04": {
            "month": "2007-04",
            "price": "13.10",
            "revenue": 122683
        },
        "2007-05": {
            "month": "2007-05",
            "price": "11.09",
            "revenue": 90932
        },
        "2007-06": {
            "month": "2007-06",
            "price": "11.16",
            "revenue": 144714
        },
        "2007-07": {
            "month": "2007-07",
            "price": "13.91",
            "revenue": 114754
        },
        "2007-08": {
            "month": "2007-08",
            "price": "13.80",
            "revenue": 112264
        },
        "2007-09": {
            "month": "2007-09",
            "price": "12.81",
            "revenue": 125707
        },
        "2007-10": {
            "month": "2007-10",
            "price": "11.59",
            "revenue": 164453
        },
        "2007-11": {
            "month": "2007-11",
            "price": "9.24",
            "revenue": 150619
        },
        "2007-12": {
            "month": "2007-12",
            "price": "7.64",
            "revenue": 136231
        },
        "2008-01": {
            "month": "2008-01",
            "price": "6.50",
            "revenue": 134230
        },
        "2008-02": {
            "month": "2008-02",
            "price": "6.70",
            "revenue": 68460
        },
        "2008-03": {
            "month": "2008-03",
            "price": "7.19",
            "revenue": 113542
        },
        "2008-04": {
            "month": "2008-04",
            "price": "7.01",
            "revenue": 101163
        },
        "2008-05": {
            "month": "2008-05",
            "price": "7.03",
            "revenue": 123459
        },
        "2008-06": {
            "month": "2008-06",
            "price": "6.24",
            "revenue": 93862
        },
        "2008-07": {
            "month": "2008-07",
            "price": "5.10",
            "revenue": 112470
        },
        "2008-08": {
            "month": "2008-08",
            "price": "5.32",
            "revenue": 107763
        },
        "2008-09": {
            "month": "2008-09",
            "price": "4.52",
            "revenue": 177856
        },
        "2008-10": {
            "month": "2008-10",
            "price": "4.89",
            "revenue": 134378
        },
        "2008-11": {
            "month": "2008-11",
            "price": "5.71",
            "revenue": 150741
        },
        "2008-12": {
            "month": "2008-12",
            "price": "6.53",
            "revenue": 122665
        },
        "2009-01": {
            "month": "2009-01",
            "price": "5.12",
            "revenue": 91165
        },
        "2009-02": {
            "month": "2009-02",
            "price": "4.88",
            "revenue": 101658
        },
        "2009-03": {
            "month": "2009-03",
            "price": "5.86",
            "revenue": 108247
        },
        "2009-04": {
            "month": "2009-04",
            "price": "7.32",
            "revenue": 139373
        },
        "2009-05": {
            "month": "2009-05",
            "price": "8.20",
            "revenue": 128972
        },
        "2009-06": {
            "month": "2009-06",
            "price": "8.58",
            "revenue": 127224
        },
        "2009-07": {
            "month": "2009-07",
            "price": "9.56",
            "revenue": 101726
        },
        "2009-08": {
            "month": "2009-08",
            "price": "10.04",
            "revenue": 130376
        },
        "2009-09": {
            "month": "2009-09",
            "price": "11.63",
            "revenue": 177343
        },
        "2009-10": {
            "month": "2009-10",
            "price": "11.98",
            "revenue": 179016
        },
        "2009-11": {
            "month": "2009-11",
            "price": "12.37",
            "revenue": 166873
        },
        "2009-12": {
            "month": "2009-12",
            "price": "13.15",
            "revenue": 192467
        },
        "2010-01": {
            "month": "2010-01",
            "price": "12.91",
            "revenue": 181156
        },
        "2010-02": {
            "month": "2010-02",
            "price": "10.95",
            "revenue": 111026
        },
        "2010-03": {
            "month": "2010-03",
            "price": "12.11",
            "revenue": 181744
        },
        "2010-04": {
            "month": "2010-04",
            "price": "12.64",
            "revenue": 151212
        },
        "2010-05": {
            "month": "2010-05",
            "price": "11.97",
            "revenue": 137420
        },
        "2010-06": {
            "month": "2010-06",
            "price": "12.46",
            "revenue": 170120
        },
        "2010-07": {
            "month": "2010-07",
            "price": "15.29",
            "revenue": 116137
        },
        "2010-08": {
            "month": "2010-08",
            "price": "18.40",
            "revenue": 138965
        },
        "2010-09": {
            "month": "2010-09",
            "price": "16.89",
            "revenue": 207081
        },
        "2010-10": {
            "month": "2010-10",
            "price": "15.10",
            "revenue": 162617
        },
        "2010-11": {
            "month": "2010-11",
            "price": "13.08",
            "revenue": 139002
        },
        "2010-12": {
            "month": "2010-12",
            "price": "13.45",
            "revenue": 216483
        },
        "2011-01": {
            "month": "2011-01",
            "price": "13.78",
            "revenue": 181590
        },
        "2011-02": {
            "month": "2011-02",
            "price": "13.31",
            "revenue": 72476
        },
        "2011-03": {
            "month": "2011-03",
            "price": "13.60",
            "revenue": 169916
        },
        "2011-04": {
            "month": "2011-04",
            "price": "13.48",
            "revenue": 174102
        },
        "2011-05": {
            "month": "2011-05",
            "price": "12.21",
            "revenue": 191972
        },
        "2011-06": {
            "month": "2011-06",
            "price": "11.20",
            "revenue": 179865
        },
        "2011-07": {
            "month": "2011-07",
            "price": "10.11",
            "revenue": 168654
        },
        "2011-08": {
            "month": "2011-08",
            "price": "8.01",
            "revenue": 178530
        },
        "2011-09": {
            "month": "2011-09",
            "price": "7.99",
            "revenue": 166313
        },
        "2011-10": {
            "month": "2011-10",
            "price": "7.86",
            "revenue": 169707
        },
        "2011-11": {
            "month": "2011-11",
            "price": "6.49",
            "revenue": 200733
        },
        "2011-12": {
            "month": "2011-12",
            "price": "6.97",
            "revenue": 203528
        },
        "2012-01": {
            "month": "2012-01",
            "price": "7.70",
            "revenue": 148783
        },
        "2012-02": {
            "month": "2012-02",
            "price": "8.62",
            "revenue": 174131
        },
        "2012-03": {
            "month": "2012-03",
            "price": "9.19",
            "revenue": 149891
        },
        "2012-04": {
            "month": "2012-04",
            "price": "7.94",
            "revenue": 118097
        },
        "2012-05": {
            "month": "2012-05",
            "price": "6.86",
            "revenue": 152983
        },
        "2012-06": {
            "month": "2012-06",
            "price": "6.16",
            "revenue": 139805
        },
        "2012-07": {
            "month": "2012-07",
            "price": "6.02",
            "revenue": 131927
        },
        "2012-08": {
            "month": "2012-08",
            "price": "5.88",
            "revenue": 195328
        },
        "2012-09": {
            "month": "2012-09",
            "price": "7.59",
            "revenue": 176861
        },
        "2012-10": {
            "month": "2012-10",
            "price": "7.55",
            "revenue": 121617
        },
        "2012-11": {
            "month": "2012-11",
            "price": "6.76",
            "revenue": 160384
        },
        "2012-12": {
            "month": "2012-12",
            "price": "7.14",
            "revenue": 245963
        },
        "2013-01": {
            "month": "2013-01",
            "price": "9.18",
            "revenue": 200558
        },
        "2013-02": {
            "month": "2013-02",
            "price": "9.37",
            "revenue": 106430
        },
        "2013-03": {
            "month": "2013-03",
            "price": "8.67",
            "revenue": 141212
        },
        "2013-04": {
            "month": "2013-04",
            "price": "8.04",
            "revenue": 147795
        },
        "2013-05": {
            "month": "2013-05",
            "price": "8.59",
            "revenue": 132189
        },
        "2013-06": {
            "month": "2013-06",
            "price": "8.53",
            "revenue": 137146
        },
        "2013-07": {
            "month": "2013-07",
            "price": "9.46",
            "revenue": 147076
        },
        "2013-08": {
            "month": "2013-08",
            "price": "9.16",
            "revenue": 174173
        },
        "2013-09": {
            "month": "2013-09",
            "price": "10.92",
            "revenue": 194341
        },
        "2013-10": {
            "month": "2013-10",
            "price": "12.90",
            "revenue": 188971
        },
        "2013-11": {
            "month": "2013-11",
            "price": "11.37",
            "revenue": 144674
        },
        "2013-12": {
            "month": "2013-12",
            "price": "11.33",
            "revenue": 190456
        },
        "2014-01": {
            "month": "2014-01",
            "price": "12.10",
            "revenue": 184252
        },
        "2014-02": {
            "month": "2014-02",
            "price": "12.84",
            "revenue": 139949
        },
        "2014-03": {
            "month": "2014-03",
            "price": "13.43",
            "revenue": 200937
        },
        "2014-04": {
            "month": "2014-04",
            "price": "13.73",
            "revenue": 163239
        },
        "2014-05": {
            "month": "2014-05",
            "price": "12.99",
            "revenue": 160229
        },
        "2014-06": {
            "month": "2014-06",
            "price": "14.58",
            "revenue": 154330
        },
        "2014-07": {
            "month": "2014-07",
            "price": "14.64",
            "revenue": 156420
        },
        "2014-08": {
            "month": "2014-08",
            "price": "14.76",
            "revenue": 170607
        },
        "2014-09": {
            "month": "2014-09",
            "price": "15.50",
            "revenue": 240637
        },
        "2014-10": {
            "month": "2014-10",
            "price": "16.11",
            "revenue": 189149
        },
        "2014-11": {
            "month": "2014-11",
            "price": "13.92",
            "revenue": 156201
        },
        "2014-12": {
            "month": "2014-12",
            "price": "13.59",
            "revenue": 168495
        },
        "2015-01": {
            "month": "2015-01",
            "price": "15.33",
            "revenue": 199627
        },
        "2015-02": {
            "month": "2015-02",
            "price": "14.93",
            "revenue": 100264
        },
        "2015-03": {
            "month": "2015-03",
            "price": "15.90",
            "revenue": 126070
        },
        "2015-04": {
            "month": "2015-04",
            "price": "17.07",
            "revenue": 111517
        },
        "2015-05": {
            "month": "2015-05",
            "price": "16.03",
            "revenue": 124999
        },
        "2015-06": {
            "month": "2015-06",
            "price": "15.48",
            "revenue": 103639
        },
        "2015-07": {
            "month": "2015-07",
            "price": "13.81",
            "revenue": 108637
        },
        "2015-08": {
            "month": "2015-08",
            "price": "14.25",
            "revenue": 110939
        },
        "2015-09": {
            "month": "2015-09",
            "price": "15.01",
            "revenue": 153373
        },
        "2015-10": {
            "month": "2015-10",
            "price": "15.73",
            "revenue": 259772
        },
        "2015-11": {
            "month": "2015-11",
            "price": "17.66",
            "revenue": 271026
        },
        "2015-12": {
            "month": "2015-12",
            "price": "18.75",
            "revenue": 166226
        },
        "2016-01": {
            "month": "2016-01",
            "price": "16.48",
            "revenue": 139470
        },
        "2016-02": {
            "month": "2016-02",
            "price": "16.68",
            "revenue": 151837
        },
        "2016-03": {
            "month": "2016-03",
            "price": "18.79",
            "revenue": 188120
        },
        "2016-04": {
            "month": "2016-04",
            "price": "17.54",
            "revenue": 240427
        },
        "2016-05": {
            "month": "2016-05",
            "price": "15.19",
            "revenue": 182605
        },
        "2016-06": {
            "month": "2016-06",
            "price": "14.77",
            "revenue": 174537
        },
        "2016-07": {
            "month": "2016-07",
            "price": "14.98",
            "revenue": 206651
        },
        "2016-08": {
            "month": "2016-08",
            "price": "14.23",
            "revenue": 210755
        },
        "2016-09": {
            "month": "2016-09",
            "price": "13.76",
            "revenue": 182654
        },
        "2016-10": {
            "month": "2016-10",
            "price": "12.40",
            "revenue": 159731
        },
        "2016-11": {
            "month": "2016-11",
            "price": "10.33",
            "revenue": 163501
        },
        "2016-12": {
            "month": "2016-12",
            "price": "10.07",
            "revenue": 129794
        },
        "2017-01": {
            "month": "2017-01",
            "price": "10.84",
            "revenue": 84307
        },
        "2017-02": {
            "month": "2017-02",
            "price": "10.87",
            "revenue": 147858
        },
        "2017-03": {
            "month": "2017-03",
            "price": "10.31",
            "revenue": 130477
        },
        "2017-04": {
            "month": "2017-04",
            "price": "9.29",
            "revenue": 116571
        },
        "2017-05": {
            "month": "2017-05",
            "price": "9.44",
            "revenue": 107115
        },
        "2017-06": {
            "month": "2017-06",
            "price": "9.95",
            "revenue": 121137
        },
        "2017-07": {
            "month": "2017-07",
            "price": "9.35",
            "revenue": 150927
        },
        "2017-08": {
            "month": "2017-08",
            "price": "9.08",
            "revenue": 150442
        },
        "2017-09": {
            "month": "2017-09",
            "price": "9.39",
            "revenue": 130040
        },
        "2017-10": {
            "month": "2017-10",
            "price": "9.43",
            "revenue": 135475
        },
        "2017-11": {
            "month": "2017-11",
            "price": "9.02",
            "revenue": 127424
        },
        "2017-12": {
            "month": "2017-12",
            "price": "8.74",
            "revenue": 111605
        },
        "2018-01": {
            "month": "2018-01",
            "price": "8.19",
            "revenue": 122314
        },
        "2018-02": {
            "month": "2018-02",
            "price": "7.37",
            "revenue": 106090
        },
        "2018-03": {
            "month": "2018-03",
            "price": "7.54",
            "revenue": 114118
        },
        "2018-04": {
            "month": "2018-04",
            "price": "6.33",
            "revenue": 123200
        },
        "2018-05": {
            "month": "2018-05",
            "price": "7.02",
            "revenue": 163694
        },
        "2018-06": {
            "month": "2018-06",
            "price": "9.33",
            "revenue": 152571
        },
        "2018-07": {
            "month": "2018-07",
            "price": "8.86",
            "revenue": 157852
        },
        "2018-08": {
            "month": "2018-08",
            "price": "8.11",
            "revenue": 126207
        },
        "2018-09": {
            "month": "2018-09",
            "price": "7.07",
            "revenue": 133351
        },
        "2018-10": {
            "month": "2018-10",
            "price": "7.83",
            "revenue": 83877
        },
        "2018-11": {
            "month": "2018-11",
            "price": "6.87",
            "revenue": 95448
        },
        "2018-12": {
            "month": "2018-12",
            "price": "6.68",
            "revenue": 74650
        },
        "2019-01": {
            "month": "2019-01",
            "price": "6.40",
            "revenue": 89673
        },
        "2019-02": {
            "month": "2019-02",
            "price": "6.55",
            "revenue": 67706
        },
        "2019-03": {
            "month": "2019-03",
            "price": "7.33",
            "revenue": 63050
        },
        "2019-04": {
            "month": "2019-04",
            "price": "6.89",
            "revenue": 69233
        },
        "2019-05": {
            "month": "2019-05",
            "price": "6.59",
            "revenue": 62209
        },
        "2019-06": {
            "month": "2019-06",
            "price": "6.38",
            "revenue": 84705
        },
        "2019-07": {
            "month": "2019-07",
            "price": "6.77",
            "revenue": 82073
        },
        "2019-08": {
            "month": "2019-08",
            "price": "6.52",
            "revenue": 98330
        },
        "2019-09": {
            "month": "2019-09",
            "price": "6.55",
            "revenue": 82905
        },
        "2019-10": {
            "month": "2019-10",
            "price": "6.41",
            "revenue": 90242
        },
        "2019-11": {
            "month": "2019-11",
            "price": "6.46",
            "revenue": 95477
        },
        "2019-12": {
            "month": "2019-12",
            "price": "11.71",
            "revenue": 133168
        },
        "2020-01": {
            "month": "2020-01",
            "price": "17.20",
            "revenue": 106290
        },
        "2020-02": {
            "month": "2020-02",
            "price": "18.44",
            "revenue": 68937
        },
        "2020-03": {
            "month": "2020-03",
            "price": "12.98",
            "revenue": 108862
        },
        "2020-04": {
            "month": "2020-04",
            "price": "17.74",
            "revenue": 96342
        },
        "2020-05": {
            "month": "2020-05",
            "price": "25.39",
            "revenue": 70570
        },
        "2020-06": {
            "month": "2020-06",
            "price": "24.24",
            "revenue": 103392
        },
        "2020-07": {
            "month": "2020-07",
            "price": "36.40",
            "revenue": 115620
        },
        "2020-08": {
            "month": "2020-08",
            "price": "36.67",
            "revenue": 122125
        },
        "2020-09": {
            "month": "2020-09",
            "price": "35.96",
            "revenue": 126047
        },
        "2020-10": {
            "month": "2020-10",
            "price": "36.95",
            "revenue": 120647
        },
        "2020-11": {
            "month": "2020-11",
            "price": "46.66",
            "revenue": 156567
        },
        "2020-12": {
            "month": "2020-12",
            "price": "44.40",
            "revenue": 131692
        },
        "2021-01": {
            "month": "2021-01",
            "price": "37.88",
            "revenue": 157870
        },
        "2021-02": {
            "month": "2021-02",
            "price": "41.45",
            "revenue": 130216
        },
        "2021-03": {
            "month": "2021-03",
            "price": "39.92",
            "revenue": 202274
        },
        "2021-04": {
            "month": "2021-04",
            "price": "39.53",
            "revenue": 176206
        },
        "2021-05": {
            "month": "2021-05",
            "price": "29.85",
            "revenue": 201332
        },
        "2021-06": {
            "month": "2021-06",
            "price": "30.60",
            "revenue": 212974
        },
        "2021-07": {
            "month": "2021-07",
            "price": "35.78",
            "revenue": 188766
        },
        "2021-08": {
            "month": "2021-08",
            "price": "32.56",
            "revenue": 260360
        },
        "2021-09": {
            "month": "2021-09",
            "price": "31.55",
            "revenue": 230340
        },
        "2021-10": {
            "month": "2021-10",
            "price": "33.04",
            "revenue": 221384
        },
        "2021-11": {
            "month": "2021-11",
            "price": "40.98",
            "revenue": 249569
        },
        "2021-12": {
            "month": "2021-12",
            "price": "42.18",
            "revenue": 225018
        },
        "2022-01": {
            "month": "2022-01",
            "price": "37.81",
            "revenue": 217743
        },
        "2022-02": {
            "month": "2022-02",
            "price": "40.71",
            "revenue": 232357
        },
        "2022-03": {
            "month": "2022-03",
            "price": "39.42",
            "revenue": 310139
        },
        "2022-04": {
            "month": "2022-04",
            "price": "41.53",
            "revenue": 268563
        },
        "2022-05": {
            "month": "2022-05",
            "price": "39.73",
            "revenue": 275390
        },
        "2022-06": {
            "month": "2022-06",
            "price": "45.12",
            "revenue": 293205
        },
        "2022-07": {
            "month": "2022-07",
            "price": "37.71",
            "revenue": 285883
        },
        "2022-08": {
            "month": "2022-08",
            "price": "40.49",
            "revenue": 301620
        },
        "2022-09": {
            "month": "2022-09",
            "price": "40.25",
            "revenue": 303028
        },
        "2022-10": {
            "month": "2022-10",
            "price": "37.54",
            "revenue": 315261
        },
        "2022-11": {
            "month": "2022-11",
            "price": "40.22",
            "revenue": 290890
        },
        "2022-12": {
            "month": "2022-12",
            "price": "41.19",
            "revenue": 308179
        },
        "2023-01": {
            "month": "2023-01",
            "price": "39.94",
            "revenue": 294896
        },
        "2023-02": {
            "month": "2023-02",
            "price": "43.03",
            "revenue": 294154
        },
        "2023-03": {
            "month": "2023-03",
            "price": "42.61",
            "revenue": 294673
        },
        "2023-04": {
            "month": "2023-04",
            "price": "44.44",
            "revenue": 259981
        }
    }
}
