{
    "summary": {
        "stock_name": "天剛",
        "stock_id": "5310",
        "category": "資訊服務",
        "main_business": "系統整合、維運服務及遊戲軟體開發、銷售。",
        "website_url": "http://www.cgs.com.tw",
        "ceo": "張申曄",
        "pe_ratio": -168,
        "report_year_from": 2001,
        "report_year_to": 2023,
        "age": 23,
        "eps_negative_percentage": 57,
        "eps_growth_avg": {
            "last_all": -30.6,
            "last_2y": null,
            "last_4y": null,
            "last_8y": -100,
            "last_12y": -31.61,
            "last_16y": -21.93,
            "last_20y": -21.93,
            "at_2006_last_3y": null,
            "at_2007_last_3y": null,
            "at_2008_last_3y": null,
            "at_2009_last_3y": 100,
            "at_2010_last_3y": 7.13,
            "at_2011_last_3y": 38.08,
            "at_2012_last_3y": 53.56,
            "at_2013_last_3y": 6.15,
            "at_2014_last_3y": 2.58,
            "at_2015_last_3y": -29.89,
            "at_2016_last_3y": -96.56,
            "at_2017_last_3y": -100,
            "at_2018_last_3y": -100,
            "at_2019_last_3y": -100,
            "at_2020_last_3y": -100,
            "at_2021_last_3y": -100,
            "at_2022_last_3y": null,
            "at_2023_last_3y": null,
            "at_2024_last_3y": null,
            "at_2006_last_all": -100,
            "at_2007_last_all": -100,
            "at_2008_last_all": -100,
            "at_2009_last_all": 0,
            "at_2010_last_all": -28.58,
            "at_2011_last_all": 3.56,
            "at_2012_last_all": 22.85,
            "at_2013_last_all": 4.1,
            "at_2014_last_all": -10.77,
            "at_2015_last_all": -10.77,
            "at_2016_last_all": -21.93,
            "at_2017_last_all": -21.93,
            "at_2018_last_all": -30.6,
            "at_2019_last_all": -30.6,
            "at_2020_last_all": -30.6,
            "at_2021_last_all": -30.6,
            "at_2022_last_all": -30.6,
            "at_2023_last_all": -30.6,
            "at_2024_last_all": -30.6
        },
        "latest_eps": -0.15,
        "latest_price": 25.15,
        "latest_roe": -2.49,
        "latest_gross_margin": -319.89,
        "latest_equity": 177082,
        "latest_revenue": 880,
        "latest_gross_profit": -2815,
        "latest_net_income": -28510,
        "latest_debt_ratio": 21.57,
        "latest_current_ratio": 520.48,
        "latest_account_receivable_turnover_ratio": 0.96,
        "latest_inventory_turnover_ratio": 0.92,
        "latest_reinvestment_rate": null,
        "latest_research_to_sale_ratio": null
    },
    "eps_dividends": {
        "1994": {
            "cash": 2.25,
            "stock": 0,
            "eps": 0
        },
        "1995": {
            "cash": 0,
            "stock": 1.27,
            "eps": 0
        },
        "1996": {
            "cash": 0,
            "stock": 3,
            "eps": 0
        },
        "1999": {
            "cash": 2,
            "stock": 200,
            "eps": 0
        },
        "2000": {
            "cash": 0.48,
            "stock": 48,
            "eps": 0
        },
        "2001": {
            "cash": 0,
            "stock": 0.6,
            "eps": 1.13
        },
        "2002": {
            "cash": 0,
            "stock": 1.2,
            "eps": -0.57
        },
        "2003": {
            "cash": 0,
            "stock": 0.6,
            "eps": -3.03
        },
        "2004": {
            "cash": 0,
            "stock": 0,
            "eps": -1.16
        },
        "2005": {
            "cash": 0,
            "stock": 0,
            "eps": -4.08
        },
        "2006": {
            "cash": 0,
            "stock": 0,
            "eps": -4.43
        },
        "2007": {
            "cash": 0,
            "stock": 0,
            "eps": -4.72
        },
        "2008": {
            "cash": 0,
            "stock": 0,
            "eps": 0.11
        },
        "2009": {
            "cash": 0,
            "stock": 0,
            "eps": 4.21
        },
        "2010": {
            "cash": 0,
            "stock": 1.5,
            "eps": 0.6
        },
        "2011": {
            "cash": 0,
            "stock": 0,
            "eps": 1.41
        },
        "2012": {
            "cash": 0,
            "stock": 2,
            "eps": 4.84
        },
        "2013": {
            "cash": 0,
            "stock": 4,
            "eps": 0.5
        },
        "2014": {
            "cash": 0,
            "stock": 2,
            "eps": -0.19
        },
        "2015": {
            "cash": 0,
            "stock": 1,
            "eps": 0.41
        },
        "2016": {
            "cash": 0.3,
            "stock": 0,
            "eps": -0.93
        },
        "2017": {
            "cash": 0,
            "stock": 0,
            "eps": 0.05
        },
        "2018": {
            "cash": 0,
            "stock": 0,
            "eps": -2.77
        },
        "2019": {
            "cash": 0,
            "stock": 0,
            "eps": -3.54
        },
        "2020": {
            "cash": 0,
            "stock": 0,
            "eps": -2.63
        },
        "2021": {
            "cash": 0,
            "stock": 0,
            "eps": -0.55
        },
        "2022": {
            "cash": 0,
            "stock": 0,
            "eps": -1.07
        },
        "2023": {
            "cash": 0,
            "stock": 0,
            "eps": 0.23
        }
    },
    "dividends": {
        "1994-05-07": {
            "cash": 2.25,
            "stock": 0
        },
        "1995-07-20": {
            "cash": 0,
            "stock": 1.27
        },
        "1996-05-25": {
            "cash": 0,
            "stock": 3
        },
        "1999-05-27": {
            "cash": 2,
            "stock": 200
        },
        "2000-06-20": {
            "cash": 0.48,
            "stock": 48
        },
        "2001-05-04": {
            "cash": 0,
            "stock": 0.6
        },
        "2002-06-12": {
            "cash": 0,
            "stock": 1.2
        },
        "2003-06-18": {
            "cash": 0,
            "stock": 0.6
        },
        "2010-03-15": {
            "cash": 0,
            "stock": 1.5
        },
        "2012-06-20": {
            "cash": 0,
            "stock": 2
        },
        "2013-06-13": {
            "cash": 0,
            "stock": 4
        },
        "2014-06-11": {
            "cash": 0,
            "stock": 2
        },
        "2015-03-20": {
            "cash": 0,
            "stock": 1
        },
        "2016-07-20": {
            "cash": 0.3,
            "stock": 0
        }
    },
    "prices": {
        "200101": "10.00",
        "200102": "14.71",
        "200103": "14.60",
        "200104": "15.20",
        "200105": "11.90",
        "200106": "11.22",
        "200107": "10.48",
        "200108": "10.75",
        "200109": "8.80",
        "200110": "8.11",
        "200111": "8.90",
        "200112": "12.15",
        "200201": "19.90",
        "200202": "21.32",
        "200203": "31.89",
        "200204": "40.89",
        "200205": "31.39",
        "200206": "30.86",
        "200207": "31.66",
        "200208": "34.90",
        "200209": "32.88",
        "200210": "25.24",
        "200211": "17.33",
        "200212": "12.45",
        "200301": "12.41",
        "200302": "10.67",
        "200303": "10.87",
        "200304": "12.52",
        "200305": "10.27",
        "200306": "11.62",
        "200307": "11.67",
        "200308": "9.75",
        "200309": "8.55",
        "200310": "9.45",
        "200311": "10.10",
        "200312": "10.06",
        "200401": "9.98",
        "200402": "11.06",
        "200403": "10.01",
        "200404": "9.72",
        "200405": "8.25",
        "200406": "7.53",
        "200407": "7.81",
        "200408": "7.31",
        "200409": "6.44",
        "200410": "5.51",
        "200411": "5.41",
        "200412": "4.59",
        "200501": "4.66",
        "200502": "4.60",
        "200503": "4.73",
        "200504": "4.08",
        "200505": "3.25",
        "200506": "3.52",
        "200507": "3.49",
        "200508": "2.82",
        "200509": "2.47",
        "200510": "3.02",
        "200511": "3.32",
        "200512": "4.19",
        "200601": "4.92",
        "200602": "4.36",
        "200603": "3.45",
        "200604": "3.95",
        "200605": "4.34",
        "200606": "3.93",
        "200607": "4.20",
        "200608": "3.48",
        "200609": "2.98",
        "200610": "5.18",
        "200611": "4.51",
        "200612": "5.48",
        "200701": "5.15",
        "200702": "4.80",
        "200703": "4.56",
        "200704": "8.34",
        "200705": "6.38",
        "200706": "6.29",
        "200707": "7.53",
        "200708": "5.51",
        "200709": "2.64",
        "200710": "2.00",
        "200711": "1.75",
        "200712": "1.62",
        "200801": "1.37",
        "200802": "1.67",
        "200803": "1.44",
        "200804": "1.67",
        "200805": "2.12",
        "200806": "2.21",
        "200807": "2.17",
        "200808": "14.48",
        "200809": "16.08",
        "200810": "16.14",
        "200811": "14.78",
        "200812": "16.25",
        "200901": "15.17",
        "200902": "15.41",
        "200903": "15.36",
        "200904": "17.09",
        "200905": "17.93",
        "200906": "26.41",
        "200907": "68.98",
        "200908": "63.08",
        "200909": "63.99",
        "200910": "72.85",
        "200911": "68.11",
        "200912": "68.31",
        "201001": "66.46",
        "201002": "52.64",
        "201003": "54.13",
        "201004": "63.55",
        "201005": "49.47",
        "201006": "49.70",
        "201007": "48.58",
        "201008": "49.11",
        "201009": "48.78",
        "201010": "45.44",
        "201011": "39.88",
        "201012": "49.74",
        "201101": "46.54",
        "201102": "42.89",
        "201103": "37.97",
        "201104": "37.08",
        "201105": "43.74",
        "201106": "44.83",
        "201107": "41.62",
        "201108": "31.35",
        "201109": "27.20",
        "201110": "24.56",
        "201111": "23.61",
        "201112": "23.54",
        "201201": "23.23",
        "201202": "31.68",
        "201203": "41.43",
        "201204": "50.62",
        "201205": "50.74",
        "201206": "42.42",
        "201207": "39.34",
        "201208": "37.44",
        "201209": "36.47",
        "201210": "41.35",
        "201211": "34.93",
        "201212": "35.65",
        "201301": "39.37",
        "201302": "37.35",
        "201303": "37.18",
        "201304": "38.86",
        "201305": "37.70",
        "201306": "37.97",
        "201307": "38.45",
        "201308": "32.12",
        "201309": "29.76",
        "201310": "29.69",
        "201311": "28.28",
        "201312": "27.98",
        "201401": "31.39",
        "201402": "32.00",
        "201403": "32.25",
        "201404": "32.04",
        "201405": "32.55",
        "201406": "39.02",
        "201407": "41.39",
        "201408": "34.54",
        "201409": "30.71",
        "201410": "28.01",
        "201411": "28.57",
        "201412": "37.06",
        "201501": "34.41",
        "201502": "35.28",
        "201503": "33.47",
        "201504": "31.25",
        "201505": "29.70",
        "201506": "29.39",
        "201507": "29.48",
        "201508": "28.80",
        "201509": "27.38",
        "201510": "26.58",
        "201511": "26.82",
        "201512": "27.50",
        "201601": "26.56",
        "201602": "27.48",
        "201603": "27.22",
        "201604": "26.98",
        "201605": "26.07",
        "201606": "26.00",
        "201607": "25.97",
        "201608": "25.57",
        "201609": "23.70",
        "201610": "22.98",
        "201611": "22.31",
        "201612": "26.18",
        "201701": "25.10",
        "201702": "27.65",
        "201703": "30.89",
        "201704": "29.57",
        "201705": "29.21",
        "201706": "29.15",
        "201707": "28.15",
        "201708": "27.60",
        "201709": "28.00",
        "201710": "28.22",
        "201711": "29.14",
        "201712": "29.40",
        "201801": "30.02",
        "201802": "29.86",
        "201803": "30.74",
        "201804": "30.32",
        "201805": "30.43",
        "201806": "36.86",
        "201807": "36.79",
        "201808": "64.23",
        "201809": "67.38",
        "201810": "65.00",
        "201811": "56.27",
        "201812": "57.19",
        "201901": "48.60",
        "201902": "41.28",
        "201903": "43.65",
        "201904": "41.94",
        "201905": "29.18",
        "201906": "26.50",
        "201907": "31.18",
        "201908": "25.45",
        "201909": "23.31",
        "201910": "21.45",
        "201911": "20.80",
        "201912": "20.46",
        "202001": "19.45",
        "202002": "15.64",
        "202003": "14.52",
        "202004": "13.85",
        "202005": "12.92",
        "202006": "9.36",
        "202007": "7.54",
        "202008": "14.31",
        "202009": "14.98",
        "202010": "14.37",
        "202011": "14.00",
        "202012": "13.19",
        "202101": "13.14",
        "202102": "11.88",
        "202103": "12.48",
        "202104": "17.73",
        "202105": "14.39",
        "202106": "13.65",
        "202107": "12.88",
        "202108": "14.34",
        "202109": "13.05",
        "202110": "13.28",
        "202111": "15.34",
        "202112": "16.55",
        "202201": "31.13",
        "202202": "29.02",
        "202203": "26.82",
        "202204": "31.12",
        "202205": "28.30",
        "202206": "26.94",
        "202207": "26.64",
        "202208": "26.28",
        "202209": "26.48",
        "202210": "27.82",
        "202211": "27.75",
        "202212": "28.20",
        "202301": "26.62",
        "202302": "24.94",
        "202303": "24.36",
        "202304": "24.43",
        "202305": "27.81",
        "202306": "30.30",
        "202307": "27.65",
        "202308": "27.05",
        "202309": "24.49",
        "202310": "24.66",
        "202311": "22.55",
        "202312": "21.68"
    },
    "quarters": {
        "20011": {
            "year_quarter": 20011,
            "year": 2001,
            "quarter": 1,
            "eps": 0,
            "eps_growth_year": -100,
            "eps_4q": 0.89,
            "eps_4q_growth_year": 32.24,
            "roe": 0.01,
            "roe_4q": 0.01,
            "gross_profit": 77767,
            "gross_margin": 14.55,
            "gross_margin_4q_avg": 14.55,
            "net_income": 174,
            "net_income_4q": null,
            "revenue": 534465,
            "revenue_4q": null,
            "common_shares": 801162,
            "book_valuer_per_share": 15.28,
            "book_valuer_per_share_4q_avg": 15.28,
            "equity": 1224572,
            "current_ratio": 146.36,
            "debt_ratio": 47.84,
            "inventory_turnover_ratio": 0.89,
            "account_receivable_turnover_ratio": null,
            "reinvestment_rate": null,
            "research_to_sale_ratio": null,
            "price_fair": 0,
            "eps_avg_yearly": 0,
            "eps_latest_yearly": 0,
            "eps_growth_yearly": 0
        },
        "20012": {
            "year_quarter": 20012,
            "year": 2001,
            "quarter": 2,
            "eps": 0.48,
            "eps_growth_year": 118.18,
            "eps_4q": 1.17,
            "eps_4q_growth_year": 258.63,
            "roe": 3.09,
            "roe_4q": 3.0999999999999996,
            "gross_profit": 161600,
            "gross_margin": 20.61,
            "gross_margin_4q_avg": 17.58,
            "net_income": 38353,
            "net_income_4q": null,
            "revenue": 784135,
            "revenue_4q": null,
            "common_shares": 801162,
            "book_valuer_per_share": 15.69,
            "book_valuer_per_share_4q_avg": 15.49,
            "equity": 1256876,
            "current_ratio": 138.59,
            "debt_ratio": 50.96,
            "inventory_turnover_ratio": 1.69,
            "account_receivable_turnover_ratio": null,
            "reinvestment_rate": null,
            "research_to_sale_ratio": null,
            "price_fair": 0,
            "eps_avg_yearly": 0,
            "eps_latest_yearly": 0,
            "eps_growth_yearly": 0
        },
        "20013": {
            "year_quarter": 20013,
            "year": 2001,
            "quarter": 3,
            "eps": 0.16,
            "eps_growth_year": -75.76,
            "eps_4q": 0.64,
            "eps_4q_growth_year": -11.64,
            "roe": 1.09,
            "roe_4q": 4.1899999999999995,
            "gross_profit": 106898,
            "gross_margin": 15.83,
            "gross_margin_4q_avg": 17,
            "net_income": 13619,
            "net_income_4q": null,
            "revenue": 675427,
            "revenue_4q": null,
            "common_shares": 849232,
            "book_valuer_per_share": 14.61,
            "book_valuer_per_share_4q_avg": 15.19,
            "equity": 1240580,
            "current_ratio": 130.66,
            "debt_ratio": 50.28,
            "inventory_turnover_ratio": 1.49,
            "account_receivable_turnover_ratio": null,
            "reinvestment_rate": null,
            "research_to_sale_ratio": null,
            "price_fair": 0,
            "eps_avg_yearly": 0,
            "eps_latest_yearly": 0,
            "eps_growth_yearly": 0
        },
        "20014": {
            "year_quarter": 20014,
            "year": 2001,
            "quarter": 4,
            "eps": 0.49,
            "eps_growth_year": 1533.33,
            "eps_4q": 1.11,
            "eps_4q_growth_year": -9.71,
            "roe": 3.25,
            "roe_4q": 7.4399999999999995,
            "gross_profit": 73232,
            "gross_margin": 11.3,
            "gross_margin_4q_avg": 15.57,
            "net_income": 41286,
            "net_income_4q": null,
            "revenue": 648325,
            "revenue_4q": null,
            "common_shares": 849232,
            "book_valuer_per_share": 14.68,
            "book_valuer_per_share_4q_avg": 15.07,
            "equity": 1302065,
            "current_ratio": 135.37,
            "debt_ratio": 53.42,
            "inventory_turnover_ratio": 1.29,
            "account_receivable_turnover_ratio": null,
            "reinvestment_rate": null,
            "research_to_sale_ratio": null,
            "price_fair": 0,
            "eps_avg_yearly": 0,
            "eps_latest_yearly": 0,
            "eps_growth_yearly": 0
        },
        "20021": {
            "year_quarter": 20021,
            "year": 2002,
            "quarter": 1,
            "eps": 0.62,
            "eps_growth_year": null,
            "eps_4q": 1.79,
            "eps_4q_growth_year": 99.9,
            "roe": 3.81,
            "roe_4q": 11.24,
            "gross_profit": 154958,
            "gross_margin": 23.84,
            "gross_margin_4q_avg": 17.9,
            "net_income": 49577,
            "net_income_4q": null,
            "revenue": 649917,
            "revenue_4q": null,
            "common_shares": 849232,
            "book_valuer_per_share": 15.27,
            "book_valuer_per_share_4q_avg": 15.06,
            "equity": 1297127,
            "current_ratio": 122.56,
            "debt_ratio": 53.27,
            "inventory_turnover_ratio": 1.07,
            "account_receivable_turnover_ratio": null,
            "reinvestment_rate": null,
            "research_to_sale_ratio": null,
            "price_fair": 86.8,
            "eps_avg_yearly": 2.48,
            "eps_latest_yearly": 2.48,
            "eps_growth_yearly": 106.12
        },
        "20022": {
            "year_quarter": 20022,
            "year": 2002,
            "quarter": 2,
            "eps": 0.94,
            "eps_growth_year": 95.83,
            "eps_4q": 2.1,
            "eps_4q_growth_year": 79.76,
            "roe": 5.98,
            "roe_4q": 14.13,
            "gross_profit": 160421,
            "gross_margin": 16.15,
            "gross_margin_4q_avg": 16.78,
            "net_income": 85016,
            "net_income_4q": null,
            "revenue": 993513,
            "revenue_4q": null,
            "common_shares": 849232,
            "book_valuer_per_share": 18.24,
            "book_valuer_per_share_4q_avg": 15.7,
            "equity": 1548591,
            "current_ratio": 120.14,
            "debt_ratio": 55.49,
            "inventory_turnover_ratio": 1.71,
            "account_receivable_turnover_ratio": null,
            "reinvestment_rate": null,
            "research_to_sale_ratio": null,
            "price_fair": 109.2,
            "eps_avg_yearly": 3.12,
            "eps_latest_yearly": 3.76,
            "eps_growth_yearly": 156.29
        },
        "20023": {
            "year_quarter": 20023,
            "year": 2002,
            "quarter": 3,
            "eps": -0.67,
            "eps_growth_year": -518.75,
            "eps_4q": 1.21,
            "eps_4q_growth_year": 90.57,
            "roe": -4.03,
            "roe_4q": 9.01,
            "gross_profit": 34160,
            "gross_margin": 3.19,
            "gross_margin_4q_avg": 13.62,
            "net_income": -61304,
            "net_income_4q": null,
            "revenue": 1070430,
            "revenue_4q": null,
            "common_shares": 944246,
            "book_valuer_per_share": 15.82,
            "book_valuer_per_share_4q_avg": 16,
            "equity": 1493522,
            "current_ratio": 127.37,
            "debt_ratio": 57.9,
            "inventory_turnover_ratio": 1.69,
            "account_receivable_turnover_ratio": null,
            "reinvestment_rate": null,
            "research_to_sale_ratio": null,
            "price_fair": 109.2,
            "eps_avg_yearly": 3.12,
            "eps_latest_yearly": 3.76,
            "eps_growth_yearly": 156.29
        },
        "20024": {
            "year_quarter": 20024,
            "year": 2002,
            "quarter": 4,
            "eps": -1.46,
            "eps_growth_year": -397.96,
            "eps_4q": -0.66,
            "eps_4q_growth_year": -159.52,
            "roe": -9.31,
            "roe_4q": -3.5499999999999994,
            "gross_profit": 26088,
            "gross_margin": 2.29,
            "gross_margin_4q_avg": 11.37,
            "net_income": -133542,
            "net_income_4q": null,
            "revenue": 1137622,
            "revenue_4q": null,
            "common_shares": 951058,
            "book_valuer_per_share": 14.47,
            "book_valuer_per_share_4q_avg": 15.95,
            "equity": 1376393,
            "current_ratio": 131.37,
            "debt_ratio": 58.08,
            "inventory_turnover_ratio": 1.72,
            "account_receivable_turnover_ratio": null,
            "reinvestment_rate": 27.81,
            "research_to_sale_ratio": null,
            "price_fair": 109.2,
            "eps_avg_yearly": 3.12,
            "eps_latest_yearly": 3.76,
            "eps_growth_yearly": 156.29
        },
        "20031": {
            "year_quarter": 20031,
            "year": 2003,
            "quarter": 1,
            "eps": -0.29,
            "eps_growth_year": -146.77,
            "eps_4q": -1.43,
            "eps_4q_growth_year": -179.82,
            "roe": -2.05,
            "roe_4q": -9.41,
            "gross_profit": 97926,
            "gross_margin": 15.54,
            "gross_margin_4q_avg": 9.29,
            "net_income": -28041,
            "net_income_4q": null,
            "revenue": 630049,
            "revenue_4q": null,
            "common_shares": 952451,
            "book_valuer_per_share": 14.24,
            "book_valuer_per_share_4q_avg": 15.69,
            "equity": 1356204,
            "current_ratio": 128.59,
            "debt_ratio": 55.51,
            "inventory_turnover_ratio": 0.81,
            "account_receivable_turnover_ratio": null,
            "reinvestment_rate": -80.05,
            "research_to_sale_ratio": null,
            "price_fair": 109.2,
            "eps_avg_yearly": 3.12,
            "eps_latest_yearly": 3.76,
            "eps_growth_yearly": 156.29
        },
        "20032": {
            "year_quarter": 20032,
            "year": 2003,
            "quarter": 2,
            "eps": -2.04,
            "eps_growth_year": -317.02,
            "eps_4q": -4.38,
            "eps_4q_growth_year": -309.25,
            "roe": -15.52,
            "roe_4q": -30.910000000000004,
            "gross_profit": 27255,
            "gross_margin": 4.44,
            "gross_margin_4q_avg": 6.37,
            "net_income": -194698,
            "net_income_4q": null,
            "revenue": 613922,
            "revenue_4q": null,
            "common_shares": 952451,
            "book_valuer_per_share": 12.11,
            "book_valuer_per_share_4q_avg": 14.16,
            "equity": 1153576,
            "current_ratio": 121.32,
            "debt_ratio": 58.89,
            "inventory_turnover_ratio": 0.78,
            "account_receivable_turnover_ratio": null,
            "reinvestment_rate": null,
            "research_to_sale_ratio": null,
            "price_fair": 109.2,
            "eps_avg_yearly": 3.12,
            "eps_latest_yearly": 3.76,
            "eps_growth_yearly": 156.29
        },
        "20033": {
            "year_quarter": 20033,
            "year": 2003,
            "quarter": 3,
            "eps": 0.16,
            "eps_growth_year": null,
            "eps_4q": -3.29,
            "eps_4q_growth_year": -371.37,
            "roe": 1.42,
            "roe_4q": -25.46,
            "gross_profit": 100160,
            "gross_margin": 10.88,
            "gross_margin_4q_avg": 8.29,
            "net_income": 16510,
            "net_income_4q": null,
            "revenue": 920767,
            "revenue_4q": null,
            "common_shares": 952451,
            "book_valuer_per_share": 12.32,
            "book_valuer_per_share_4q_avg": 13.29,
            "equity": 1173613,
            "current_ratio": 118.85,
            "debt_ratio": 63.62,
            "inventory_turnover_ratio": 0.99,
            "account_receivable_turnover_ratio": null,
            "reinvestment_rate": null,
            "research_to_sale_ratio": null,
            "price_fair": 109.2,
            "eps_avg_yearly": 3.12,
            "eps_latest_yearly": 3.76,
            "eps_growth_yearly": 156.29
        },
        "20034": {
            "year_quarter": 20034,
            "year": 2003,
            "quarter": 4,
            "eps": -0.86,
            "eps_growth_year": null,
            "eps_4q": -2.9,
            "eps_4q_growth_year": null,
            "roe": -7.66,
            "roe_4q": -23.81,
            "gross_profit": 39941,
            "gross_margin": 4.02,
            "gross_margin_4q_avg": 8.72,
            "net_income": -86486,
            "net_income_4q": null,
            "revenue": 994686,
            "revenue_4q": null,
            "common_shares": 1009598,
            "book_valuer_per_share": 10.74,
            "book_valuer_per_share_4q_avg": 12.35,
            "equity": 1083921,
            "current_ratio": 125.13,
            "debt_ratio": 63.46,
            "inventory_turnover_ratio": 1.24,
            "account_receivable_turnover_ratio": null,
            "reinvestment_rate": null,
            "research_to_sale_ratio": null,
            "price_fair": 109.2,
            "eps_avg_yearly": 3.12,
            "eps_latest_yearly": 3.76,
            "eps_growth_yearly": 156.29
        },
        "20041": {
            "year_quarter": 20041,
            "year": 2004,
            "quarter": 1,
            "eps": 0.1,
            "eps_growth_year": null,
            "eps_4q": -2.5,
            "eps_4q_growth_year": null,
            "roe": 0.93,
            "roe_4q": -20.83,
            "gross_profit": 41936,
            "gross_margin": 6.19,
            "gross_margin_4q_avg": 6.38,
            "net_income": 10161,
            "net_income_4q": null,
            "revenue": 677464,
            "revenue_4q": null,
            "common_shares": 1009598,
            "book_valuer_per_share": 10.8,
            "book_valuer_per_share_4q_avg": 11.49,
            "equity": 1090799,
            "current_ratio": 126.39,
            "debt_ratio": 59.34,
            "inventory_turnover_ratio": 0.96,
            "account_receivable_turnover_ratio": null,
            "reinvestment_rate": null,
            "research_to_sale_ratio": null,
            "price_fair": 109.2,
            "eps_avg_yearly": 3.12,
            "eps_latest_yearly": 3.76,
            "eps_growth_yearly": 156.29
        },
        "20042": {
            "year_quarter": 20042,
            "year": 2004,
            "quarter": 2,
            "eps": -0.81,
            "eps_growth_year": null,
            "eps_4q": -1.4,
            "eps_4q_growth_year": null,
            "roe": -7.8,
            "roe_4q": -13.110000000000001,
            "gross_profit": 65563,
            "gross_margin": 9.85,
            "gross_margin_4q_avg": 7.74,
            "net_income": -81945,
            "net_income_4q": null,
            "revenue": 665432,
            "revenue_4q": null,
            "common_shares": 1009598,
            "book_valuer_per_share": 10.02,
            "book_valuer_per_share_4q_avg": 10.97,
            "equity": 1011118,
            "current_ratio": 127.37,
            "debt_ratio": 59.72,
            "inventory_turnover_ratio": 0.97,
            "account_receivable_turnover_ratio": null,
            "reinvestment_rate": null,
            "research_to_sale_ratio": null,
            "price_fair": 109.2,
            "eps_avg_yearly": 3.12,
            "eps_latest_yearly": 3.76,
            "eps_growth_yearly": 156.29
        },
        "20043": {
            "year_quarter": 20043,
            "year": 2004,
            "quarter": 3,
            "eps": 0.4,
            "eps_growth_year": 150,
            "eps_4q": -1.21,
            "eps_4q_growth_year": null,
            "roe": 3.88,
            "roe_4q": -10.65,
            "gross_profit": 72030,
            "gross_margin": 14.13,
            "gross_margin_4q_avg": 8.55,
            "net_income": 39441,
            "net_income_4q": null,
            "revenue": 509901,
            "revenue_4q": null,
            "common_shares": 1009598,
            "book_valuer_per_share": 10.11,
            "book_valuer_per_share_4q_avg": 10.42,
            "equity": 1020844,
            "current_ratio": 105.07,
            "debt_ratio": 56.14,
            "inventory_turnover_ratio": 0.74,
            "account_receivable_turnover_ratio": null,
            "reinvestment_rate": null,
            "research_to_sale_ratio": null,
            "price_fair": 109.2,
            "eps_avg_yearly": 3.12,
            "eps_latest_yearly": 3.76,
            "eps_growth_yearly": 156.29
        },
        "20044": {
            "year_quarter": 20044,
            "year": 2004,
            "quarter": 4,
            "eps": -0.85,
            "eps_growth_year": null,
            "eps_4q": -1.17,
            "eps_4q_growth_year": null,
            "roe": -8.62,
            "roe_4q": -11.61,
            "gross_profit": 72043,
            "gross_margin": 10.85,
            "gross_margin_4q_avg": 10.26,
            "net_income": -84125,
            "net_income_4q": null,
            "revenue": 663753,
            "revenue_4q": null,
            "common_shares": 1009598,
            "book_valuer_per_share": 9.22,
            "book_valuer_per_share_4q_avg": 10.04,
            "equity": 930582,
            "current_ratio": 110.77,
            "debt_ratio": 60.96,
            "inventory_turnover_ratio": 1.02,
            "account_receivable_turnover_ratio": null,
            "reinvestment_rate": null,
            "research_to_sale_ratio": null,
            "price_fair": 109.2,
            "eps_avg_yearly": 3.12,
            "eps_latest_yearly": 3.76,
            "eps_growth_yearly": 156.29
        },
        "20051": {
            "year_quarter": 20051,
            "year": 2005,
            "quarter": 1,
            "eps": -2.49,
            "eps_growth_year": -2590,
            "eps_4q": -3.8,
            "eps_4q_growth_year": null,
            "roe": -29.82,
            "roe_4q": -42.35999999999999,
            "gross_profit": 38948,
            "gross_margin": 8.78,
            "gross_margin_4q_avg": 10.9,
            "net_income": -241463,
            "net_income_4q": null,
            "revenue": 443446,
            "revenue_4q": null,
            "common_shares": 1009598,
            "book_valuer_per_share": 6.82,
            "book_valuer_per_share_4q_avg": 9.04,
            "equity": 688673,
            "current_ratio": 107.82,
            "debt_ratio": 63.87,
            "inventory_turnover_ratio": 0.73,
            "account_receivable_turnover_ratio": null,
            "reinvestment_rate": null,
            "research_to_sale_ratio": null,
            "price_fair": 109.2,
            "eps_avg_yearly": 3.12,
            "eps_latest_yearly": 3.76,
            "eps_growth_yearly": 156.29
        },
        "20052": {
            "year_quarter": 20052,
            "year": 2005,
            "quarter": 2,
            "eps": -0.84,
            "eps_growth_year": null,
            "eps_4q": -3.65,
            "eps_4q_growth_year": null,
            "roe": -12.64,
            "roe_4q": -47.199999999999996,
            "gross_profit": 32672,
            "gross_margin": 8,
            "gross_margin_4q_avg": 10.44,
            "net_income": -81863,
            "net_income_4q": null,
            "revenue": 408582,
            "revenue_4q": null,
            "common_shares": 1009598,
            "book_valuer_per_share": 6.01,
            "book_valuer_per_share_4q_avg": 8.04,
            "equity": 607100,
            "current_ratio": 107.87,
            "debt_ratio": 62.53,
            "inventory_turnover_ratio": 0.77,
            "account_receivable_turnover_ratio": null,
            "reinvestment_rate": null,
            "research_to_sale_ratio": null,
            "price_fair": 109.2,
            "eps_avg_yearly": 3.12,
            "eps_latest_yearly": 3.76,
            "eps_growth_yearly": 156.29
        },
        "20053": {
            "year_quarter": 20053,
            "year": 2005,
            "quarter": 3,
            "eps": 0.02,
            "eps_growth_year": -95,
            "eps_4q": -3.7,
            "eps_4q_growth_year": null,
            "roe": 0.35,
            "roe_4q": -50.73,
            "gross_profit": 61823,
            "gross_margin": 14.43,
            "gross_margin_4q_avg": 10.52,
            "net_income": 2190,
            "net_income_4q": null,
            "revenue": 428406,
            "revenue_4q": null,
            "common_shares": 1092243,
            "book_valuer_per_share": 6.01,
            "book_valuer_per_share_4q_avg": 7.02,
            "equity": 656396,
            "current_ratio": 114.78,
            "debt_ratio": 56.49,
            "inventory_turnover_ratio": 0.95,
            "account_receivable_turnover_ratio": null,
            "reinvestment_rate": null,
            "research_to_sale_ratio": null,
            "price_fair": 109.2,
            "eps_avg_yearly": 3.12,
            "eps_latest_yearly": 3.76,
            "eps_growth_yearly": 156.29
        },
        "20054": {
            "year_quarter": 20054,
            "year": 2005,
            "quarter": 4,
            "eps": -0.77,
            "eps_growth_year": null,
            "eps_4q": -3.87,
            "eps_4q_growth_year": null,
            "roe": -12.38,
            "roe_4q": -54.49,
            "gross_profit": 27079,
            "gross_margin": 9.71,
            "gross_margin_4q_avg": 10.23,
            "net_income": -76994,
            "net_income_4q": null,
            "revenue": 278905,
            "revenue_4q": null,
            "common_shares": 1092243,
            "book_valuer_per_share": 5.29,
            "book_valuer_per_share_4q_avg": 6.03,
            "equity": 587633,
            "current_ratio": 132.31,
            "debt_ratio": 54.99,
            "inventory_turnover_ratio": 0.73,
            "account_receivable_turnover_ratio": null,
            "reinvestment_rate": null,
            "research_to_sale_ratio": null,
            "price_fair": 109.2,
            "eps_avg_yearly": 3.12,
            "eps_latest_yearly": 3.76,
            "eps_growth_yearly": 156.29
        },
        "20061": {
            "year_quarter": 20061,
            "year": 2006,
            "quarter": 1,
            "eps": -0.07,
            "eps_growth_year": null,
            "eps_4q": -1.59,
            "eps_4q_growth_year": null,
            "roe": -1.25,
            "roe_4q": -25.92,
            "gross_profit": 35143,
            "gross_margin": 13.98,
            "gross_margin_4q_avg": 11.53,
            "net_income": -7217,
            "net_income_4q": null,
            "revenue": 251430,
            "revenue_4q": null,
            "common_shares": 1092243,
            "book_valuer_per_share": 5.22,
            "book_valuer_per_share_4q_avg": 5.63,
            "equity": 570295,
            "current_ratio": 146.29,
            "debt_ratio": 52.96,
            "inventory_turnover_ratio": 0.66,
            "account_receivable_turnover_ratio": null,
            "reinvestment_rate": null,
            "research_to_sale_ratio": null,
            "price_fair": 131.6,
            "eps_avg_yearly": 3.76,
            "eps_latest_yearly": 3.76,
            "eps_growth_yearly": 206.45
        },
        "20062": {
            "year_quarter": 20062,
            "year": 2006,
            "quarter": 2,
            "eps": -0.97,
            "eps_growth_year": null,
            "eps_4q": -2.35,
            "eps_4q_growth_year": null,
            "roe": -9.83,
            "roe_4q": -23.11,
            "gross_profit": 35981,
            "gross_margin": 18.75,
            "gross_margin_4q_avg": 14.22,
            "net_income": -53726,
            "net_income_4q": null,
            "revenue": 191915,
            "revenue_4q": null,
            "common_shares": 577645,
            "book_valuer_per_share": 9.05,
            "book_valuer_per_share_4q_avg": 6.39,
            "equity": 522891,
            "current_ratio": 159.9,
            "debt_ratio": 46.97,
            "inventory_turnover_ratio": 0.49,
            "account_receivable_turnover_ratio": null,
            "reinvestment_rate": null,
            "research_to_sale_ratio": null,
            "price_fair": 0,
            "eps_avg_yearly": 0,
            "eps_latest_yearly": 0,
            "eps_growth_yearly": 0
        },
        "20063": {
            "year_quarter": 20063,
            "year": 2006,
            "quarter": 3,
            "eps": -0.63,
            "eps_growth_year": -3250,
            "eps_4q": -3,
            "eps_4q_growth_year": null,
            "roe": -6.98,
            "roe_4q": -30.440000000000005,
            "gross_profit": 32568,
            "gross_margin": 15.36,
            "gross_margin_4q_avg": 14.45,
            "net_income": -35161,
            "net_income_4q": null,
            "revenue": 212061,
            "revenue_4q": null,
            "common_shares": 577645,
            "book_valuer_per_share": 8.38,
            "book_valuer_per_share_4q_avg": 6.99,
            "equity": 484353,
            "current_ratio": 156.49,
            "debt_ratio": 49.19,
            "inventory_turnover_ratio": 0.54,
            "account_receivable_turnover_ratio": null,
            "reinvestment_rate": null,
            "research_to_sale_ratio": null,
            "price_fair": 0,
            "eps_avg_yearly": 0,
            "eps_latest_yearly": 0,
            "eps_growth_yearly": 0
        },
        "20064": {
            "year_quarter": 20064,
            "year": 2006,
            "quarter": 4,
            "eps": -2.76,
            "eps_growth_year": null,
            "eps_4q": -4.38,
            "eps_4q_growth_year": null,
            "roe": -36.98,
            "roe_4q": -55.03999999999999,
            "gross_profit": -3716,
            "gross_margin": -1.73,
            "gross_margin_4q_avg": 11.59,
            "net_income": -153538,
            "net_income_4q": null,
            "revenue": 214506,
            "revenue_4q": null,
            "common_shares": 577645,
            "book_valuer_per_share": 5.78,
            "book_valuer_per_share_4q_avg": 7.11,
            "equity": 346141,
            "current_ratio": 147.09,
            "debt_ratio": 57.79,
            "inventory_turnover_ratio": 0.73,
            "account_receivable_turnover_ratio": null,
            "reinvestment_rate": null,
            "research_to_sale_ratio": null,
            "price_fair": 0,
            "eps_avg_yearly": 0,
            "eps_latest_yearly": 0,
            "eps_growth_yearly": 0
        },
        "20071": {
            "year_quarter": 20071,
            "year": 2007,
            "quarter": 1,
            "eps": -0.42,
            "eps_growth_year": null,
            "eps_4q": -4.82,
            "eps_4q_growth_year": null,
            "roe": -6.99,
            "roe_4q": -60.78,
            "gross_profit": 22010,
            "gross_margin": 11.92,
            "gross_margin_4q_avg": 11.08,
            "net_income": -23124,
            "net_income_4q": null,
            "revenue": 184627,
            "revenue_4q": null,
            "common_shares": 577645,
            "book_valuer_per_share": 5.46,
            "book_valuer_per_share_4q_avg": 7.17,
            "equity": 315497,
            "current_ratio": 140.04,
            "debt_ratio": 57.55,
            "inventory_turnover_ratio": 0.63,
            "account_receivable_turnover_ratio": null,
            "reinvestment_rate": null,
            "research_to_sale_ratio": null,
            "price_fair": 0,
            "eps_avg_yearly": 0,
            "eps_latest_yearly": 0,
            "eps_growth_yearly": 0
        },
        "20072": {
            "year_quarter": 20072,
            "year": 2007,
            "quarter": 2,
            "eps": -3.83,
            "eps_growth_year": null,
            "eps_4q": -7.37,
            "eps_4q_growth_year": null,
            "roe": -104.12,
            "roe_4q": -155.07,
            "gross_profit": 19456,
            "gross_margin": 18.85,
            "gross_margin_4q_avg": 11.1,
            "net_income": -213948,
            "net_income_4q": null,
            "revenue": 103233,
            "revenue_4q": null,
            "common_shares": 577645,
            "book_valuer_per_share": 1.65,
            "book_valuer_per_share_4q_avg": 5.32,
            "equity": 95465,
            "current_ratio": 78.51,
            "debt_ratio": 80.27,
            "inventory_turnover_ratio": 0.58,
            "account_receivable_turnover_ratio": null,
            "reinvestment_rate": null,
            "research_to_sale_ratio": null,
            "price_fair": 0,
            "eps_avg_yearly": 0,
            "eps_latest_yearly": 0,
            "eps_growth_yearly": 0
        },
        "20073": {
            "year_quarter": 20073,
            "year": 2007,
            "quarter": 3,
            "eps": -0.23,
            "eps_growth_year": null,
            "eps_4q": -6.99,
            "eps_4q_growth_year": null,
            "roe": -14.63,
            "roe_4q": -162.72,
            "gross_profit": 14204,
            "gross_margin": 19.81,
            "gross_margin_4q_avg": 12.21,
            "net_income": -13040,
            "net_income_4q": null,
            "revenue": 71709,
            "revenue_4q": null,
            "common_shares": 577645,
            "book_valuer_per_share": 1.43,
            "book_valuer_per_share_4q_avg": 3.58,
            "equity": 82781,
            "current_ratio": 65.27,
            "debt_ratio": 77.9,
            "inventory_turnover_ratio": 1.51,
            "account_receivable_turnover_ratio": null,
            "reinvestment_rate": null,
            "research_to_sale_ratio": null,
            "price_fair": 0,
            "eps_avg_yearly": 0,
            "eps_latest_yearly": 0,
            "eps_growth_yearly": 0
        },
        "20074": {
            "year_quarter": 20074,
            "year": 2007,
            "quarter": 4,
            "eps": -0.24,
            "eps_growth_year": null,
            "eps_4q": -3.77,
            "eps_4q_growth_year": null,
            "roe": -18.17,
            "roe_4q": -143.91000000000003,
            "gross_profit": 17181,
            "gross_margin": 18.54,
            "gross_margin_4q_avg": 17.28,
            "net_income": -16323,
            "net_income_4q": null,
            "revenue": 92661,
            "revenue_4q": null,
            "common_shares": 746300,
            "book_valuer_per_share": 1.27,
            "book_valuer_per_share_4q_avg": 2.45,
            "equity": 96915,
            "current_ratio": 123.6,
            "debt_ratio": 72.67,
            "inventory_turnover_ratio": 2.98,
            "account_receivable_turnover_ratio": null,
            "reinvestment_rate": null,
            "research_to_sale_ratio": null,
            "price_fair": 0,
            "eps_avg_yearly": 0,
            "eps_latest_yearly": 0,
            "eps_growth_yearly": 0
        },
        "20081": {
            "year_quarter": 20081,
            "year": 2008,
            "quarter": 1,
            "eps": 0.43,
            "eps_growth_year": null,
            "eps_4q": -3.21,
            "eps_4q_growth_year": null,
            "roe": 24.65,
            "roe_4q": -112.27000000000001,
            "gross_profit": 14603,
            "gross_margin": 22.8,
            "gross_margin_4q_avg": 20,
            "net_income": 28355,
            "net_income_4q": null,
            "revenue": 64059,
            "revenue_4q": null,
            "common_shares": 746299,
            "book_valuer_per_share": 1.66,
            "book_valuer_per_share_4q_avg": 1.5,
            "equity": 133174,
            "current_ratio": 163.42,
            "debt_ratio": 52.11,
            "inventory_turnover_ratio": 3.27,
            "account_receivable_turnover_ratio": null,
            "reinvestment_rate": null,
            "research_to_sale_ratio": null,
            "price_fair": 0,
            "eps_avg_yearly": 0,
            "eps_latest_yearly": 0,
            "eps_growth_yearly": 0
        },
        "20082": {
            "year_quarter": 20082,
            "year": 2008,
            "quarter": 2,
            "eps": -0.06,
            "eps_growth_year": null,
            "eps_4q": 0.03,
            "eps_4q_growth_year": null,
            "roe": 1.06,
            "roe_4q": -7.090000000000005,
            "gross_profit": 14752,
            "gross_margin": 48.16,
            "gross_margin_4q_avg": 27.33,
            "net_income": 1345,
            "net_income_4q": null,
            "revenue": 30634,
            "revenue_4q": null,
            "common_shares": 110406,
            "book_valuer_per_share": 11,
            "book_valuer_per_share_4q_avg": 3.84,
            "equity": 121464,
            "current_ratio": 184.39,
            "debt_ratio": 38.28,
            "inventory_turnover_ratio": 0.88,
            "account_receivable_turnover_ratio": null,
            "reinvestment_rate": null,
            "research_to_sale_ratio": null,
            "price_fair": 0,
            "eps_avg_yearly": 0,
            "eps_latest_yearly": 0,
            "eps_growth_yearly": 0
        },
        "20083": {
            "year_quarter": 20083,
            "year": 2008,
            "quarter": 3,
            "eps": 0.03,
            "eps_growth_year": null,
            "eps_4q": 0.4,
            "eps_4q_growth_year": null,
            "roe": 0.88,
            "roe_4q": 8.419999999999998,
            "gross_profit": 18424,
            "gross_margin": 30.37,
            "gross_margin_4q_avg": 29.97,
            "net_income": 1090,
            "net_income_4q": null,
            "revenue": 60657,
            "revenue_4q": null,
            "common_shares": 110406,
            "book_valuer_per_share": 11.47,
            "book_valuer_per_share_4q_avg": 6.35,
            "equity": 126626,
            "current_ratio": 145.92,
            "debt_ratio": 56.98,
            "inventory_turnover_ratio": 3.54,
            "account_receivable_turnover_ratio": null,
            "reinvestment_rate": null,
            "research_to_sale_ratio": null,
            "price_fair": 0,
            "eps_avg_yearly": 0,
            "eps_latest_yearly": 0,
            "eps_growth_yearly": 0
        },
        "20084": {
            "year_quarter": 20084,
            "year": 2008,
            "quarter": 4,
            "eps": -0.29,
            "eps_growth_year": null,
            "eps_4q": 0.58,
            "eps_4q_growth_year": null,
            "roe": -8.49,
            "roe_4q": 18.099999999999998,
            "gross_profit": 14949,
            "gross_margin": 25.34,
            "gross_margin_4q_avg": 31.67,
            "net_income": -10323,
            "net_income_4q": null,
            "revenue": 58993,
            "revenue_4q": null,
            "common_shares": 110406,
            "book_valuer_per_share": 10.56,
            "book_valuer_per_share_4q_avg": 8.67,
            "equity": 116571,
            "current_ratio": 63.01,
            "debt_ratio": 57.99,
            "inventory_turnover_ratio": 10.39,
            "account_receivable_turnover_ratio": 1.58,
            "reinvestment_rate": null,
            "research_to_sale_ratio": null,
            "price_fair": 0,
            "eps_avg_yearly": 0,
            "eps_latest_yearly": 0,
            "eps_growth_yearly": 0
        },
        "20091": {
            "year_quarter": 20091,
            "year": 2009,
            "quarter": 1,
            "eps": -0.21,
            "eps_growth_year": -148.84,
            "eps_4q": -1.24,
            "eps_4q_growth_year": null,
            "roe": -1.99,
            "roe_4q": -8.54,
            "gross_profit": 14621,
            "gross_margin": 35.33,
            "gross_margin_4q_avg": 34.8,
            "net_income": -2297,
            "net_income_4q": null,
            "revenue": 41381,
            "revenue_4q": null,
            "common_shares": 110406,
            "book_valuer_per_share": 10.4,
            "book_valuer_per_share_4q_avg": 10.86,
            "equity": 114829,
            "current_ratio": 58.51,
            "debt_ratio": 56.16,
            "inventory_turnover_ratio": 6.46,
            "account_receivable_turnover_ratio": 0.65,
            "reinvestment_rate": null,
            "research_to_sale_ratio": null,
            "price_fair": 0,
            "eps_avg_yearly": 0,
            "eps_latest_yearly": 0,
            "eps_growth_yearly": 0
        },
        "20092": {
            "year_quarter": 20092,
            "year": 2009,
            "quarter": 2,
            "eps": 2.46,
            "eps_growth_year": null,
            "eps_4q": 1.42,
            "eps_4q_growth_year": 4541.69,
            "roe": 23.74,
            "roe_4q": 14.14,
            "gross_profit": 9846,
            "gross_margin": 28.36,
            "gross_margin_4q_avg": 29.85,
            "net_income": 27190,
            "net_income_4q": null,
            "revenue": 34724,
            "revenue_4q": null,
            "common_shares": 110406,
            "book_valuer_per_share": 10.34,
            "book_valuer_per_share_4q_avg": 10.69,
            "equity": 114198,
            "current_ratio": 59.09,
            "debt_ratio": 56.48,
            "inventory_turnover_ratio": 5.2,
            "account_receivable_turnover_ratio": 0.73,
            "reinvestment_rate": null,
            "research_to_sale_ratio": null,
            "price_fair": 0,
            "eps_avg_yearly": 0,
            "eps_latest_yearly": 0,
            "eps_growth_yearly": 0
        },
        "20093": {
            "year_quarter": 20093,
            "year": 2009,
            "quarter": 3,
            "eps": 1.74,
            "eps_growth_year": 5700,
            "eps_4q": 3.06,
            "eps_4q_growth_year": 667.73,
            "roe": 15.52,
            "roe_4q": 28.779999999999994,
            "gross_profit": 30916,
            "gross_margin": 50.26,
            "gross_margin_4q_avg": 34.82,
            "net_income": 19251,
            "net_income_4q": null,
            "revenue": 61512,
            "revenue_4q": null,
            "common_shares": 110406,
            "book_valuer_per_share": 12.12,
            "book_valuer_per_share_4q_avg": 10.86,
            "equity": 133806,
            "current_ratio": 74.35,
            "debt_ratio": 51.96,
            "inventory_turnover_ratio": 4.07,
            "account_receivable_turnover_ratio": 1.17,
            "reinvestment_rate": null,
            "research_to_sale_ratio": null,
            "price_fair": 20.88,
            "eps_avg_yearly": 6.96,
            "eps_latest_yearly": 6.96,
            "eps_growth_yearly": -117.07
        },
        "20094": {
            "year_quarter": 20094,
            "year": 2009,
            "quarter": 4,
            "eps": 0.22,
            "eps_growth_year": null,
            "eps_4q": 4.22,
            "eps_4q_growth_year": 627.99,
            "roe": 1.83,
            "roe_4q": 39.1,
            "gross_profit": 18924,
            "gross_margin": 22.96,
            "gross_margin_4q_avg": 34.23,
            "net_income": 2473,
            "net_income_4q": null,
            "revenue": 82425,
            "revenue_4q": null,
            "common_shares": 110406,
            "book_valuer_per_share": 12.38,
            "book_valuer_per_share_4q_avg": 11.31,
            "equity": 136689,
            "current_ratio": 79.06,
            "debt_ratio": 55.17,
            "inventory_turnover_ratio": 5.03,
            "account_receivable_turnover_ratio": 3.02,
            "reinvestment_rate": null,
            "research_to_sale_ratio": null,
            "price_fair": 11.76,
            "eps_avg_yearly": 3.92,
            "eps_latest_yearly": 0.88,
            "eps_growth_yearly": -233.25
        },
        "20101": {
            "year_quarter": 20101,
            "year": 2010,
            "quarter": 1,
            "eps": -0.16,
            "eps_growth_year": null,
            "eps_4q": 4.27,
            "eps_4q_growth_year": null,
            "roe": -1.29,
            "roe_4q": 39.8,
            "gross_profit": 15112,
            "gross_margin": 24.7,
            "gross_margin_4q_avg": 31.57,
            "net_income": -1750,
            "net_income_4q": null,
            "revenue": 61192,
            "revenue_4q": null,
            "common_shares": 110406,
            "book_valuer_per_share": 12.22,
            "book_valuer_per_share_4q_avg": 11.77,
            "equity": 134943,
            "current_ratio": 75.55,
            "debt_ratio": 52.62,
            "inventory_turnover_ratio": 3.39,
            "account_receivable_turnover_ratio": 1.24,
            "reinvestment_rate": null,
            "research_to_sale_ratio": 1.85,
            "price_fair": 11.76,
            "eps_avg_yearly": 3.92,
            "eps_latest_yearly": 0.88,
            "eps_growth_yearly": -233.25
        },
        "20102": {
            "year_quarter": 20102,
            "year": 2010,
            "quarter": 2,
            "eps": 0.21,
            "eps_growth_year": -91.43,
            "eps_4q": 1.78,
            "eps_4q_growth_year": 25.44,
            "roe": 1.95,
            "roe_4q": 18.009999999999998,
            "gross_profit": 15709,
            "gross_margin": 27.3,
            "gross_margin_4q_avg": 31.31,
            "net_income": 2689,
            "net_income_4q": null,
            "revenue": 57538,
            "revenue_4q": null,
            "common_shares": 110406,
            "book_valuer_per_share": 12.7,
            "book_valuer_per_share_4q_avg": 12.36,
            "equity": 140196,
            "current_ratio": 94.35,
            "debt_ratio": 50.19,
            "inventory_turnover_ratio": 3.87,
            "account_receivable_turnover_ratio": 1.19,
            "reinvestment_rate": null,
            "research_to_sale_ratio": 2.31,
            "price_fair": 11.76,
            "eps_avg_yearly": 3.92,
            "eps_latest_yearly": 0.88,
            "eps_growth_yearly": -233.25
        },
        "20103": {
            "year_quarter": 20103,
            "year": 2010,
            "quarter": 3,
            "eps": 0.2,
            "eps_growth_year": -88.25,
            "eps_4q": 0.38,
            "eps_4q_growth_year": -87.57,
            "roe": 1.36,
            "roe_4q": 3.85,
            "gross_profit": 16273,
            "gross_margin": 23.6,
            "gross_margin_4q_avg": 24.64,
            "net_income": 3976,
            "net_income_4q": null,
            "revenue": 68962,
            "revenue_4q": null,
            "common_shares": 194496,
            "book_valuer_per_share": 22.84,
            "book_valuer_per_share_4q_avg": 15.04,
            "equity": 444153,
            "current_ratio": 275.51,
            "debt_ratio": 27.53,
            "inventory_turnover_ratio": 0.38,
            "account_receivable_turnover_ratio": 1.27,
            "reinvestment_rate": null,
            "research_to_sale_ratio": 2.03,
            "price_fair": 8.64,
            "eps_avg_yearly": 2.88,
            "eps_latest_yearly": 0.8,
            "eps_growth_yearly": -161.85
        },
        "20104": {
            "year_quarter": 20104,
            "year": 2010,
            "quarter": 4,
            "eps": 0.35,
            "eps_growth_year": 59.9,
            "eps_4q": 0.6,
            "eps_4q_growth_year": -85.68,
            "roe": 1.53,
            "roe_4q": 3.55,
            "gross_profit": 27049,
            "gross_margin": 31.1,
            "gross_margin_4q_avg": 26.68,
            "net_income": 6842,
            "net_income_4q": null,
            "revenue": 86979,
            "revenue_4q": null,
            "common_shares": 194496,
            "book_valuer_per_share": 23.27,
            "book_valuer_per_share_4q_avg": 17.76,
            "equity": 452575,
            "current_ratio": 275.23,
            "debt_ratio": 27.52,
            "inventory_turnover_ratio": 0.21,
            "account_receivable_turnover_ratio": 1.45,
            "reinvestment_rate": null,
            "research_to_sale_ratio": 3.68,
            "price_fair": 7.53,
            "eps_avg_yearly": 2.51,
            "eps_latest_yearly": 1.4,
            "eps_growth_yearly": -46.39
        },
        "20111": {
            "year_quarter": 20111,
            "year": 2011,
            "quarter": 1,
            "eps": 1.04,
            "eps_growth_year": null,
            "eps_4q": 1.73,
            "eps_4q_growth_year": -59.39,
            "roe": 4.37,
            "roe_4q": 9.21,
            "gross_profit": 23470,
            "gross_margin": 39.33,
            "gross_margin_4q_avg": 30.33,
            "net_income": 20233,
            "net_income_4q": null,
            "revenue": 59672,
            "revenue_4q": null,
            "common_shares": 194496,
            "book_valuer_per_share": 24.31,
            "book_valuer_per_share_4q_avg": 20.78,
            "equity": 472809,
            "current_ratio": 313.49,
            "debt_ratio": 23.65,
            "inventory_turnover_ratio": 0.12,
            "account_receivable_turnover_ratio": 1.07,
            "reinvestment_rate": null,
            "research_to_sale_ratio": 3.11,
            "price_fair": 99.4,
            "eps_avg_yearly": 2.84,
            "eps_latest_yearly": 4.16,
            "eps_growth_yearly": 120.61
        },
        "20112": {
            "year_quarter": 20112,
            "year": 2011,
            "quarter": 2,
            "eps": 0.11,
            "eps_growth_year": -46.17,
            "eps_4q": 1.5,
            "eps_4q_growth_year": -15.5,
            "roe": 0.54,
            "roe_4q": 7.800000000000001,
            "gross_profit": 17669,
            "gross_margin": 24.27,
            "gross_margin_4q_avg": 29.58,
            "net_income": 2539,
            "net_income_4q": null,
            "revenue": 72789,
            "revenue_4q": null,
            "common_shares": 194496,
            "book_valuer_per_share": 24.44,
            "book_valuer_per_share_4q_avg": 23.72,
            "equity": 475344,
            "current_ratio": 295.32,
            "debt_ratio": 25.09,
            "inventory_turnover_ratio": 0.18,
            "account_receivable_turnover_ratio": 1.31,
            "reinvestment_rate": -187.66,
            "research_to_sale_ratio": 2.37,
            "price_fair": 85.4,
            "eps_avg_yearly": 2.44,
            "eps_latest_yearly": 0.44,
            "eps_growth_yearly": 40.89
        },
        "20113": {
            "year_quarter": 20113,
            "year": 2011,
            "quarter": 3,
            "eps": 0.07,
            "eps_growth_year": -64.09,
            "eps_4q": 1.4,
            "eps_4q_growth_year": 267.88,
            "roe": 0.34,
            "roe_4q": 6.78,
            "gross_profit": 17435,
            "gross_margin": 24.44,
            "gross_margin_4q_avg": 29.79,
            "net_income": 1642,
            "net_income_4q": null,
            "revenue": 71340,
            "revenue_4q": null,
            "common_shares": 194496,
            "book_valuer_per_share": 24.53,
            "book_valuer_per_share_4q_avg": 24.14,
            "equity": 477004,
            "current_ratio": 290.82,
            "debt_ratio": 25.43,
            "inventory_turnover_ratio": 0.17,
            "account_receivable_turnover_ratio": 1.18,
            "reinvestment_rate": -154.32,
            "research_to_sale_ratio": 2.38,
            "price_fair": 51.73,
            "eps_avg_yearly": 2.13,
            "eps_latest_yearly": 0.28,
            "eps_growth_yearly": 14.27
        },
        "20114": {
            "year_quarter": 20114,
            "year": 2011,
            "quarter": 4,
            "eps": 0.19,
            "eps_growth_year": -45.74,
            "eps_4q": 1.28,
            "eps_4q_growth_year": 112.14,
            "roe": 0.89,
            "roe_4q": 6.140000000000001,
            "gross_profit": 17194,
            "gross_margin": 17.87,
            "gross_margin_4q_avg": 26.48,
            "net_income": 4269,
            "net_income_4q": null,
            "revenue": 96203,
            "revenue_4q": null,
            "common_shares": 223671,
            "book_valuer_per_share": 21.51,
            "book_valuer_per_share_4q_avg": 23.7,
            "equity": 481108,
            "current_ratio": 548.17,
            "debt_ratio": 15.66,
            "inventory_turnover_ratio": 0.25,
            "account_receivable_turnover_ratio": 1.53,
            "reinvestment_rate": -3.58,
            "research_to_sale_ratio": 2.04,
            "price_fair": 68.6,
            "eps_avg_yearly": 1.96,
            "eps_latest_yearly": 0.76,
            "eps_growth_yearly": 98.2
        },
        "20121": {
            "year_quarter": 20121,
            "year": 2012,
            "quarter": 1,
            "eps": 0.06,
            "eps_growth_year": -94.23,
            "eps_4q": 0.44,
            "eps_4q_growth_year": -74.65,
            "roe": 0.29,
            "roe_4q": 2.06,
            "gross_profit": 18522,
            "gross_margin": 28.86,
            "gross_margin_4q_avg": 23.86,
            "net_income": 1388,
            "net_income_4q": null,
            "revenue": 64168,
            "revenue_4q": null,
            "common_shares": 223671,
            "book_valuer_per_share": 21.53,
            "book_valuer_per_share_4q_avg": 23,
            "equity": 481662,
            "current_ratio": 429.38,
            "debt_ratio": 18.98,
            "inventory_turnover_ratio": 0.15,
            "account_receivable_turnover_ratio": 1.05,
            "reinvestment_rate": -4.43,
            "research_to_sale_ratio": 2.78,
            "price_fair": 61.91,
            "eps_avg_yearly": 1.77,
            "eps_latest_yearly": 0.24,
            "eps_growth_yearly": 56.88
        },
        "20122": {
            "year_quarter": 20122,
            "year": 2012,
            "quarter": 2,
            "eps": -0.19,
            "eps_growth_year": -265.16,
            "eps_4q": 0.08,
            "eps_4q_growth_year": -94.38,
            "roe": -1.05,
            "roe_4q": 0.47000000000000003,
            "gross_profit": 11381,
            "gross_margin": 23.14,
            "gross_margin_4q_avg": 23.58,
            "net_income": -5032,
            "net_income_4q": null,
            "revenue": 49178,
            "revenue_4q": null,
            "common_shares": 223671,
            "book_valuer_per_share": 21.31,
            "book_valuer_per_share_4q_avg": 22.22,
            "equity": 476634,
            "current_ratio": 408.97,
            "debt_ratio": 18.42,
            "inventory_turnover_ratio": 0.12,
            "account_receivable_turnover_ratio": 0.86,
            "reinvestment_rate": -2.26,
            "research_to_sale_ratio": 3.16,
            "price_fair": 61.91,
            "eps_avg_yearly": 1.77,
            "eps_latest_yearly": 0.24,
            "eps_growth_yearly": 56.88
        },
        "20123": {
            "year_quarter": 20123,
            "year": 2012,
            "quarter": 3,
            "eps": -0.11,
            "eps_growth_year": -246.21,
            "eps_4q": -0.08,
            "eps_4q_growth_year": -106.01,
            "roe": -0.61,
            "roe_4q": -0.4800000000000001,
            "gross_profit": 13458,
            "gross_margin": 28.92,
            "gross_margin_4q_avg": 24.7,
            "net_income": -2881,
            "net_income_4q": null,
            "revenue": 46528,
            "revenue_4q": null,
            "common_shares": 268405,
            "book_valuer_per_share": 17.65,
            "book_valuer_per_share_4q_avg": 20.5,
            "equity": 473748,
            "current_ratio": 633.45,
            "debt_ratio": 12.26,
            "inventory_turnover_ratio": 0.21,
            "account_receivable_turnover_ratio": 0.9,
            "reinvestment_rate": 0.22,
            "research_to_sale_ratio": 3,
            "price_fair": 61.91,
            "eps_avg_yearly": 1.77,
            "eps_latest_yearly": 0.24,
            "eps_growth_yearly": 56.88
        },
        "20124": {
            "year_quarter": 20124,
            "year": 2012,
            "quarter": 4,
            "eps": 5.08,
            "eps_growth_year": 2562.08,
            "eps_4q": 4.84,
            "eps_4q_growth_year": 277.25,
            "roe": 25.16,
            "roe_4q": 23.79,
            "gross_profit": 224217,
            "gross_margin": 36.41,
            "gross_margin_4q_avg": 29.33,
            "net_income": 136373,
            "net_income_4q": null,
            "revenue": 615761,
            "revenue_4q": null,
            "common_shares": 268405,
            "book_valuer_per_share": 22.73,
            "book_valuer_per_share_4q_avg": 20.81,
            "equity": 610154,
            "current_ratio": 419.48,
            "debt_ratio": 27.89,
            "inventory_turnover_ratio": 6.08,
            "account_receivable_turnover_ratio": 9.73,
            "reinvestment_rate": 0.12,
            "research_to_sale_ratio": 0.28,
            "price_fair": 61.91,
            "eps_avg_yearly": 1.77,
            "eps_latest_yearly": 0.24,
            "eps_growth_yearly": 56.88
        },
        "20131": {
            "year_quarter": 20131,
            "year": 2013,
            "quarter": 1,
            "eps": -0.08,
            "eps_growth_year": -233.33,
            "eps_4q": 4.71,
            "eps_4q_growth_year": 970.32,
            "roe": -0.35,
            "roe_4q": 23.15,
            "gross_profit": 15205,
            "gross_margin": 25.54,
            "gross_margin_4q_avg": 28.5,
            "net_income": -2103,
            "net_income_4q": null,
            "revenue": 59529,
            "revenue_4q": null,
            "common_shares": 268405,
            "book_valuer_per_share": 22.65,
            "book_valuer_per_share_4q_avg": 21.09,
            "equity": 608051,
            "current_ratio": 554.53,
            "debt_ratio": 22.82,
            "inventory_turnover_ratio": 0.37,
            "account_receivable_turnover_ratio": 0.78,
            "reinvestment_rate": 0.19,
            "research_to_sale_ratio": 2.77,
            "price_fair": 61.91,
            "eps_avg_yearly": 1.77,
            "eps_latest_yearly": 0.24,
            "eps_growth_yearly": 56.88
        },
        "20132": {
            "year_quarter": 20132,
            "year": 2013,
            "quarter": 2,
            "eps": 0.61,
            "eps_growth_year": null,
            "eps_4q": 3.93,
            "eps_4q_growth_year": 4554.45,
            "roe": 2.65,
            "roe_4q": 26.85,
            "gross_profit": 14788,
            "gross_margin": 24.03,
            "gross_margin_4q_avg": 28.73,
            "net_income": 16334,
            "net_income_4q": null,
            "revenue": 61552,
            "revenue_4q": null,
            "common_shares": 268405,
            "book_valuer_per_share": 23.26,
            "book_valuer_per_share_4q_avg": 21.57,
            "equity": 624385,
            "current_ratio": 501.84,
            "debt_ratio": 42.88,
            "inventory_turnover_ratio": 0.38,
            "account_receivable_turnover_ratio": 0.98,
            "reinvestment_rate": 216.46,
            "research_to_sale_ratio": 2.78,
            "price_fair": 61.91,
            "eps_avg_yearly": 1.77,
            "eps_latest_yearly": 0.24,
            "eps_growth_yearly": 56.88
        },
        "20133": {
            "year_quarter": 20133,
            "year": 2013,
            "quarter": 3,
            "eps": 0.08,
            "eps_growth_year": null,
            "eps_4q": 4.09,
            "eps_4q_growth_year": null,
            "roe": 0.49,
            "roe_4q": 27.95,
            "gross_profit": 26895,
            "gross_margin": 25.22,
            "gross_margin_4q_avg": 27.8,
            "net_income": 3037,
            "net_income_4q": null,
            "revenue": 106630,
            "revenue_4q": null,
            "common_shares": 375767,
            "book_valuer_per_share": 16.7,
            "book_valuer_per_share_4q_avg": 21.34,
            "equity": 627422,
            "current_ratio": 553.11,
            "debt_ratio": 41.96,
            "inventory_turnover_ratio": 0.62,
            "account_receivable_turnover_ratio": 1.77,
            "reinvestment_rate": 236.81,
            "research_to_sale_ratio": 1.71,
            "price_fair": 36.09,
            "eps_avg_yearly": 1.03,
            "eps_latest_yearly": 0.32,
            "eps_growth_yearly": 31.27
        },
        "20134": {
            "year_quarter": 20134,
            "year": 2013,
            "quarter": 4,
            "eps": -0.11,
            "eps_growth_year": -102.21,
            "eps_4q": 0.35,
            "eps_4q_growth_year": -92.82,
            "roe": -0.67,
            "roe_4q": 2.1199999999999997,
            "gross_profit": 18998,
            "gross_margin": 18.24,
            "gross_margin_4q_avg": 23.26,
            "net_income": -4217,
            "net_income_4q": null,
            "revenue": 104177,
            "revenue_4q": null,
            "common_shares": 375767,
            "book_valuer_per_share": 16.58,
            "book_valuer_per_share_4q_avg": 19.8,
            "equity": 623205,
            "current_ratio": 422,
            "debt_ratio": 44.14,
            "inventory_turnover_ratio": 0.65,
            "account_receivable_turnover_ratio": 1.44,
            "reinvestment_rate": 246.25,
            "research_to_sale_ratio": 1.86,
            "price_fair": 36.75,
            "eps_avg_yearly": 1.05,
            "eps_latest_yearly": 0.32,
            "eps_growth_yearly": 78.86
        },
        "20141": {
            "year_quarter": 20141,
            "year": 2014,
            "quarter": 1,
            "eps": -0.04,
            "eps_growth_year": null,
            "eps_4q": 0.37,
            "eps_4q_growth_year": -92.2,
            "roe": -0.22,
            "roe_4q": 2.25,
            "gross_profit": 18378,
            "gross_margin": 35.83,
            "gross_margin_4q_avg": 25.83,
            "net_income": -1351,
            "net_income_4q": null,
            "revenue": 51293,
            "revenue_4q": null,
            "common_shares": 375767,
            "book_valuer_per_share": 16.55,
            "book_valuer_per_share_4q_avg": 18.27,
            "equity": 621854,
            "current_ratio": 657.44,
            "debt_ratio": 40.9,
            "inventory_turnover_ratio": 0.25,
            "account_receivable_turnover_ratio": 0.83,
            "reinvestment_rate": 247.38,
            "research_to_sale_ratio": 2.78,
            "price_fair": 36.75,
            "eps_avg_yearly": 1.05,
            "eps_latest_yearly": 0.32,
            "eps_growth_yearly": 78.86
        },
        "20142": {
            "year_quarter": 20142,
            "year": 2014,
            "quarter": 2,
            "eps": 0.03,
            "eps_growth_year": -95.08,
            "eps_4q": -0.03,
            "eps_4q_growth_year": -100.65,
            "roe": 0.22,
            "roe_4q": -0.18000000000000005,
            "gross_profit": 20313,
            "gross_margin": 25.01,
            "gross_margin_4q_avg": 26.08,
            "net_income": 1375,
            "net_income_4q": null,
            "revenue": 81232,
            "revenue_4q": null,
            "common_shares": 375767,
            "book_valuer_per_share": 16.59,
            "book_valuer_per_share_4q_avg": 16.61,
            "equity": 623229,
            "current_ratio": 584.26,
            "debt_ratio": 41.57,
            "inventory_turnover_ratio": 0.45,
            "account_receivable_turnover_ratio": 1.49,
            "reinvestment_rate": 251.82,
            "research_to_sale_ratio": 1.65,
            "price_fair": 36.75,
            "eps_avg_yearly": 1.05,
            "eps_latest_yearly": 0.32,
            "eps_growth_yearly": 78.86
        },
        "20143": {
            "year_quarter": 20143,
            "year": 2014,
            "quarter": 3,
            "eps": -0.15,
            "eps_growth_year": -287.5,
            "eps_4q": -0.24,
            "eps_4q_growth_year": -105.83,
            "roe": -1.06,
            "roe_4q": -1.73,
            "gross_profit": 17024,
            "gross_margin": 24.69,
            "gross_margin_4q_avg": 25.94,
            "net_income": -6548,
            "net_income_4q": null,
            "revenue": 68962,
            "revenue_4q": null,
            "common_shares": 450920,
            "book_valuer_per_share": 13.68,
            "book_valuer_per_share_4q_avg": 15.85,
            "equity": 616681,
            "current_ratio": 646.93,
            "debt_ratio": 41.08,
            "inventory_turnover_ratio": 0.38,
            "account_receivable_turnover_ratio": 1.23,
            "reinvestment_rate": 268.64,
            "research_to_sale_ratio": 2.24,
            "price_fair": 38,
            "eps_avg_yearly": 1.09,
            "eps_latest_yearly": 0.32,
            "eps_growth_yearly": 92.84
        },
        "20144": {
            "year_quarter": 20144,
            "year": 2014,
            "quarter": 4,
            "eps": -0.03,
            "eps_growth_year": null,
            "eps_4q": -0.17,
            "eps_4q_growth_year": -150.18,
            "roe": -0.22,
            "roe_4q": -1.28,
            "gross_profit": 17340,
            "gross_margin": 21.41,
            "gross_margin_4q_avg": 26.74,
            "net_income": -1334,
            "net_income_4q": null,
            "revenue": 81000,
            "revenue_4q": null,
            "common_shares": 450920,
            "book_valuer_per_share": 13.65,
            "book_valuer_per_share_4q_avg": 15.12,
            "equity": 615347,
            "current_ratio": 592.76,
            "debt_ratio": 41.54,
            "inventory_turnover_ratio": 0.48,
            "account_receivable_turnover_ratio": 1.79,
            "reinvestment_rate": 283.68,
            "research_to_sale_ratio": 1.77,
            "price_fair": 36.17,
            "eps_avg_yearly": 1.03,
            "eps_latest_yearly": 0.32,
            "eps_growth_yearly": 58.32
        },
        "20151": {
            "year_quarter": 20151,
            "year": 2015,
            "quarter": 1,
            "eps": -0.11,
            "eps_growth_year": null,
            "eps_4q": -0.25,
            "eps_4q_growth_year": -168.7,
            "roe": -0.79,
            "roe_4q": -1.8500000000000003,
            "gross_profit": 18050,
            "gross_margin": 27.09,
            "gross_margin_4q_avg": 24.55,
            "net_income": -4872,
            "net_income_4q": null,
            "revenue": 66631,
            "revenue_4q": null,
            "common_shares": 450920,
            "book_valuer_per_share": 13.54,
            "book_valuer_per_share_4q_avg": 14.37,
            "equity": 610475,
            "current_ratio": 517.56,
            "debt_ratio": 42.49,
            "inventory_turnover_ratio": 0.36,
            "account_receivable_turnover_ratio": 1.36,
            "reinvestment_rate": 328.32,
            "research_to_sale_ratio": 2.2,
            "price_fair": 1.22,
            "eps_avg_yearly": 0.41,
            "eps_latest_yearly": 0.32,
            "eps_growth_yearly": -87.73
        },
        "20152": {
            "year_quarter": 20152,
            "year": 2015,
            "quarter": 2,
            "eps": -0.02,
            "eps_growth_year": -166.67,
            "eps_4q": -0.28,
            "eps_4q_growth_year": null,
            "roe": -0.17,
            "roe_4q": -2.24,
            "gross_profit": 21193,
            "gross_margin": 34.32,
            "gross_margin_4q_avg": 26.88,
            "net_income": -1048,
            "net_income_4q": null,
            "revenue": 61745,
            "revenue_4q": null,
            "common_shares": 450920,
            "book_valuer_per_share": 13.52,
            "book_valuer_per_share_4q_avg": 13.6,
            "equity": 609427,
            "current_ratio": 254.13,
            "debt_ratio": 50.9,
            "inventory_turnover_ratio": 0.29,
            "account_receivable_turnover_ratio": 1.1,
            "reinvestment_rate": 337.14,
            "research_to_sale_ratio": 2.21,
            "price_fair": 1.2,
            "eps_avg_yearly": 0.4,
            "eps_latest_yearly": 0.32,
            "eps_growth_yearly": -20.24
        },
        "20153": {
            "year_quarter": 20153,
            "year": 2015,
            "quarter": 3,
            "eps": -0.04,
            "eps_growth_year": null,
            "eps_4q": -0.19,
            "eps_4q_growth_year": null,
            "roe": -0.33,
            "roe_4q": -1.51,
            "gross_profit": 19204,
            "gross_margin": 29.01,
            "gross_margin_4q_avg": 27.96,
            "net_income": -2024,
            "net_income_4q": null,
            "revenue": 66206,
            "revenue_4q": null,
            "common_shares": 496012,
            "book_valuer_per_share": 12.25,
            "book_valuer_per_share_4q_avg": 13.24,
            "equity": 607403,
            "current_ratio": 260.43,
            "debt_ratio": 50.45,
            "inventory_turnover_ratio": 0.33,
            "account_receivable_turnover_ratio": 1.27,
            "reinvestment_rate": 345.95,
            "research_to_sale_ratio": 1.77,
            "price_fair": 13.86,
            "eps_avg_yearly": 0.44,
            "eps_latest_yearly": 0.32,
            "eps_growth_yearly": 21.5
        },
        "20154": {
            "year_quarter": 20154,
            "year": 2015,
            "quarter": 4,
            "eps": 0.58,
            "eps_growth_year": null,
            "eps_4q": 0.42,
            "eps_4q_growth_year": null,
            "roe": 4.65,
            "roe_4q": 3.3600000000000003,
            "gross_profit": 63152,
            "gross_margin": 14.9,
            "gross_margin_4q_avg": 26.33,
            "net_income": 28941,
            "net_income_4q": null,
            "revenue": 423946,
            "revenue_4q": null,
            "common_shares": 496012,
            "book_valuer_per_share": 12.83,
            "book_valuer_per_share_4q_avg": 13.04,
            "equity": 636344,
            "current_ratio": 439.05,
            "debt_ratio": 40.52,
            "inventory_turnover_ratio": 2.49,
            "account_receivable_turnover_ratio": 9.45,
            "reinvestment_rate": -0.56,
            "research_to_sale_ratio": 0.49,
            "price_fair": 0.84,
            "eps_avg_yearly": 0.28,
            "eps_latest_yearly": 0.32,
            "eps_growth_yearly": -310.61
        },
        "20161": {
            "year_quarter": 20161,
            "year": 2016,
            "quarter": 1,
            "eps": -0.12,
            "eps_growth_year": null,
            "eps_4q": 0.4,
            "eps_4q_growth_year": null,
            "roe": -0.93,
            "roe_4q": 3.22,
            "gross_profit": 21639,
            "gross_margin": 26.85,
            "gross_margin_4q_avg": 26.27,
            "net_income": -5912,
            "net_income_4q": null,
            "revenue": 80595,
            "revenue_4q": null,
            "common_shares": 496012,
            "book_valuer_per_share": 12.71,
            "book_valuer_per_share_4q_avg": 12.83,
            "equity": 630432,
            "current_ratio": 698.05,
            "debt_ratio": 37.43,
            "inventory_turnover_ratio": 0.44,
            "account_receivable_turnover_ratio": 1.39,
            "reinvestment_rate": -0.48,
            "research_to_sale_ratio": 2.13,
            "price_fair": 0.96,
            "eps_avg_yearly": 0.32,
            "eps_latest_yearly": 0.32,
            "eps_growth_yearly": -347.54
        },
        "20162": {
            "year_quarter": 20162,
            "year": 2016,
            "quarter": 2,
            "eps": -0.59,
            "eps_growth_year": null,
            "eps_4q": -0.17,
            "eps_4q_growth_year": null,
            "roe": -4.84,
            "roe_4q": -1.4499999999999993,
            "gross_profit": 27005,
            "gross_margin": 28.83,
            "gross_margin_4q_avg": 24.9,
            "net_income": -29452,
            "net_income_4q": null,
            "revenue": 93655,
            "revenue_4q": null,
            "common_shares": 496012,
            "book_valuer_per_share": 11.82,
            "book_valuer_per_share_4q_avg": 12.4,
            "equity": 586100,
            "current_ratio": 120.97,
            "debt_ratio": 41.49,
            "inventory_turnover_ratio": 0.52,
            "account_receivable_turnover_ratio": 1.27,
            "reinvestment_rate": -0.59,
            "research_to_sale_ratio": 1.9,
            "price_fair": 0.96,
            "eps_avg_yearly": 0.32,
            "eps_latest_yearly": 0.32,
            "eps_growth_yearly": -347.54
        },
        "20163": {
            "year_quarter": 20163,
            "year": 2016,
            "quarter": 3,
            "eps": -0.03,
            "eps_growth_year": null,
            "eps_4q": -0.16,
            "eps_4q_growth_year": null,
            "roe": -0.22,
            "roe_4q": -1.339999999999999,
            "gross_profit": 32235,
            "gross_margin": 44.37,
            "gross_margin_4q_avg": 28.74,
            "net_income": -1304,
            "net_income_4q": null,
            "revenue": 72648,
            "revenue_4q": null,
            "common_shares": 496012,
            "book_valuer_per_share": 11.79,
            "book_valuer_per_share_4q_avg": 12.29,
            "equity": 584796,
            "current_ratio": 121.66,
            "debt_ratio": 40.18,
            "inventory_turnover_ratio": 0.3,
            "account_receivable_turnover_ratio": 1.06,
            "reinvestment_rate": -1.85,
            "research_to_sale_ratio": 2.85,
            "price_fair": 0.96,
            "eps_avg_yearly": 0.32,
            "eps_latest_yearly": 0.32,
            "eps_growth_yearly": -347.54
        },
        "20164": {
            "year_quarter": 20164,
            "year": 2016,
            "quarter": 4,
            "eps": -0.19,
            "eps_growth_year": -132.74,
            "eps_4q": -0.93,
            "eps_4q_growth_year": -319.76,
            "roe": -1.63,
            "roe_4q": -7.619999999999999,
            "gross_profit": -28103,
            "gross_margin": -25.78,
            "gross_margin_4q_avg": 18.57,
            "net_income": -9475,
            "net_income_4q": null,
            "revenue": 109004,
            "revenue_4q": null,
            "common_shares": 496012,
            "book_valuer_per_share": 11.6,
            "book_valuer_per_share_4q_avg": 11.98,
            "equity": 575321,
            "current_ratio": 117.9,
            "debt_ratio": 41.21,
            "inventory_turnover_ratio": 0.99,
            "account_receivable_turnover_ratio": 1.73,
            "reinvestment_rate": null,
            "research_to_sale_ratio": 2.26,
            "price_fair": 0.96,
            "eps_avg_yearly": 0.32,
            "eps_latest_yearly": 0.32,
            "eps_growth_yearly": -347.54
        },
        "20171": {
            "year_quarter": 20171,
            "year": 2017,
            "quarter": 1,
            "eps": -0.04,
            "eps_growth_year": null,
            "eps_4q": -0.85,
            "eps_4q_growth_year": -310.6,
            "roe": -0.31,
            "roe_4q": -7,
            "gross_profit": 18608,
            "gross_margin": 29.07,
            "gross_margin_4q_avg": 19.12,
            "net_income": -1798,
            "net_income_4q": null,
            "revenue": 64020,
            "revenue_4q": null,
            "common_shares": 496012,
            "book_valuer_per_share": 11.56,
            "book_valuer_per_share_4q_avg": 11.69,
            "equity": 573523,
            "current_ratio": 117.42,
            "debt_ratio": 40.98,
            "inventory_turnover_ratio": 0.33,
            "account_receivable_turnover_ratio": 1.07,
            "reinvestment_rate": null,
            "research_to_sale_ratio": 2.71,
            "price_fair": 0.96,
            "eps_avg_yearly": 0.32,
            "eps_latest_yearly": 0.32,
            "eps_growth_yearly": -347.54
        },
        "20172": {
            "year_quarter": 20172,
            "year": 2017,
            "quarter": 2,
            "eps": 0.05,
            "eps_growth_year": null,
            "eps_4q": -0.2,
            "eps_4q_growth_year": null,
            "roe": 0.46,
            "roe_4q": -1.7,
            "gross_profit": 26248,
            "gross_margin": 23.26,
            "gross_margin_4q_avg": 17.73,
            "net_income": 2667,
            "net_income_4q": null,
            "revenue": 112825,
            "revenue_4q": null,
            "common_shares": 496012,
            "book_valuer_per_share": 11.62,
            "book_valuer_per_share_4q_avg": 11.64,
            "equity": 576190,
            "current_ratio": 116.82,
            "debt_ratio": 42.48,
            "inventory_turnover_ratio": 0.6,
            "account_receivable_turnover_ratio": 1.58,
            "reinvestment_rate": null,
            "research_to_sale_ratio": 1.66,
            "price_fair": 0.96,
            "eps_avg_yearly": 0.32,
            "eps_latest_yearly": 0.32,
            "eps_growth_yearly": -347.54
        },
        "20173": {
            "year_quarter": 20173,
            "year": 2017,
            "quarter": 3,
            "eps": -0.05,
            "eps_growth_year": null,
            "eps_4q": -0.22,
            "eps_4q_growth_year": null,
            "roe": -0.44,
            "roe_4q": -1.92,
            "gross_profit": 23739,
            "gross_margin": 25.05,
            "gross_margin_4q_avg": 12.9,
            "net_income": -2521,
            "net_income_4q": null,
            "revenue": 94767,
            "revenue_4q": null,
            "common_shares": 496012,
            "book_valuer_per_share": 11.57,
            "book_valuer_per_share_4q_avg": 11.59,
            "equity": 573669,
            "current_ratio": 116.85,
            "debt_ratio": 42,
            "inventory_turnover_ratio": 0.5,
            "account_receivable_turnover_ratio": 1.09,
            "reinvestment_rate": null,
            "research_to_sale_ratio": 3.58,
            "price_fair": 0,
            "eps_avg_yearly": 0,
            "eps_latest_yearly": 0,
            "eps_growth_yearly": 0
        },
        "20174": {
            "year_quarter": 20174,
            "year": 2017,
            "quarter": 4,
            "eps": 0.09,
            "eps_growth_year": null,
            "eps_4q": 0.05,
            "eps_4q_growth_year": null,
            "roe": 0.74,
            "roe_4q": 0.45,
            "gross_profit": 21175,
            "gross_margin": 18.2,
            "gross_margin_4q_avg": 23.9,
            "net_income": 4277,
            "net_income_4q": null,
            "revenue": 116324,
            "revenue_4q": null,
            "common_shares": 496012,
            "book_valuer_per_share": 11.65,
            "book_valuer_per_share_4q_avg": 11.6,
            "equity": 577946,
            "current_ratio": 117.71,
            "debt_ratio": 42.33,
            "inventory_turnover_ratio": 0.72,
            "account_receivable_turnover_ratio": 1.37,
            "reinvestment_rate": null,
            "research_to_sale_ratio": 1.82,
            "price_fair": 0,
            "eps_avg_yearly": 0,
            "eps_latest_yearly": 0,
            "eps_growth_yearly": 0
        },
        "20181": {
            "year_quarter": 20181,
            "year": 2018,
            "quarter": 1,
            "eps": -0.04,
            "eps_growth_year": null,
            "eps_4q": 0.05,
            "eps_4q_growth_year": null,
            "roe": -0.33,
            "roe_4q": 0.43,
            "gross_profit": 20885,
            "gross_margin": 33.44,
            "gross_margin_4q_avg": 24.99,
            "net_income": -1885,
            "net_income_4q": null,
            "revenue": 62458,
            "revenue_4q": null,
            "common_shares": 496012,
            "book_valuer_per_share": 11.68,
            "book_valuer_per_share_4q_avg": 11.63,
            "equity": 579423,
            "current_ratio": 118.01,
            "debt_ratio": 39.71,
            "inventory_turnover_ratio": 0.33,
            "account_receivable_turnover_ratio": 0.88,
            "reinvestment_rate": null,
            "research_to_sale_ratio": 3.15,
            "price_fair": 0,
            "eps_avg_yearly": 0,
            "eps_latest_yearly": 0,
            "eps_growth_yearly": 0
        },
        "20182": {
            "year_quarter": 20182,
            "year": 2018,
            "quarter": 2,
            "eps": 0.04,
            "eps_growth_year": -20,
            "eps_4q": 0.04,
            "eps_4q_growth_year": null,
            "roe": 0.35,
            "roe_4q": 0.32,
            "gross_profit": 22442,
            "gross_margin": 21.95,
            "gross_margin_4q_avg": 24.66,
            "net_income": 2005,
            "net_income_4q": null,
            "revenue": 102249,
            "revenue_4q": null,
            "common_shares": 496012,
            "book_valuer_per_share": 11.72,
            "book_valuer_per_share_4q_avg": 11.66,
            "equity": 581428,
            "current_ratio": 99.26,
            "debt_ratio": 40.54,
            "inventory_turnover_ratio": 0.66,
            "account_receivable_turnover_ratio": 1.46,
            "reinvestment_rate": null,
            "research_to_sale_ratio": 1.9,
            "price_fair": 0,
            "eps_avg_yearly": 0,
            "eps_latest_yearly": 0,
            "eps_growth_yearly": 0
        },
        "20183": {
            "year_quarter": 20183,
            "year": 2018,
            "quarter": 3,
            "eps": -1.14,
            "eps_growth_year": null,
            "eps_4q": -1.05,
            "eps_4q_growth_year": null,
            "roe": -10.19,
            "roe_4q": -9.43,
            "gross_profit": 23123,
            "gross_margin": 23.33,
            "gross_margin_4q_avg": 24.23,
            "net_income": -56350,
            "net_income_4q": null,
            "revenue": 99113,
            "revenue_4q": null,
            "common_shares": 496012,
            "book_valuer_per_share": 10.59,
            "book_valuer_per_share_4q_avg": 11.41,
            "equity": 525078,
            "current_ratio": 97.88,
            "debt_ratio": 47.33,
            "inventory_turnover_ratio": 0.61,
            "account_receivable_turnover_ratio": 1.03,
            "reinvestment_rate": null,
            "research_to_sale_ratio": 4.89,
            "price_fair": 0,
            "eps_avg_yearly": 0,
            "eps_latest_yearly": 0,
            "eps_growth_yearly": 0
        },
        "20184": {
            "year_quarter": 20184,
            "year": 2018,
            "quarter": 4,
            "eps": -1.63,
            "eps_growth_year": -1990.29,
            "eps_4q": -2.79,
            "eps_4q_growth_year": -5366.1,
            "roe": -17.45,
            "roe_4q": -27.619999999999997,
            "gross_profit": 3696,
            "gross_margin": 2.67,
            "gross_margin_4q_avg": 20.35,
            "net_income": -79218,
            "net_income_4q": null,
            "revenue": 138470,
            "revenue_4q": null,
            "common_shares": 496012,
            "book_valuer_per_share": 7.88,
            "book_valuer_per_share_4q_avg": 10.47,
            "equity": 383043,
            "current_ratio": 226.25,
            "debt_ratio": 33.79,
            "inventory_turnover_ratio": 1.17,
            "account_receivable_turnover_ratio": 1.23,
            "reinvestment_rate": null,
            "research_to_sale_ratio": 0.66,
            "price_fair": 0,
            "eps_avg_yearly": 0,
            "eps_latest_yearly": 0,
            "eps_growth_yearly": 0
        },
        "20191": {
            "year_quarter": 20191,
            "year": 2019,
            "quarter": 1,
            "eps": -0.71,
            "eps_growth_year": null,
            "eps_4q": -3.45,
            "eps_4q_growth_year": -6849.89,
            "roe": -9.37,
            "roe_4q": -36.66,
            "gross_profit": -2753,
            "gross_margin": -4.46,
            "gross_margin_4q_avg": 10.87,
            "net_income": -34295,
            "net_income_4q": null,
            "revenue": 61769,
            "revenue_4q": null,
            "common_shares": 496012,
            "book_valuer_per_share": 7.18,
            "book_valuer_per_share_4q_avg": 9.34,
            "equity": 348748,
            "current_ratio": 241.39,
            "debt_ratio": 31.72,
            "inventory_turnover_ratio": 0.61,
            "account_receivable_turnover_ratio": 0.62,
            "reinvestment_rate": null,
            "research_to_sale_ratio": 2.05,
            "price_fair": 0,
            "eps_avg_yearly": 0,
            "eps_latest_yearly": 0,
            "eps_growth_yearly": 0
        },
        "20192": {
            "year_quarter": 20192,
            "year": 2019,
            "quarter": 2,
            "eps": -0.55,
            "eps_growth_year": -1475,
            "eps_4q": -4.05,
            "eps_4q_growth_year": -10806.21,
            "roe": -8.03,
            "roe_4q": -45.03999999999999,
            "gross_profit": 8895,
            "gross_margin": 8.7,
            "gross_margin_4q_avg": 7.56,
            "net_income": -26938,
            "net_income_4q": null,
            "revenue": 102192,
            "revenue_4q": null,
            "common_shares": 496012,
            "book_valuer_per_share": 6.62,
            "book_valuer_per_share_4q_avg": 8.07,
            "equity": 321827,
            "current_ratio": 160.31,
            "debt_ratio": 44.06,
            "inventory_turnover_ratio": 0.87,
            "account_receivable_turnover_ratio": 1.08,
            "reinvestment_rate": null,
            "research_to_sale_ratio": 1.39,
            "price_fair": 0,
            "eps_avg_yearly": 0,
            "eps_latest_yearly": 0,
            "eps_growth_yearly": 0
        },
        "20193": {
            "year_quarter": 20193,
            "year": 2019,
            "quarter": 3,
            "eps": -0.76,
            "eps_growth_year": null,
            "eps_4q": -3.65,
            "eps_4q_growth_year": null,
            "roe": -12.2,
            "roe_4q": -47.05,
            "gross_profit": 10930,
            "gross_margin": 12.06,
            "gross_margin_4q_avg": 4.74,
            "net_income": -37005,
            "net_income_4q": null,
            "revenue": 90659,
            "revenue_4q": null,
            "common_shares": 496012,
            "book_valuer_per_share": 5.86,
            "book_valuer_per_share_4q_avg": 6.89,
            "equity": 284822,
            "current_ratio": 143.49,
            "debt_ratio": 49.77,
            "inventory_turnover_ratio": 0.78,
            "account_receivable_turnover_ratio": 0.88,
            "reinvestment_rate": null,
            "research_to_sale_ratio": 1.78,
            "price_fair": 0,
            "eps_avg_yearly": 0,
            "eps_latest_yearly": 0,
            "eps_growth_yearly": 0
        },
        "20194": {
            "year_quarter": 20194,
            "year": 2019,
            "quarter": 4,
            "eps": -1.52,
            "eps_growth_year": null,
            "eps_4q": -3.54,
            "eps_4q_growth_year": null,
            "roe": -29.72,
            "roe_4q": -59.32,
            "gross_profit": -77,
            "gross_margin": -0.11,
            "gross_margin_4q_avg": 4.05,
            "net_income": -73692,
            "net_income_4q": null,
            "revenue": 72555,
            "revenue_4q": null,
            "common_shares": 496012,
            "book_valuer_per_share": 4.34,
            "book_valuer_per_share_4q_avg": 6,
            "equity": 211130,
            "current_ratio": 135.9,
            "debt_ratio": 54.1,
            "inventory_turnover_ratio": 0.77,
            "account_receivable_turnover_ratio": 0.91,
            "reinvestment_rate": null,
            "research_to_sale_ratio": 1.75,
            "price_fair": 0,
            "eps_avg_yearly": 0,
            "eps_latest_yearly": 0,
            "eps_growth_yearly": 0
        },
        "20201": {
            "year_quarter": 20201,
            "year": 2020,
            "quarter": 1,
            "eps": -0.7,
            "eps_growth_year": null,
            "eps_4q": -3.53,
            "eps_4q_growth_year": null,
            "roe": -17.4,
            "roe_4q": -67.35,
            "gross_profit": 3618,
            "gross_margin": 6.72,
            "gross_margin_4q_avg": 6.84,
            "net_income": -33792,
            "net_income_4q": null,
            "revenue": 53809,
            "revenue_4q": null,
            "common_shares": 496012,
            "book_valuer_per_share": 3.65,
            "book_valuer_per_share_4q_avg": 5.12,
            "equity": 177338,
            "current_ratio": 124.88,
            "debt_ratio": 56.19,
            "inventory_turnover_ratio": 0.54,
            "account_receivable_turnover_ratio": 0.92,
            "reinvestment_rate": null,
            "research_to_sale_ratio": 2.12,
            "price_fair": 0,
            "eps_avg_yearly": 0,
            "eps_latest_yearly": 0,
            "eps_growth_yearly": 0
        },
        "20202": {
            "year_quarter": 20202,
            "year": 2020,
            "quarter": 2,
            "eps": -0.54,
            "eps_growth_year": null,
            "eps_4q": -3.51,
            "eps_4q_growth_year": null,
            "roe": -15.85,
            "roe_4q": -75.17,
            "gross_profit": 5254,
            "gross_margin": 17.49,
            "gross_margin_4q_avg": 9.04,
            "net_income": -26048,
            "net_income_4q": null,
            "revenue": 30042,
            "revenue_4q": null,
            "common_shares": 496012,
            "book_valuer_per_share": 3.11,
            "book_valuer_per_share_4q_avg": 4.24,
            "equity": 151290,
            "current_ratio": 133.64,
            "debt_ratio": 57.01,
            "inventory_turnover_ratio": 0.26,
            "account_receivable_turnover_ratio": 0.68,
            "reinvestment_rate": null,
            "research_to_sale_ratio": 2.14,
            "price_fair": 0,
            "eps_avg_yearly": 0,
            "eps_latest_yearly": 0,
            "eps_growth_yearly": 0
        },
        "20203": {
            "year_quarter": 20203,
            "year": 2020,
            "quarter": 3,
            "eps": -0.13,
            "eps_growth_year": null,
            "eps_4q": -2.87,
            "eps_4q_growth_year": null,
            "roe": -4.16,
            "roe_4q": -67.13,
            "gross_profit": 2536,
            "gross_margin": 15.16,
            "gross_margin_4q_avg": 9.82,
            "net_income": -6167,
            "net_income_4q": null,
            "revenue": 16730,
            "revenue_4q": null,
            "common_shares": 496012,
            "book_valuer_per_share": 2.99,
            "book_valuer_per_share_4q_avg": 3.52,
            "equity": 145123,
            "current_ratio": 114.99,
            "debt_ratio": 51.2,
            "inventory_turnover_ratio": 0.15,
            "account_receivable_turnover_ratio": 0.82,
            "reinvestment_rate": null,
            "research_to_sale_ratio": 0,
            "price_fair": 0,
            "eps_avg_yearly": 0,
            "eps_latest_yearly": 0,
            "eps_growth_yearly": 0
        },
        "20204": {
            "year_quarter": 20204,
            "year": 2020,
            "quarter": 4,
            "eps": -1.26,
            "eps_growth_year": null,
            "eps_4q": -2.61,
            "eps_4q_growth_year": null,
            "roe": -53.25,
            "roe_4q": -90.66,
            "gross_profit": 3418,
            "gross_margin": 79.3,
            "gross_margin_4q_avg": 29.67,
            "net_income": -61025,
            "net_income_4q": null,
            "revenue": 4310,
            "revenue_4q": null,
            "common_shares": 496012,
            "book_valuer_per_share": 1.73,
            "book_valuer_per_share_4q_avg": 2.87,
            "equity": 84098,
            "current_ratio": 115.43,
            "debt_ratio": 64.83,
            "inventory_turnover_ratio": 0.01,
            "account_receivable_turnover_ratio": 0.56,
            "reinvestment_rate": null,
            "research_to_sale_ratio": 0,
            "price_fair": 0,
            "eps_avg_yearly": 0,
            "eps_latest_yearly": 0,
            "eps_growth_yearly": 0
        },
        "20211": {
            "year_quarter": 20211,
            "year": 2021,
            "quarter": 1,
            "eps": -0.1,
            "eps_growth_year": null,
            "eps_4q": -1.83,
            "eps_4q_growth_year": null,
            "roe": -4.65,
            "roe_4q": -77.91,
            "gross_profit": -677,
            "gross_margin": -22.46,
            "gross_margin_4q_avg": 22.37,
            "net_income": -4955,
            "net_income_4q": null,
            "revenue": 3014,
            "revenue_4q": null,
            "common_shares": 496012,
            "book_valuer_per_share": 2.41,
            "book_valuer_per_share_4q_avg": 2.56,
            "equity": 129143,
            "current_ratio": 145.66,
            "debt_ratio": 54.38,
            "inventory_turnover_ratio": 0.04,
            "account_receivable_turnover_ratio": 0.49,
            "reinvestment_rate": null,
            "research_to_sale_ratio": 0,
            "price_fair": 0,
            "eps_avg_yearly": 0,
            "eps_latest_yearly": 0,
            "eps_growth_yearly": 0
        },
        "20212": {
            "year_quarter": 20212,
            "year": 2021,
            "quarter": 2,
            "eps": -0.3,
            "eps_growth_year": null,
            "eps_4q": -1.42,
            "eps_4q_growth_year": null,
            "roe": -10.72,
            "roe_4q": -72.78,
            "gross_profit": 259,
            "gross_margin": 8.13,
            "gross_margin_4q_avg": 20.03,
            "net_income": -18229,
            "net_income_4q": null,
            "revenue": 3187,
            "revenue_4q": null,
            "common_shares": 646012,
            "book_valuer_per_share": 3.32,
            "book_valuer_per_share_4q_avg": 2.61,
            "equity": 210914,
            "current_ratio": 278.27,
            "debt_ratio": 31.4,
            "inventory_turnover_ratio": 0.03,
            "account_receivable_turnover_ratio": 0.68,
            "reinvestment_rate": null,
            "research_to_sale_ratio": 0,
            "price_fair": 0,
            "eps_avg_yearly": 0,
            "eps_latest_yearly": 0,
            "eps_growth_yearly": 0
        },
        "20213": {
            "year_quarter": 20213,
            "year": 2021,
            "quarter": 3,
            "eps": -0.17,
            "eps_growth_year": null,
            "eps_4q": -1.49,
            "eps_4q_growth_year": null,
            "roe": -5.11,
            "roe_4q": -73.73,
            "gross_profit": -3906,
            "gross_margin": -122.33,
            "gross_margin_4q_avg": -14.34,
            "net_income": -10503,
            "net_income_4q": null,
            "revenue": 3193,
            "revenue_4q": null,
            "common_shares": 646012,
            "book_valuer_per_share": 3.15,
            "book_valuer_per_share_4q_avg": 2.65,
            "equity": 200411,
            "current_ratio": 230.72,
            "debt_ratio": 29.8,
            "inventory_turnover_ratio": 0.15,
            "account_receivable_turnover_ratio": 0.74,
            "reinvestment_rate": null,
            "research_to_sale_ratio": 0,
            "price_fair": 0,
            "eps_avg_yearly": 0,
            "eps_latest_yearly": 0,
            "eps_growth_yearly": 0
        },
        "20214": {
            "year_quarter": 20214,
            "year": 2021,
            "quarter": 4,
            "eps": 0.02,
            "eps_growth_year": null,
            "eps_4q": -1.14,
            "eps_4q_growth_year": null,
            "roe": 0.29,
            "roe_4q": -20.19,
            "gross_profit": 11237,
            "gross_margin": 80.6,
            "gross_margin_4q_avg": -14.02,
            "net_income": 580,
            "net_income_4q": null,
            "revenue": 13941,
            "revenue_4q": null,
            "common_shares": 289435,
            "book_valuer_per_share": 6.94,
            "book_valuer_per_share_4q_avg": 3.96,
            "equity": 200991,
            "current_ratio": 406.86,
            "debt_ratio": 26.19,
            "inventory_turnover_ratio": 1352,
            "account_receivable_turnover_ratio": 1.57,
            "reinvestment_rate": null,
            "research_to_sale_ratio": 0,
            "price_fair": 0,
            "eps_avg_yearly": 0,
            "eps_latest_yearly": 0,
            "eps_growth_yearly": 0
        },
        "20221": {
            "year_quarter": 20221,
            "year": 2022,
            "quarter": 1,
            "eps": -0.25,
            "eps_growth_year": null,
            "eps_4q": -1.22,
            "eps_4q_growth_year": null,
            "roe": -3.68,
            "roe_4q": -19.22,
            "gross_profit": -442,
            "gross_margin": -6.08,
            "gross_margin_4q_avg": -9.92,
            "net_income": -7254,
            "net_income_4q": null,
            "revenue": 7267,
            "revenue_4q": null,
            "common_shares": 289435,
            "book_valuer_per_share": 6.69,
            "book_valuer_per_share_4q_avg": 5.03,
            "equity": 193737,
            "current_ratio": 330.12,
            "debt_ratio": 28.02,
            "inventory_turnover_ratio": null,
            "account_receivable_turnover_ratio": 0.73,
            "reinvestment_rate": null,
            "research_to_sale_ratio": null,
            "price_fair": 0,
            "eps_avg_yearly": 0,
            "eps_latest_yearly": 0,
            "eps_growth_yearly": 0
        },
        "20222": {
            "year_quarter": 20222,
            "year": 2022,
            "quarter": 2,
            "eps": -1.26,
            "eps_growth_year": null,
            "eps_4q": -1.85,
            "eps_4q_growth_year": null,
            "roe": -20.73,
            "roe_4q": -29.23,
            "gross_profit": 733,
            "gross_margin": 35.16,
            "gross_margin_4q_avg": -3.16,
            "net_income": -36399,
            "net_income_4q": null,
            "revenue": 2085,
            "revenue_4q": null,
            "common_shares": 289435,
            "book_valuer_per_share": 5.44,
            "book_valuer_per_share_4q_avg": 5.56,
            "equity": 157359,
            "current_ratio": 300.17,
            "debt_ratio": 26.04,
            "inventory_turnover_ratio": null,
            "account_receivable_turnover_ratio": 0.49,
            "reinvestment_rate": null,
            "research_to_sale_ratio": null,
            "price_fair": 0,
            "eps_avg_yearly": 0,
            "eps_latest_yearly": 0,
            "eps_growth_yearly": 0
        },
        "20223": {
            "year_quarter": 20223,
            "year": 2022,
            "quarter": 3,
            "eps": 0.83,
            "eps_growth_year": null,
            "eps_4q": -0.66,
            "eps_4q_growth_year": null,
            "roe": 14.2,
            "roe_4q": -9.920000000000002,
            "gross_profit": 202,
            "gross_margin": 14.08,
            "gross_margin_4q_avg": 30.94,
            "net_income": 24055,
            "net_income_4q": null,
            "revenue": 1435,
            "revenue_4q": null,
            "common_shares": 289435,
            "book_valuer_per_share": 6.27,
            "book_valuer_per_share_4q_avg": 6.34,
            "equity": 181513,
            "current_ratio": 451.4,
            "debt_ratio": 24.92,
            "inventory_turnover_ratio": null,
            "account_receivable_turnover_ratio": 0.78,
            "reinvestment_rate": null,
            "research_to_sale_ratio": null,
            "price_fair": 0,
            "eps_avg_yearly": 0,
            "eps_latest_yearly": 0,
            "eps_growth_yearly": 0
        },
        "20224": {
            "year_quarter": 20224,
            "year": 2022,
            "quarter": 4,
            "eps": -0.39,
            "eps_growth_year": -2064.49,
            "eps_4q": -1.07,
            "eps_4q_growth_year": null,
            "roe": -6.48,
            "roe_4q": -16.69,
            "gross_profit": 0,
            "gross_margin": 0,
            "gross_margin_4q_avg": 10.79,
            "net_income": -11394,
            "net_income_4q": null,
            "revenue": 1091,
            "revenue_4q": null,
            "common_shares": 289435,
            "book_valuer_per_share": 5.88,
            "book_valuer_per_share_4q_avg": 6.07,
            "equity": 170069,
            "current_ratio": 379.69,
            "debt_ratio": 28.31,
            "inventory_turnover_ratio": null,
            "account_receivable_turnover_ratio": 1.07,
            "reinvestment_rate": null,
            "research_to_sale_ratio": null,
            "price_fair": 0,
            "eps_avg_yearly": 0,
            "eps_latest_yearly": 0,
            "eps_growth_yearly": 0
        },
        "20231": {
            "year_quarter": 20231,
            "year": 2023,
            "quarter": 1,
            "eps": 1.03,
            "eps_growth_year": null,
            "eps_4q": 0.21,
            "eps_4q_growth_year": null,
            "roe": 16.18,
            "roe_4q": 3.169999999999998,
            "gross_profit": 82,
            "gross_margin": 5.69,
            "gross_margin_4q_avg": 13.73,
            "net_income": 29936,
            "net_income_4q": null,
            "revenue": 1442,
            "revenue_4q": null,
            "common_shares": 289435,
            "book_valuer_per_share": 6.91,
            "book_valuer_per_share_4q_avg": 6.13,
            "equity": 199993,
            "current_ratio": 557.24,
            "debt_ratio": 20.69,
            "inventory_turnover_ratio": null,
            "account_receivable_turnover_ratio": 2.38,
            "reinvestment_rate": null,
            "research_to_sale_ratio": null,
            "price_fair": 0,
            "eps_avg_yearly": 0,
            "eps_latest_yearly": 0,
            "eps_growth_yearly": 0
        },
        "20232": {
            "year_quarter": 20232,
            "year": 2023,
            "quarter": 2,
            "eps": 0.19,
            "eps_growth_year": null,
            "eps_4q": 1.66,
            "eps_4q_growth_year": null,
            "roe": 2.72,
            "roe_4q": 26.619999999999997,
            "gross_profit": -6111,
            "gross_margin": -125.66,
            "gross_margin_4q_avg": -26.47,
            "net_income": 5511,
            "net_income_4q": null,
            "revenue": 4863,
            "revenue_4q": null,
            "common_shares": 289435,
            "book_valuer_per_share": 7.1,
            "book_valuer_per_share_4q_avg": 6.54,
            "equity": 205538,
            "current_ratio": 620.8,
            "debt_ratio": 19.06,
            "inventory_turnover_ratio": 2.72,
            "account_receivable_turnover_ratio": 4.6,
            "reinvestment_rate": null,
            "research_to_sale_ratio": null,
            "price_fair": 2.28,
            "eps_avg_yearly": 0.76,
            "eps_latest_yearly": 0.76,
            "eps_growth_yearly": -326.21
        },
        "20233": {
            "year_quarter": 20233,
            "year": 2023,
            "quarter": 3,
            "eps": -0.99,
            "eps_growth_year": -219.28,
            "eps_4q": -0.15,
            "eps_4q_growth_year": null,
            "roe": -14.9,
            "roe_4q": -2.4800000000000004,
            "gross_profit": -2815,
            "gross_margin": -319.89,
            "gross_margin_4q_avg": -109.97,
            "net_income": -28510,
            "net_income_4q": null,
            "revenue": 880,
            "revenue_4q": null,
            "common_shares": 289435,
            "book_valuer_per_share": 6.12,
            "book_valuer_per_share_4q_avg": 6.5,
            "equity": 177082,
            "current_ratio": 520.48,
            "debt_ratio": 21.57,
            "inventory_turnover_ratio": 0.92,
            "account_receivable_turnover_ratio": 0.96,
            "reinvestment_rate": null,
            "research_to_sale_ratio": null,
            "price_fair": 2.28,
            "eps_avg_yearly": 0.76,
            "eps_latest_yearly": 0.76,
            "eps_growth_yearly": -326.21
        }
    },
    "months": {
        "2001-06": {
            "month": "2001-06",
            "price": "11.22",
            "revenue": 378179
        },
        "2001-07": {
            "month": "2001-07",
            "price": "10.48",
            "revenue": 246638
        },
        "2001-08": {
            "month": "2001-08",
            "price": "10.75",
            "revenue": 181614
        },
        "2001-09": {
            "month": "2001-09",
            "price": "8.80",
            "revenue": 223031
        },
        "2001-10": {
            "month": "2001-10",
            "price": "8.11",
            "revenue": 157749
        },
        "2001-11": {
            "month": "2001-11",
            "price": "8.90",
            "revenue": 248531
        },
        "2001-12": {
            "month": "2001-12",
            "price": "12.15",
            "revenue": 269640
        },
        "2002-01": {
            "month": "2002-01",
            "price": "19.90",
            "revenue": 190046
        },
        "2002-02": {
            "month": "2002-02",
            "price": "21.32",
            "revenue": 188186
        },
        "2002-03": {
            "month": "2002-03",
            "price": "31.89",
            "revenue": 302270
        },
        "2002-04": {
            "month": "2002-04",
            "price": "40.89",
            "revenue": 152301
        },
        "2002-05": {
            "month": "2002-05",
            "price": "31.39",
            "revenue": 421256
        },
        "2002-06": {
            "month": "2002-06",
            "price": "30.86",
            "revenue": 422206
        },
        "2002-07": {
            "month": "2002-07",
            "price": "31.66",
            "revenue": 463168
        },
        "2002-08": {
            "month": "2002-08",
            "price": "34.90",
            "revenue": 430254
        },
        "2002-09": {
            "month": "2002-09",
            "price": "32.88",
            "revenue": 236551
        },
        "2002-10": {
            "month": "2002-10",
            "price": "25.24",
            "revenue": 349910
        },
        "2002-11": {
            "month": "2002-11",
            "price": "17.33",
            "revenue": 395100
        },
        "2002-12": {
            "month": "2002-12",
            "price": "12.45",
            "revenue": 378205
        },
        "2003-01": {
            "month": "2003-01",
            "price": "12.41",
            "revenue": 200907
        },
        "2003-02": {
            "month": "2003-02",
            "price": "10.67",
            "revenue": 159626
        },
        "2003-03": {
            "month": "2003-03",
            "price": "10.87",
            "revenue": 288930
        },
        "2003-04": {
            "month": "2003-04",
            "price": "12.52",
            "revenue": 170834
        },
        "2003-05": {
            "month": "2003-05",
            "price": "10.27",
            "revenue": 302556
        },
        "2003-06": {
            "month": "2003-06",
            "price": "11.62",
            "revenue": 141468
        },
        "2003-07": {
            "month": "2003-07",
            "price": "11.67",
            "revenue": 241178
        },
        "2003-08": {
            "month": "2003-08",
            "price": "9.75",
            "revenue": 264531
        },
        "2003-09": {
            "month": "2003-09",
            "price": "8.55",
            "revenue": 415058
        },
        "2003-10": {
            "month": "2003-10",
            "price": "9.45",
            "revenue": 256537
        },
        "2003-11": {
            "month": "2003-11",
            "price": "10.10",
            "revenue": 304626
        },
        "2003-12": {
            "month": "2003-12",
            "price": "10.06",
            "revenue": 371648
        },
        "2004-01": {
            "month": "2004-01",
            "price": "9.98",
            "revenue": 195371
        },
        "2004-02": {
            "month": "2004-02",
            "price": "11.06",
            "revenue": 198483
        },
        "2004-03": {
            "month": "2004-03",
            "price": "10.01",
            "revenue": 285139
        },
        "2004-04": {
            "month": "2004-04",
            "price": "9.72",
            "revenue": 186414
        },
        "2004-05": {
            "month": "2004-05",
            "price": "8.25",
            "revenue": 172328
        },
        "2004-06": {
            "month": "2004-06",
            "price": "7.53",
            "revenue": 306691
        },
        "2004-07": {
            "month": "2004-07",
            "price": "7.81",
            "revenue": 133655
        },
        "2004-08": {
            "month": "2004-08",
            "price": "7.31",
            "revenue": 170855
        },
        "2004-09": {
            "month": "2004-09",
            "price": "6.44",
            "revenue": 205391
        },
        "2004-10": {
            "month": "2004-10",
            "price": "5.51",
            "revenue": 166994
        },
        "2004-11": {
            "month": "2004-11",
            "price": "5.41",
            "revenue": 217278
        },
        "2004-12": {
            "month": "2004-12",
            "price": "4.59",
            "revenue": 277951
        },
        "2005-01": {
            "month": "2005-01",
            "price": "4.66",
            "revenue": 86700
        },
        "2005-02": {
            "month": "2005-02",
            "price": "4.60",
            "revenue": 153050
        },
        "2005-03": {
            "month": "2005-03",
            "price": "4.73",
            "revenue": 203424
        },
        "2005-04": {
            "month": "2005-04",
            "price": "4.08",
            "revenue": 172205
        },
        "2005-05": {
            "month": "2005-05",
            "price": "3.25",
            "revenue": 102300
        },
        "2005-06": {
            "month": "2005-06",
            "price": "3.52",
            "revenue": 177130
        },
        "2005-07": {
            "month": "2005-07",
            "price": "3.49",
            "revenue": 111530
        },
        "2005-08": {
            "month": "2005-08",
            "price": "2.82",
            "revenue": 115908
        },
        "2005-09": {
            "month": "2005-09",
            "price": "2.47",
            "revenue": 158187
        },
        "2005-10": {
            "month": "2005-10",
            "price": "3.02",
            "revenue": 76583
        },
        "2005-11": {
            "month": "2005-11",
            "price": "3.32",
            "revenue": 89194
        },
        "2005-12": {
            "month": "2005-12",
            "price": "4.19",
            "revenue": 113128
        },
        "2006-01": {
            "month": "2006-01",
            "price": "4.92",
            "revenue": 59145
        },
        "2006-02": {
            "month": "2006-02",
            "price": "4.36",
            "revenue": 63201
        },
        "2006-03": {
            "month": "2006-03",
            "price": "3.45",
            "revenue": 129084
        },
        "2006-04": {
            "month": "2006-04",
            "price": "3.95",
            "revenue": 57708
        },
        "2006-05": {
            "month": "2006-05",
            "price": "4.34",
            "revenue": 56246
        },
        "2006-06": {
            "month": "2006-06",
            "price": "3.93",
            "revenue": 77961
        },
        "2006-07": {
            "month": "2006-07",
            "price": "4.20",
            "revenue": 64383
        },
        "2006-08": {
            "month": "2006-08",
            "price": "3.48",
            "revenue": 77887
        },
        "2006-09": {
            "month": "2006-09",
            "price": "2.98",
            "revenue": 69791
        },
        "2006-10": {
            "month": "2006-10",
            "price": "5.18",
            "revenue": 73122
        },
        "2006-11": {
            "month": "2006-11",
            "price": "4.51",
            "revenue": 62652
        },
        "2006-12": {
            "month": "2006-12",
            "price": "5.48",
            "revenue": 78732
        },
        "2007-01": {
            "month": "2007-01",
            "price": "5.15",
            "revenue": 59378
        },
        "2007-02": {
            "month": "2007-02",
            "price": "4.80",
            "revenue": 21504
        },
        "2007-03": {
            "month": "2007-03",
            "price": "4.56",
            "revenue": 103744
        },
        "2007-04": {
            "month": "2007-04",
            "price": "8.34",
            "revenue": 47460
        },
        "2007-05": {
            "month": "2007-05",
            "price": "6.38",
            "revenue": 29262
        },
        "2007-06": {
            "month": "2007-06",
            "price": "6.29",
            "revenue": 30910
        },
        "2007-07": {
            "month": "2007-07",
            "price": "7.53",
            "revenue": 23439
        },
        "2007-08": {
            "month": "2007-08",
            "price": "5.51",
            "revenue": 17263
        },
        "2007-09": {
            "month": "2007-09",
            "price": "2.64",
            "revenue": 29199
        },
        "2007-10": {
            "month": "2007-10",
            "price": "2.00",
            "revenue": 25110
        },
        "2007-11": {
            "month": "2007-11",
            "price": "1.75",
            "revenue": 32864
        },
        "2007-12": {
            "month": "2007-12",
            "price": "1.62",
            "revenue": 32097
        },
        "2008-01": {
            "month": "2008-01",
            "price": "1.37",
            "revenue": 18276
        },
        "2008-02": {
            "month": "2008-02",
            "price": "1.67",
            "revenue": 16155
        },
        "2008-03": {
            "month": "2008-03",
            "price": "1.44",
            "revenue": 14578
        },
        "2008-04": {
            "month": "2008-04",
            "price": "1.67",
            "revenue": 12870
        },
        "2008-05": {
            "month": "2008-05",
            "price": "2.12",
            "revenue": 10896
        },
        "2008-06": {
            "month": "2008-06",
            "price": "2.21",
            "revenue": 16998
        },
        "2008-07": {
            "month": "2008-07",
            "price": "2.17",
            "revenue": 29516
        },
        "2008-08": {
            "month": "2008-08",
            "price": "14.48",
            "revenue": 12141
        },
        "2008-09": {
            "month": "2008-09",
            "price": "16.08",
            "revenue": 16876
        },
        "2008-10": {
            "month": "2008-10",
            "price": "16.14",
            "revenue": 11255
        },
        "2008-11": {
            "month": "2008-11",
            "price": "14.78",
            "revenue": 23044
        },
        "2008-12": {
            "month": "2008-12",
            "price": "16.25",
            "revenue": 23681
        },
        "2009-01": {
            "month": "2009-01",
            "price": "15.17",
            "revenue": 22238
        },
        "2009-02": {
            "month": "2009-02",
            "price": "15.41",
            "revenue": 6922
        },
        "2009-03": {
            "month": "2009-03",
            "price": "15.36",
            "revenue": 11732
        },
        "2009-04": {
            "month": "2009-04",
            "price": "17.09",
            "revenue": 9026
        },
        "2009-05": {
            "month": "2009-05",
            "price": "17.93",
            "revenue": 10236
        },
        "2009-06": {
            "month": "2009-06",
            "price": "26.41",
            "revenue": 15911
        },
        "2009-07": {
            "month": "2009-07",
            "price": "68.98",
            "revenue": 12057
        },
        "2009-08": {
            "month": "2009-08",
            "price": "63.08",
            "revenue": 15174
        },
        "2009-09": {
            "month": "2009-09",
            "price": "63.99",
            "revenue": 34245
        },
        "2009-10": {
            "month": "2009-10",
            "price": "72.85",
            "revenue": 21343
        },
        "2009-11": {
            "month": "2009-11",
            "price": "68.11",
            "revenue": 11251
        },
        "2009-12": {
            "month": "2009-12",
            "price": "68.31",
            "revenue": 42911
        },
        "2010-01": {
            "month": "2010-01",
            "price": "66.46",
            "revenue": 20525
        },
        "2010-02": {
            "month": "2010-02",
            "price": "52.64",
            "revenue": 17102
        },
        "2010-03": {
            "month": "2010-03",
            "price": "54.13",
            "revenue": 23565
        },
        "2010-04": {
            "month": "2010-04",
            "price": "63.55",
            "revenue": 11104
        },
        "2010-05": {
            "month": "2010-05",
            "price": "49.47",
            "revenue": 25832
        },
        "2010-06": {
            "month": "2010-06",
            "price": "49.70",
            "revenue": 20600
        },
        "2010-07": {
            "month": "2010-07",
            "price": "48.58",
            "revenue": 26854
        },
        "2010-08": {
            "month": "2010-08",
            "price": "49.11",
            "revenue": 17340
        },
        "2010-09": {
            "month": "2010-09",
            "price": "48.78",
            "revenue": 24764
        },
        "2010-10": {
            "month": "2010-10",
            "price": "45.44",
            "revenue": 20126
        },
        "2010-11": {
            "month": "2010-11",
            "price": "39.88",
            "revenue": 31446
        },
        "2010-12": {
            "month": "2010-12",
            "price": "49.74",
            "revenue": 35407
        },
        "2011-01": {
            "month": "2011-01",
            "price": "46.54",
            "revenue": 21615
        },
        "2011-02": {
            "month": "2011-02",
            "price": "42.89",
            "revenue": 12096
        },
        "2011-03": {
            "month": "2011-03",
            "price": "37.97",
            "revenue": 25961
        },
        "2011-04": {
            "month": "2011-04",
            "price": "37.08",
            "revenue": 20353
        },
        "2011-05": {
            "month": "2011-05",
            "price": "43.74",
            "revenue": 30524
        },
        "2011-06": {
            "month": "2011-06",
            "price": "44.83",
            "revenue": 21908
        },
        "2011-07": {
            "month": "2011-07",
            "price": "41.62",
            "revenue": 24236
        },
        "2011-08": {
            "month": "2011-08",
            "price": "31.35",
            "revenue": 21328
        },
        "2011-09": {
            "month": "2011-09",
            "price": "27.20",
            "revenue": 25775
        },
        "2011-10": {
            "month": "2011-10",
            "price": "24.56",
            "revenue": 18350
        },
        "2011-11": {
            "month": "2011-11",
            "price": "23.61",
            "revenue": 29418
        },
        "2011-12": {
            "month": "2011-12",
            "price": "23.54",
            "revenue": 35452
        },
        "2012-01": {
            "month": "2012-01",
            "price": "23.23",
            "revenue": 16197
        },
        "2012-02": {
            "month": "2012-02",
            "price": "31.68",
            "revenue": 13234
        },
        "2012-03": {
            "month": "2012-03",
            "price": "41.43",
            "revenue": 34738
        },
        "2012-04": {
            "month": "2012-04",
            "price": "50.62",
            "revenue": 16016
        },
        "2012-05": {
            "month": "2012-05",
            "price": "50.74",
            "revenue": 22023
        },
        "2012-06": {
            "month": "2012-06",
            "price": "42.42",
            "revenue": 14272
        },
        "2012-07": {
            "month": "2012-07",
            "price": "39.34",
            "revenue": 14057
        },
        "2012-08": {
            "month": "2012-08",
            "price": "37.44",
            "revenue": 10772
        },
        "2012-09": {
            "month": "2012-09",
            "price": "36.47",
            "revenue": 18566
        },
        "2012-10": {
            "month": "2012-10",
            "price": "41.35",
            "revenue": 17392
        },
        "2012-11": {
            "month": "2012-11",
            "price": "34.93",
            "revenue": 36678
        },
        "2012-12": {
            "month": "2012-12",
            "price": "35.65",
            "revenue": 57659
        },
        "2013-01": {
            "month": "2013-01",
            "price": "39.37",
            "revenue": 14090
        },
        "2013-02": {
            "month": "2013-02",
            "price": "37.35",
            "revenue": 12488
        },
        "2013-03": {
            "month": "2013-03",
            "price": "37.18",
            "revenue": 32980
        },
        "2013-04": {
            "month": "2013-04",
            "price": "38.86",
            "revenue": 16011
        },
        "2013-05": {
            "month": "2013-05",
            "price": "37.70",
            "revenue": 23450
        },
        "2013-06": {
            "month": "2013-06",
            "price": "37.97",
            "revenue": 22091
        },
        "2013-07": {
            "month": "2013-07",
            "price": "38.45",
            "revenue": 14596
        },
        "2013-08": {
            "month": "2013-08",
            "price": "32.12",
            "revenue": 57378
        },
        "2013-09": {
            "month": "2013-09",
            "price": "29.76",
            "revenue": 34835
        },
        "2013-10": {
            "month": "2013-10",
            "price": "29.69",
            "revenue": 22809
        },
        "2013-11": {
            "month": "2013-11",
            "price": "28.28",
            "revenue": 17547
        },
        "2013-12": {
            "month": "2013-12",
            "price": "27.98",
            "revenue": 63821
        },
        "2014-01": {
            "month": "2014-01",
            "price": "31.39",
            "revenue": 13726
        },
        "2014-02": {
            "month": "2014-02",
            "price": "32.00",
            "revenue": 16567
        },
        "2014-03": {
            "month": "2014-03",
            "price": "32.25",
            "revenue": 20999
        },
        "2014-04": {
            "month": "2014-04",
            "price": "32.04",
            "revenue": 23800
        },
        "2014-05": {
            "month": "2014-05",
            "price": "32.55",
            "revenue": 17900
        },
        "2014-06": {
            "month": "2014-06",
            "price": "39.02",
            "revenue": 39532
        },
        "2014-07": {
            "month": "2014-07",
            "price": "41.39",
            "revenue": 19016
        },
        "2014-08": {
            "month": "2014-08",
            "price": "34.54",
            "revenue": 31209
        },
        "2014-09": {
            "month": "2014-09",
            "price": "30.71",
            "revenue": 18738
        },
        "2014-10": {
            "month": "2014-10",
            "price": "28.01",
            "revenue": 24340
        },
        "2014-11": {
            "month": "2014-11",
            "price": "28.57",
            "revenue": 30581
        },
        "2014-12": {
            "month": "2014-12",
            "price": "37.06",
            "revenue": 28421
        },
        "2015-01": {
            "month": "2015-01",
            "price": "34.41",
            "revenue": 14765
        },
        "2015-02": {
            "month": "2015-02",
            "price": "35.28",
            "revenue": 26696
        },
        "2015-03": {
            "month": "2015-03",
            "price": "33.47",
            "revenue": 25171
        },
        "2015-04": {
            "month": "2015-04",
            "price": "31.25",
            "revenue": 16965
        },
        "2015-05": {
            "month": "2015-05",
            "price": "29.70",
            "revenue": 19545
        },
        "2015-06": {
            "month": "2015-06",
            "price": "29.39",
            "revenue": 25234
        },
        "2015-07": {
            "month": "2015-07",
            "price": "29.48",
            "revenue": 23325
        },
        "2015-08": {
            "month": "2015-08",
            "price": "28.80",
            "revenue": 17924
        },
        "2015-09": {
            "month": "2015-09",
            "price": "27.38",
            "revenue": 24957
        },
        "2015-10": {
            "month": "2015-10",
            "price": "26.58",
            "revenue": 27575
        },
        "2015-11": {
            "month": "2015-11",
            "price": "26.82",
            "revenue": 23727
        },
        "2015-12": {
            "month": "2015-12",
            "price": "27.50",
            "revenue": 376963
        },
        "2016-01": {
            "month": "2016-01",
            "price": "26.56",
            "revenue": 19458
        },
        "2016-02": {
            "month": "2016-02",
            "price": "27.48",
            "revenue": 32837
        },
        "2016-03": {
            "month": "2016-03",
            "price": "27.22",
            "revenue": 28432
        },
        "2016-04": {
            "month": "2016-04",
            "price": "26.98",
            "revenue": 18022
        },
        "2016-05": {
            "month": "2016-05",
            "price": "26.07",
            "revenue": 22947
        },
        "2016-06": {
            "month": "2016-06",
            "price": "26.00",
            "revenue": 52554
        },
        "2016-07": {
            "month": "2016-07",
            "price": "25.97",
            "revenue": 27549
        },
        "2016-08": {
            "month": "2016-08",
            "price": "25.57",
            "revenue": 23108
        },
        "2016-09": {
            "month": "2016-09",
            "price": "23.70",
            "revenue": 22181
        },
        "2016-10": {
            "month": "2016-10",
            "price": "22.98",
            "revenue": 19504
        },
        "2016-11": {
            "month": "2016-11",
            "price": "22.31",
            "revenue": 9974
        },
        "2016-12": {
            "month": "2016-12",
            "price": "26.18",
            "revenue": 26331
        },
        "2017-01": {
            "month": "2017-01",
            "price": "25.10",
            "revenue": 14747
        },
        "2017-02": {
            "month": "2017-02",
            "price": "27.65",
            "revenue": 18797
        },
        "2017-03": {
            "month": "2017-03",
            "price": "30.89",
            "revenue": 30476
        },
        "2017-04": {
            "month": "2017-04",
            "price": "29.57",
            "revenue": 27404
        },
        "2017-05": {
            "month": "2017-05",
            "price": "29.21",
            "revenue": 28356
        },
        "2017-06": {
            "month": "2017-06",
            "price": "29.15",
            "revenue": 55101
        },
        "2017-07": {
            "month": "2017-07",
            "price": "28.15",
            "revenue": 26469
        },
        "2017-08": {
            "month": "2017-08",
            "price": "27.60",
            "revenue": 29630
        },
        "2017-09": {
            "month": "2017-09",
            "price": "28.00",
            "revenue": 40632
        },
        "2017-10": {
            "month": "2017-10",
            "price": "28.22",
            "revenue": 24885
        },
        "2017-11": {
            "month": "2017-11",
            "price": "29.14",
            "revenue": 34496
        },
        "2017-12": {
            "month": "2017-12",
            "price": "29.40",
            "revenue": 56943
        },
        "2018-01": {
            "month": "2018-01",
            "price": "30.02",
            "revenue": 19562
        },
        "2018-02": {
            "month": "2018-02",
            "price": "29.86",
            "revenue": 14352
        },
        "2018-03": {
            "month": "2018-03",
            "price": "30.74",
            "revenue": 28549
        },
        "2018-04": {
            "month": "2018-04",
            "price": "30.32",
            "revenue": 22541
        },
        "2018-05": {
            "month": "2018-05",
            "price": "30.43",
            "revenue": 27095
        },
        "2018-06": {
            "month": "2018-06",
            "price": "36.86",
            "revenue": 44350
        },
        "2018-07": {
            "month": "2018-07",
            "price": "36.79",
            "revenue": 30817
        },
        "2018-08": {
            "month": "2018-08",
            "price": "64.23",
            "revenue": 33241
        },
        "2018-09": {
            "month": "2018-09",
            "price": "67.38",
            "revenue": 36685
        },
        "2018-10": {
            "month": "2018-10",
            "price": "65.00",
            "revenue": 25673
        },
        "2018-11": {
            "month": "2018-11",
            "price": "56.27",
            "revenue": 33882
        },
        "2018-12": {
            "month": "2018-12",
            "price": "57.19",
            "revenue": 79536
        },
        "2019-01": {
            "month": "2019-01",
            "price": "48.60",
            "revenue": 24539
        },
        "2019-02": {
            "month": "2019-02",
            "price": "41.28",
            "revenue": 12355
        },
        "2019-03": {
            "month": "2019-03",
            "price": "43.65",
            "revenue": 28198
        },
        "2019-04": {
            "month": "2019-04",
            "price": "41.94",
            "revenue": 22715
        },
        "2019-05": {
            "month": "2019-05",
            "price": "29.18",
            "revenue": 19133
        },
        "2019-06": {
            "month": "2019-06",
            "price": "26.50",
            "revenue": 42125
        },
        "2019-07": {
            "month": "2019-07",
            "price": "31.18",
            "revenue": 38458
        },
        "2019-08": {
            "month": "2019-08",
            "price": "25.45",
            "revenue": 29555
        },
        "2019-09": {
            "month": "2019-09",
            "price": "23.31",
            "revenue": 29333
        },
        "2019-10": {
            "month": "2019-10",
            "price": "21.45",
            "revenue": 30745
        },
        "2019-11": {
            "month": "2019-11",
            "price": "20.80",
            "revenue": 25355
        },
        "2019-12": {
            "month": "2019-12",
            "price": "20.46",
            "revenue": 25330
        },
        "2020-01": {
            "month": "2020-01",
            "price": "19.45",
            "revenue": 21841
        },
        "2020-02": {
            "month": "2020-02",
            "price": "15.64",
            "revenue": 13174
        },
        "2020-03": {
            "month": "2020-03",
            "price": "14.52",
            "revenue": 25357
        },
        "2020-04": {
            "month": "2020-04",
            "price": "13.85",
            "revenue": 5697
        },
        "2020-05": {
            "month": "2020-05",
            "price": "12.92",
            "revenue": 5180
        },
        "2020-06": {
            "month": "2020-06",
            "price": "9.36",
            "revenue": 10645
        },
        "2020-07": {
            "month": "2020-07",
            "price": "7.54",
            "revenue": 6182
        },
        "2020-08": {
            "month": "2020-08",
            "price": "14.31",
            "revenue": 8105
        },
        "2020-09": {
            "month": "2020-09",
            "price": "14.98",
            "revenue": 4335
        },
        "2020-10": {
            "month": "2020-10",
            "price": "14.37",
            "revenue": 1886
        },
        "2020-11": {
            "month": "2020-11",
            "price": "14.00",
            "revenue": 706
        },
        "2020-12": {
            "month": "2020-12",
            "price": "13.19",
            "revenue": 1121
        },
        "2021-01": {
            "month": "2021-01",
            "price": "13.14",
            "revenue": 1731
        },
        "2021-02": {
            "month": "2021-02",
            "price": "11.88",
            "revenue": 600
        },
        "2021-03": {
            "month": "2021-03",
            "price": "12.48",
            "revenue": 683
        },
        "2021-04": {
            "month": "2021-04",
            "price": "17.73",
            "revenue": 557
        },
        "2021-05": {
            "month": "2021-05",
            "price": "14.39",
            "revenue": 483
        },
        "2021-06": {
            "month": "2021-06",
            "price": "13.65",
            "revenue": 2146
        },
        "2021-07": {
            "month": "2021-07",
            "price": "12.88",
            "revenue": 451
        },
        "2021-08": {
            "month": "2021-08",
            "price": "14.34",
            "revenue": 179
        },
        "2021-09": {
            "month": "2021-09",
            "price": "13.05",
            "revenue": 5639
        },
        "2021-10": {
            "month": "2021-10",
            "price": "13.28",
            "revenue": 665
        },
        "2021-11": {
            "month": "2021-11",
            "price": "15.34",
            "revenue": 1001
        },
        "2021-12": {
            "month": "2021-12",
            "price": "16.55",
            "revenue": 9200
        },
        "2022-01": {
            "month": "2022-01",
            "price": "31.13",
            "revenue": 2517
        },
        "2022-02": {
            "month": "2022-02",
            "price": "29.02",
            "revenue": 170
        },
        "2022-03": {
            "month": "2022-03",
            "price": "26.82",
            "revenue": 4579
        },
        "2022-04": {
            "month": "2022-04",
            "price": "31.12",
            "revenue": 1019
        },
        "2022-05": {
            "month": "2022-05",
            "price": "28.30",
            "revenue": 683
        },
        "2022-06": {
            "month": "2022-06",
            "price": "26.94",
            "revenue": 368
        },
        "2022-07": {
            "month": "2022-07",
            "price": "26.64",
            "revenue": 1159
        },
        "2022-08": {
            "month": "2022-08",
            "price": "26.28",
            "revenue": 187
        },
        "2022-09": {
            "month": "2022-09",
            "price": "26.48",
            "revenue": 105
        },
        "2022-10": {
            "month": "2022-10",
            "price": "27.82",
            "revenue": 158
        },
        "2022-11": {
            "month": "2022-11",
            "price": "27.75",
            "revenue": 807
        },
        "2022-12": {
            "month": "2022-12",
            "price": "28.20",
            "revenue": 126
        },
        "2023-01": {
            "month": "2023-01",
            "price": "26.62",
            "revenue": 123
        },
        "2023-02": {
            "month": "2023-02",
            "price": "24.94",
            "revenue": 573
        },
        "2023-03": {
            "month": "2023-03",
            "price": "24.36",
            "revenue": 746
        },
        "2023-04": {
            "month": "2023-04",
            "price": "24.43",
            "revenue": 4315
        },
        "2023-05": {
            "month": "2023-05",
            "price": "27.81",
            "revenue": 167
        },
        "2023-06": {
            "month": "2023-06",
            "price": "30.30",
            "revenue": 381
        },
        "2023-07": {
            "month": "2023-07",
            "price": "27.65",
            "revenue": 58
        },
        "2023-08": {
            "month": "2023-08",
            "price": "27.05",
            "revenue": 587
        },
        "2023-09": {
            "month": "2023-09",
            "price": "24.49",
            "revenue": 235
        },
        "2023-10": {
            "month": "2023-10",
            "price": "24.66",
            "revenue": 189
        },
        "2023-11": {
            "month": "2023-11",
            "price": "22.55",
            "revenue": 85
        },
        "2023-12": {
            "month": "2023-12",
            "price": "21.68",
            "revenue": 4801
        }
    }
}
