{
    "summary": {
        "stock_name": "寶島科",
        "stock_id": "5312",
        "category": "生技醫療",
        "main_business": "眼鏡",
        "website_url": "http://www.formosa-optical.com.tw",
        "ceo": "蔡宜珊",
        "pe_ratio": 15,
        "report_year_from": 2001,
        "report_year_to": 2023,
        "age": 23,
        "eps_negative_percentage": 0,
        "eps_growth_avg": {
            "last_all": 14.98,
            "last_2y": 10.36,
            "last_4y": 12.51,
            "last_8y": 3.59,
            "last_12y": 6.29,
            "last_16y": 6.81,
            "last_20y": 10.94,
            "at_2006_last_3y": 28.46,
            "at_2007_last_3y": 10.53,
            "at_2008_last_3y": 4.29,
            "at_2009_last_3y": 1.69,
            "at_2010_last_3y": 8.5,
            "at_2011_last_3y": 13.63,
            "at_2012_last_3y": 22.3,
            "at_2013_last_3y": 23.76,
            "at_2014_last_3y": 12.37,
            "at_2015_last_3y": 14.34,
            "at_2016_last_3y": 4.22,
            "at_2017_last_3y": -3.61,
            "at_2018_last_3y": -7.56,
            "at_2019_last_3y": 3.46,
            "at_2020_last_3y": -0.21,
            "at_2021_last_3y": 2.12,
            "at_2022_last_3y": -2.94,
            "at_2023_last_3y": 3.17,
            "at_2024_last_3y": 3.17,
            "at_2006_last_all": 42.77,
            "at_2007_last_all": 31.87,
            "at_2008_last_all": 27.62,
            "at_2009_last_all": 25.41,
            "at_2010_last_all": 27.54,
            "at_2011_last_all": 24.58,
            "at_2012_last_all": 25.69,
            "at_2013_last_all": 24.86,
            "at_2014_last_all": 22.87,
            "at_2015_last_all": 21.65,
            "at_2016_last_all": 19.96,
            "at_2017_last_all": 17.74,
            "at_2018_last_all": 15.71,
            "at_2019_last_all": 17.61,
            "at_2020_last_all": 15.72,
            "at_2021_last_all": 14.62,
            "at_2022_last_all": 12.16,
            "at_2023_last_all": 14.98,
            "at_2024_last_all": 14.98
        },
        "latest_eps": 5.84,
        "latest_price": 85.8,
        "latest_roe": 13.11,
        "latest_gross_margin": 61.05,
        "latest_equity": 2808345,
        "latest_revenue": 987453,
        "latest_gross_profit": 602833,
        "latest_net_income": 118542,
        "latest_debt_ratio": 58.45,
        "latest_current_ratio": 164.95,
        "latest_account_receivable_turnover_ratio": 27.25,
        "latest_inventory_turnover_ratio": 0.64,
        "latest_reinvestment_rate": -128.81,
        "latest_research_to_sale_ratio": null
    },
    "eps_dividends": {
        "1997": {
            "cash": 0,
            "stock": 1,
            "eps": 0
        },
        "1998": {
            "cash": 0,
            "stock": 1,
            "eps": 0
        },
        "2000": {
            "cash": 0,
            "stock": 1,
            "eps": 0
        },
        "2001": {
            "cash": 0,
            "stock": 0,
            "eps": 0.01
        },
        "2002": {
            "cash": 0,
            "stock": 0,
            "eps": 1.14
        },
        "2003": {
            "cash": 0.15,
            "stock": 0.6,
            "eps": 1.7
        },
        "2004": {
            "cash": 0.35,
            "stock": 1,
            "eps": 2.16
        },
        "2005": {
            "cash": 0.84,
            "stock": 0.9,
            "eps": 2.6
        },
        "2006": {
            "cash": 2.3,
            "stock": 0,
            "eps": 3.05
        },
        "2007": {
            "cash": 2.7,
            "stock": 0,
            "eps": 2.36
        },
        "2008": {
            "cash": 1.6,
            "stock": 0.5,
            "eps": 2.41
        },
        "2009": {
            "cash": 2,
            "stock": 0,
            "eps": 2.65
        },
        "2010": {
            "cash": 2,
            "stock": 0,
            "eps": 3.83
        },
        "2011": {
            "cash": 2.2,
            "stock": 0,
            "eps": 3.75
        },
        "2012": {
            "cash": 2.6,
            "stock": 0,
            "eps": 5.13
        },
        "2013": {
            "cash": 3.6,
            "stock": 0,
            "eps": 5.94
        },
        "2014": {
            "cash": 4.2,
            "stock": 0,
            "eps": 5.88
        },
        "2015": {
            "cash": 3.6,
            "stock": 0,
            "eps": 6.22
        },
        "2016": {
            "cash": 3.6,
            "stock": 0,
            "eps": 5.99
        },
        "2017": {
            "cash": 3.6,
            "stock": 0,
            "eps": 5.06
        },
        "2018": {
            "cash": 3.8,
            "stock": 0,
            "eps": 4.21
        },
        "2019": {
            "cash": 3.8,
            "stock": 0,
            "eps": 6.31
        },
        "2020": {
            "cash": 4,
            "stock": 0,
            "eps": 5.15
        },
        "2021": {
            "cash": 4,
            "stock": 0,
            "eps": 4.83
        },
        "2022": {
            "cash": 4.3,
            "stock": 0,
            "eps": 3.04
        },
        "2023": {
            "cash": 4.3,
            "stock": 0,
            "eps": 5.3
        }
    },
    "dividends": {
        "1997-06-24": {
            "cash": 0,
            "stock": 1
        },
        "1998-06-24": {
            "cash": 0,
            "stock": 1
        },
        "2000-06-23": {
            "cash": 0,
            "stock": 1
        },
        "2003-06-11": {
            "cash": 0.15,
            "stock": 0.6
        },
        "2004-04-06": {
            "cash": 0.35,
            "stock": 1
        },
        "2005-04-04": {
            "cash": 0.84,
            "stock": 0.9
        },
        "2006-04-27": {
            "cash": 2.3,
            "stock": 0
        },
        "2007-04-20": {
            "cash": 2.7,
            "stock": 0
        },
        "2008-04-01": {
            "cash": 1.6,
            "stock": 0.5
        },
        "2009-04-27": {
            "cash": 2,
            "stock": 0
        },
        "2010-04-23": {
            "cash": 2,
            "stock": 0
        },
        "2011-04-29": {
            "cash": 2.2,
            "stock": 0
        },
        "2012-06-27": {
            "cash": 2.6,
            "stock": 0
        },
        "2013-06-26": {
            "cash": 3.6,
            "stock": 0
        },
        "2014-06-24": {
            "cash": 4.2,
            "stock": 0
        },
        "2015-08-28": {
            "cash": 3.6,
            "stock": 0
        },
        "2016-08-26": {
            "cash": 3.6,
            "stock": 0
        },
        "2017-08-25": {
            "cash": 3.6,
            "stock": 0
        },
        "2018-08-28": {
            "cash": 3.8,
            "stock": 0
        },
        "2019-08-28": {
            "cash": 3.8,
            "stock": 0
        },
        "2020-08-28": {
            "cash": 4,
            "stock": 0
        },
        "2021-09-28": {
            "cash": 4,
            "stock": 0
        },
        "2022-08-26": {
            "cash": 4.3,
            "stock": 0
        },
        "2023-08-25": {
            "cash": 4.3,
            "stock": 0
        }
    },
    "prices": {
        "200101": "17.67",
        "200102": "17.84",
        "200103": "16.84",
        "200104": "16.40",
        "200105": "13.25",
        "200106": "12.20",
        "200107": "10.22",
        "200108": "10.33",
        "200109": "9.18",
        "200110": "6.36",
        "200111": "5.44",
        "200112": "6.70",
        "200201": "7.70",
        "200202": "7.00",
        "200203": "7.49",
        "200204": "9.92",
        "200205": "7.99",
        "200206": "7.52",
        "200207": "6.92",
        "200208": "6.56",
        "200209": "6.46",
        "200210": "6.67",
        "200211": "7.05",
        "200212": "10.60",
        "200301": "9.96",
        "200302": "10.54",
        "200303": "10.37",
        "200304": "10.22",
        "200305": "10.35",
        "200306": "11.78",
        "200307": "12.11",
        "200308": "11.62",
        "200309": "11.29",
        "200310": "11.68",
        "200311": "14.56",
        "200312": "15.96",
        "200401": "17.57",
        "200402": "17.51",
        "200403": "16.88",
        "200404": "17.08",
        "200405": "17.12",
        "200406": "16.92",
        "200407": "16.81",
        "200408": "16.07",
        "200409": "15.94",
        "200410": "16.28",
        "200411": "16.29",
        "200412": "16.22",
        "200501": "16.77",
        "200502": "17.45",
        "200503": "18.48",
        "200504": "17.64",
        "200505": "17.15",
        "200506": "17.75",
        "200507": "18.02",
        "200508": "17.91",
        "200509": "18.39",
        "200510": "17.99",
        "200511": "17.95",
        "200512": "19.42",
        "200601": "21.86",
        "200602": "23.84",
        "200603": "24.64",
        "200604": "25.51",
        "200605": "30.57",
        "200606": "31.59",
        "200607": "29.50",
        "200608": "27.47",
        "200609": "26.85",
        "200610": "28.55",
        "200611": "28.00",
        "200612": "29.52",
        "200701": "37.72",
        "200702": "45.05",
        "200703": "57.89",
        "200704": "52.94",
        "200705": "46.30",
        "200706": "45.67",
        "200707": "45.60",
        "200708": "53.69",
        "200709": "48.82",
        "200710": "45.55",
        "200711": "35.96",
        "200712": "32.36",
        "200801": "28.39",
        "200802": "27.27",
        "200803": "31.35",
        "200804": "35.33",
        "200805": "42.07",
        "200806": "38.85",
        "200807": "34.56",
        "200808": "33.75",
        "200809": "33.45",
        "200810": "27.18",
        "200811": "27.09",
        "200812": "27.39",
        "200901": "26.09",
        "200902": "25.93",
        "200903": "28.33",
        "200904": "31.40",
        "200905": "42.79",
        "200906": "48.08",
        "200907": "58.68",
        "200908": "55.38",
        "200909": "57.29",
        "200910": "63.26",
        "200911": "63.68",
        "200912": "59.33",
        "201001": "59.96",
        "201002": "58.25",
        "201003": "71.47",
        "201004": "72.81",
        "201005": "67.17",
        "201006": "72.67",
        "201007": "80.31",
        "201008": "76.00",
        "201009": "71.12",
        "201010": "69.75",
        "201011": "72.30",
        "201012": "88.33",
        "201101": "78.41",
        "201102": "78.28",
        "201103": "84.03",
        "201104": "87.72",
        "201105": "97.71",
        "201106": "99.34",
        "201107": "95.97",
        "201108": "82.91",
        "201109": "71.54",
        "201110": "67.20",
        "201111": "75.04",
        "201112": "68.90",
        "201201": "74.83",
        "201202": "85.00",
        "201203": "89.08",
        "201204": "86.28",
        "201205": "75.65",
        "201206": "70.44",
        "201207": "69.85",
        "201208": "78.54",
        "201209": "79.60",
        "201210": "78.85",
        "201211": "76.99",
        "201212": "77.24",
        "201301": "77.79",
        "201302": "83.82",
        "201303": "86.93",
        "201304": "86.34",
        "201305": "94.50",
        "201306": "93.75",
        "201307": "105.80",
        "201308": "107.04",
        "201309": "99.80",
        "201310": "99.27",
        "201311": "108.83",
        "201312": "109.09",
        "201401": "109.19",
        "201402": "106.03",
        "201403": "107.00",
        "201404": "105.81",
        "201405": "104.43",
        "201406": "109.42",
        "201407": "104.50",
        "201408": "93.70",
        "201409": "92.41",
        "201410": "86.73",
        "201411": "84.02",
        "201412": "84.06",
        "201501": "85.34",
        "201502": "84.75",
        "201503": "83.00",
        "201504": "83.54",
        "201505": "87.64",
        "201506": "82.71",
        "201507": "78.64",
        "201508": "71.50",
        "201509": "72.36",
        "201510": "75.33",
        "201511": "79.54",
        "201512": "80.98",
        "201601": "80.23",
        "201602": "79.48",
        "201603": "79.44",
        "201604": "77.72",
        "201605": "76.27",
        "201606": "75.83",
        "201607": "76.88",
        "201608": "74.77",
        "201609": "74.80",
        "201610": "73.33",
        "201611": "73.40",
        "201612": "75.25",
        "201701": "74.52",
        "201702": "76.24",
        "201703": "76.55",
        "201704": "74.11",
        "201705": "74.30",
        "201706": "74.06",
        "201707": "73.11",
        "201708": "69.21",
        "201709": "66.78",
        "201710": "64.46",
        "201711": "64.46",
        "201712": "65.55",
        "201801": "66.84",
        "201802": "62.73",
        "201803": "61.84",
        "201804": "64.40",
        "201805": "63.14",
        "201806": "62.53",
        "201807": "62.61",
        "201808": "59.33",
        "201809": "59.72",
        "201810": "58.07",
        "201811": "57.61",
        "201812": "58.46",
        "201901": "58.65",
        "201902": "59.38",
        "201903": "61.02",
        "201904": "63.26",
        "201905": "63.02",
        "201906": "63.42",
        "201907": "65.16",
        "201908": "61.83",
        "201909": "62.38",
        "201910": "63.52",
        "201911": "65.70",
        "201912": "67.70",
        "202001": "66.99",
        "202002": "64.87",
        "202003": "58.93",
        "202004": "61.08",
        "202005": "63.40",
        "202006": "65.28",
        "202007": "66.23",
        "202008": "61.23",
        "202009": "59.92",
        "202010": "59.62",
        "202011": "59.73",
        "202012": "59.69",
        "202101": "59.06",
        "202102": "58.84",
        "202103": "60.90",
        "202104": "63.66",
        "202105": "61.20",
        "202106": "62.97",
        "202107": "63.45",
        "202108": "61.96",
        "202109": "58.63",
        "202110": "57.94",
        "202111": "58.74",
        "202112": "60.19",
        "202201": "60.49",
        "202202": "60.90",
        "202203": "61.33",
        "202204": "63.35",
        "202205": "62.30",
        "202206": "62.97",
        "202207": "62.62",
        "202208": "59.31",
        "202209": "58.82",
        "202210": "57.75",
        "202211": "57.37",
        "202212": "57.76",
        "202301": "58.15",
        "202302": "61.10",
        "202303": "63.70",
        "202304": "65.44",
        "202305": "73.61",
        "202306": "88.01",
        "202307": "89.31",
        "202308": "80.96",
        "202309": "80.71",
        "202310": "79.78",
        "202311": "82.83",
        "202312": "83.68"
    },
    "quarters": {
        "20011": {
            "year_quarter": 20011,
            "year": 2001,
            "quarter": 1,
            "eps": 0.01,
            "eps_growth_year": -98.68,
            "eps_4q": -8.39,
            "eps_4q_growth_year": -1227.97,
            "roe": 0.13,
            "roe_4q": 0.13,
            "gross_profit": 171723,
            "gross_margin": 58.59,
            "gross_margin_4q_avg": 58.59,
            "net_income": 348,
            "net_income_4q": null,
            "revenue": 293085,
            "revenue_4q": null,
            "common_shares": 505780,
            "book_valuer_per_share": 5.26,
            "book_valuer_per_share_4q_avg": 5.26,
            "equity": 265839,
            "current_ratio": 75.37,
            "debt_ratio": 70.61,
            "inventory_turnover_ratio": 0.64,
            "account_receivable_turnover_ratio": null,
            "reinvestment_rate": null,
            "research_to_sale_ratio": null,
            "price_fair": 0,
            "eps_avg_yearly": 0,
            "eps_latest_yearly": 0,
            "eps_growth_yearly": 0
        },
        "20012": {
            "year_quarter": 20012,
            "year": 2001,
            "quarter": 2,
            "eps": -0.26,
            "eps_growth_year": null,
            "eps_4q": -4.66,
            "eps_4q_growth_year": null,
            "roe": -5.07,
            "roe_4q": -4.94,
            "gross_profit": 144334,
            "gross_margin": 55.53,
            "gross_margin_4q_avg": 57.06,
            "net_income": -13200,
            "net_income_4q": null,
            "revenue": 259926,
            "revenue_4q": null,
            "common_shares": 505780,
            "book_valuer_per_share": 5.03,
            "book_valuer_per_share_4q_avg": 5.15,
            "equity": 254551,
            "current_ratio": 68.23,
            "debt_ratio": 71.19,
            "inventory_turnover_ratio": 0.63,
            "account_receivable_turnover_ratio": null,
            "reinvestment_rate": null,
            "research_to_sale_ratio": null,
            "price_fair": 0,
            "eps_avg_yearly": 0,
            "eps_latest_yearly": 0,
            "eps_growth_yearly": 0
        },
        "20013": {
            "year_quarter": 20013,
            "year": 2001,
            "quarter": 3,
            "eps": 0.03,
            "eps_growth_year": -80,
            "eps_4q": -4.34,
            "eps_4q_growth_year": null,
            "roe": 0.65,
            "roe_4q": -4.29,
            "gross_profit": 152005,
            "gross_margin": 59.84,
            "gross_margin_4q_avg": 57.99,
            "net_income": 1669,
            "net_income_4q": null,
            "revenue": 254003,
            "revenue_4q": null,
            "common_shares": 505780,
            "book_valuer_per_share": 5.07,
            "book_valuer_per_share_4q_avg": 5.12,
            "equity": 256411,
            "current_ratio": 65.08,
            "debt_ratio": 71.47,
            "inventory_turnover_ratio": 0.58,
            "account_receivable_turnover_ratio": null,
            "reinvestment_rate": null,
            "research_to_sale_ratio": null,
            "price_fair": 0,
            "eps_avg_yearly": 0,
            "eps_latest_yearly": 0,
            "eps_growth_yearly": 0
        },
        "20014": {
            "year_quarter": 20014,
            "year": 2001,
            "quarter": 4,
            "eps": 0.23,
            "eps_growth_year": null,
            "eps_4q": 0.01,
            "eps_4q_growth_year": null,
            "roe": 4.54,
            "roe_4q": 0.2500000000000001,
            "gross_profit": 143161,
            "gross_margin": 64.73,
            "gross_margin_4q_avg": 59.67,
            "net_income": 11629,
            "net_income_4q": null,
            "revenue": 221160,
            "revenue_4q": null,
            "common_shares": 505780,
            "book_valuer_per_share": 5.05,
            "book_valuer_per_share_4q_avg": 5.1,
            "equity": 255396,
            "current_ratio": 64.67,
            "debt_ratio": 68.48,
            "inventory_turnover_ratio": 0.47,
            "account_receivable_turnover_ratio": null,
            "reinvestment_rate": null,
            "research_to_sale_ratio": null,
            "price_fair": 0,
            "eps_avg_yearly": 0,
            "eps_latest_yearly": 0,
            "eps_growth_yearly": 0
        },
        "20021": {
            "year_quarter": 20021,
            "year": 2002,
            "quarter": 1,
            "eps": 0.21,
            "eps_growth_year": 2000,
            "eps_4q": 0.21,
            "eps_4q_growth_year": null,
            "roe": 4.08,
            "roe_4q": 4.200000000000001,
            "gross_profit": 167423,
            "gross_margin": 61.84,
            "gross_margin_4q_avg": 60.49,
            "net_income": 10626,
            "net_income_4q": null,
            "revenue": 270717,
            "revenue_4q": null,
            "common_shares": 505780,
            "book_valuer_per_share": 5.26,
            "book_valuer_per_share_4q_avg": 5.1,
            "equity": 265795,
            "current_ratio": 69.44,
            "debt_ratio": 67,
            "inventory_turnover_ratio": 0.62,
            "account_receivable_turnover_ratio": null,
            "reinvestment_rate": null,
            "research_to_sale_ratio": null,
            "price_fair": 2.52,
            "eps_avg_yearly": 0.84,
            "eps_latest_yearly": 0.84,
            "eps_growth_yearly": -34.78
        },
        "20022": {
            "year_quarter": 20022,
            "year": 2002,
            "quarter": 2,
            "eps": 0,
            "eps_growth_year": null,
            "eps_4q": 0.47,
            "eps_4q_growth_year": null,
            "roe": -0.06,
            "roe_4q": 9.21,
            "gross_profit": 146519,
            "gross_margin": 60.46,
            "gross_margin_4q_avg": 61.72,
            "net_income": -164,
            "net_income_4q": null,
            "revenue": 242332,
            "revenue_4q": null,
            "common_shares": 505780,
            "book_valuer_per_share": 5.25,
            "book_valuer_per_share_4q_avg": 5.16,
            "equity": 265642,
            "current_ratio": 67.84,
            "debt_ratio": 65.54,
            "inventory_turnover_ratio": 0.58,
            "account_receivable_turnover_ratio": null,
            "reinvestment_rate": null,
            "research_to_sale_ratio": null,
            "price_fair": 2.52,
            "eps_avg_yearly": 0.84,
            "eps_latest_yearly": 0.84,
            "eps_growth_yearly": -34.78
        },
        "20023": {
            "year_quarter": 20023,
            "year": 2002,
            "quarter": 3,
            "eps": 0.35,
            "eps_growth_year": 1066.67,
            "eps_4q": 0.79,
            "eps_4q_growth_year": null,
            "roe": 6.39,
            "roe_4q": 14.95,
            "gross_profit": 176244,
            "gross_margin": 62.63,
            "gross_margin_4q_avg": 62.42,
            "net_income": 17527,
            "net_income_4q": null,
            "revenue": 281418,
            "revenue_4q": null,
            "common_shares": 505780,
            "book_valuer_per_share": 5.6,
            "book_valuer_per_share_4q_avg": 5.29,
            "equity": 283169,
            "current_ratio": 73.69,
            "debt_ratio": 62.64,
            "inventory_turnover_ratio": 0.61,
            "account_receivable_turnover_ratio": null,
            "reinvestment_rate": null,
            "research_to_sale_ratio": null,
            "price_fair": 2.52,
            "eps_avg_yearly": 0.84,
            "eps_latest_yearly": 0.84,
            "eps_growth_yearly": -34.78
        },
        "20024": {
            "year_quarter": 20024,
            "year": 2002,
            "quarter": 4,
            "eps": 0.58,
            "eps_growth_year": 152.17,
            "eps_4q": 1.68,
            "eps_4q_growth_year": 18892.31,
            "roe": 4.05,
            "roe_4q": 14.459999999999999,
            "gross_profit": 156528,
            "gross_margin": 66.69,
            "gross_margin_4q_avg": 62.91,
            "net_income": 14821,
            "net_income_4q": null,
            "revenue": 234695,
            "revenue_4q": null,
            "common_shares": 402890,
            "book_valuer_per_share": 11.12,
            "book_valuer_per_share_4q_avg": 6.81,
            "equity": 447892,
            "current_ratio": 105.01,
            "debt_ratio": 42.15,
            "inventory_turnover_ratio": 0.46,
            "account_receivable_turnover_ratio": null,
            "reinvestment_rate": null,
            "research_to_sale_ratio": null,
            "price_fair": 55.3,
            "eps_avg_yearly": 1.58,
            "eps_latest_yearly": 2.32,
            "eps_growth_yearly": 114.04
        },
        "20031": {
            "year_quarter": 20031,
            "year": 2003,
            "quarter": 1,
            "eps": 0.42,
            "eps_growth_year": 100,
            "eps_4q": 1.22,
            "eps_4q_growth_year": 476.15,
            "roe": 3.7,
            "roe_4q": 14.08,
            "gross_profit": 174614,
            "gross_margin": 65.01,
            "gross_margin_4q_avg": 63.7,
            "net_income": 16874,
            "net_income_4q": null,
            "revenue": 268599,
            "revenue_4q": null,
            "common_shares": 402890,
            "book_valuer_per_share": 11.54,
            "book_valuer_per_share_4q_avg": 8.38,
            "equity": 464766,
            "current_ratio": 107.67,
            "debt_ratio": 35.73,
            "inventory_turnover_ratio": 0.56,
            "account_receivable_turnover_ratio": null,
            "reinvestment_rate": null,
            "research_to_sale_ratio": null,
            "price_fair": 56.47,
            "eps_avg_yearly": 1.61,
            "eps_latest_yearly": 1.68,
            "eps_growth_yearly": 39.24
        },
        "20032": {
            "year_quarter": 20032,
            "year": 2003,
            "quarter": 2,
            "eps": 0.24,
            "eps_growth_year": null,
            "eps_4q": 1.37,
            "eps_4q_growth_year": 191.57,
            "roe": 2.23,
            "roe_4q": 16.37,
            "gross_profit": 155186,
            "gross_margin": 64.44,
            "gross_margin_4q_avg": 64.69,
            "net_income": 10457,
            "net_income_4q": null,
            "revenue": 240818,
            "revenue_4q": null,
            "common_shares": 402890,
            "book_valuer_per_share": 11.7,
            "book_valuer_per_share_4q_avg": 9.99,
            "equity": 471216,
            "current_ratio": 101.67,
            "debt_ratio": 36.97,
            "inventory_turnover_ratio": 0.49,
            "account_receivable_turnover_ratio": null,
            "reinvestment_rate": null,
            "research_to_sale_ratio": null,
            "price_fair": 4.35,
            "eps_avg_yearly": 1.45,
            "eps_latest_yearly": 0.96,
            "eps_growth_yearly": -13.42
        },
        "20033": {
            "year_quarter": 20033,
            "year": 2003,
            "quarter": 3,
            "eps": 0.71,
            "eps_growth_year": 102.86,
            "eps_4q": 1.7,
            "eps_4q_growth_year": 115.21,
            "roe": 5.9,
            "roe_4q": 15.880000000000003,
            "gross_profit": 224999,
            "gross_margin": 64.21,
            "gross_margin_4q_avg": 65.09,
            "net_income": 30150,
            "net_income_4q": null,
            "revenue": 350399,
            "revenue_4q": null,
            "common_shares": 477063,
            "book_valuer_per_share": 11.56,
            "book_valuer_per_share_4q_avg": 11.48,
            "equity": 551366,
            "current_ratio": 136.89,
            "debt_ratio": 37.31,
            "inventory_turnover_ratio": 0.68,
            "account_receivable_turnover_ratio": null,
            "reinvestment_rate": null,
            "research_to_sale_ratio": null,
            "price_fair": 60.48,
            "eps_avg_yearly": 1.73,
            "eps_latest_yearly": 2.84,
            "eps_growth_yearly": 145.93
        },
        "20034": {
            "year_quarter": 20034,
            "year": 2003,
            "quarter": 4,
            "eps": 0.33,
            "eps_growth_year": -43.1,
            "eps_4q": 1.63,
            "eps_4q_growth_year": -2.74,
            "roe": 2.62,
            "roe_4q": 14.45,
            "gross_profit": 194787,
            "gross_margin": 63.95,
            "gross_margin_4q_avg": 64.4,
            "net_income": 14598,
            "net_income_4q": null,
            "revenue": 304606,
            "revenue_4q": null,
            "common_shares": 477063,
            "book_valuer_per_share": 11.83,
            "book_valuer_per_share_4q_avg": 11.66,
            "equity": 564463,
            "current_ratio": 144.28,
            "debt_ratio": 35.54,
            "inventory_turnover_ratio": 0.58,
            "account_receivable_turnover_ratio": null,
            "reinvestment_rate": null,
            "research_to_sale_ratio": null,
            "price_fair": 58.1,
            "eps_avg_yearly": 1.66,
            "eps_latest_yearly": 1.32,
            "eps_growth_yearly": 85.92
        },
        "20041": {
            "year_quarter": 20041,
            "year": 2004,
            "quarter": 1,
            "eps": 0.71,
            "eps_growth_year": 69.05,
            "eps_4q": 1.87,
            "eps_4q_growth_year": 53.36,
            "roe": 5.8,
            "roe_4q": 16.55,
            "gross_profit": 220035,
            "gross_margin": 62.81,
            "gross_margin_4q_avg": 63.85,
            "net_income": 33712,
            "net_income_4q": null,
            "revenue": 350326,
            "revenue_4q": null,
            "common_shares": 477063,
            "book_valuer_per_share": 12.54,
            "book_valuer_per_share_4q_avg": 11.91,
            "equity": 598175,
            "current_ratio": 150.77,
            "debt_ratio": 36.65,
            "inventory_turnover_ratio": 0.65,
            "account_receivable_turnover_ratio": null,
            "reinvestment_rate": null,
            "research_to_sale_ratio": null,
            "price_fair": 64,
            "eps_avg_yearly": 1.83,
            "eps_latest_yearly": 2.84,
            "eps_growth_yearly": 139.45
        },
        "20042": {
            "year_quarter": 20042,
            "year": 2004,
            "quarter": 2,
            "eps": 0.32,
            "eps_growth_year": 33.33,
            "eps_4q": 1.98,
            "eps_4q_growth_year": 44.87,
            "roe": 2.53,
            "roe_4q": 16.85,
            "gross_profit": 209460,
            "gross_margin": 63.69,
            "gross_margin_4q_avg": 63.67,
            "net_income": 15086,
            "net_income_4q": null,
            "revenue": 328859,
            "revenue_4q": null,
            "common_shares": 477063,
            "book_valuer_per_share": 12.48,
            "book_valuer_per_share_4q_avg": 12.1,
            "equity": 595534,
            "current_ratio": 132.73,
            "debt_ratio": 39.32,
            "inventory_turnover_ratio": 0.55,
            "account_receivable_turnover_ratio": null,
            "reinvestment_rate": null,
            "research_to_sale_ratio": null,
            "price_fair": 61.6,
            "eps_avg_yearly": 1.76,
            "eps_latest_yearly": 1.28,
            "eps_growth_yearly": 94.55
        },
        "20043": {
            "year_quarter": 20043,
            "year": 2004,
            "quarter": 3,
            "eps": 0.62,
            "eps_growth_year": -12.68,
            "eps_4q": 1.82,
            "eps_4q_growth_year": 6.98,
            "roe": 5.34,
            "roe_4q": 16.29,
            "gross_profit": 240573,
            "gross_margin": 64.12,
            "gross_margin_4q_avg": 63.64,
            "net_income": 32715,
            "net_income_4q": null,
            "revenue": 375174,
            "revenue_4q": null,
            "common_shares": 524769,
            "book_valuer_per_share": 11.98,
            "book_valuer_per_share_4q_avg": 12.21,
            "equity": 628663,
            "current_ratio": 149.78,
            "debt_ratio": 37.44,
            "inventory_turnover_ratio": 0.6,
            "account_receivable_turnover_ratio": null,
            "reinvestment_rate": null,
            "research_to_sale_ratio": null,
            "price_fair": 64.4,
            "eps_avg_yearly": 1.84,
            "eps_latest_yearly": 2.48,
            "eps_growth_yearly": 125.72
        },
        "20044": {
            "year_quarter": 20044,
            "year": 2004,
            "quarter": 4,
            "eps": 0.51,
            "eps_growth_year": 54.55,
            "eps_4q": 2.06,
            "eps_4q_growth_year": 26.48,
            "roe": 4.2,
            "roe_4q": 17.869999999999997,
            "gross_profit": 236328,
            "gross_margin": 69.74,
            "gross_margin_4q_avg": 65.09,
            "net_income": 26804,
            "net_income_4q": null,
            "revenue": 338880,
            "revenue_4q": null,
            "common_shares": 524769,
            "book_valuer_per_share": 12.36,
            "book_valuer_per_share_4q_avg": 12.34,
            "equity": 648477,
            "current_ratio": 163.9,
            "debt_ratio": 35.36,
            "inventory_turnover_ratio": 0.46,
            "account_receivable_turnover_ratio": null,
            "reinvestment_rate": -54.76,
            "research_to_sale_ratio": null,
            "price_fair": 65.1,
            "eps_avg_yearly": 1.86,
            "eps_latest_yearly": 2.04,
            "eps_growth_yearly": 106.05
        },
        "20051": {
            "year_quarter": 20051,
            "year": 2005,
            "quarter": 1,
            "eps": 0.7,
            "eps_growth_year": -1.41,
            "eps_4q": 2.12,
            "eps_4q_growth_year": 13.28,
            "roe": 5.51,
            "roe_4q": 17.580000000000002,
            "gross_profit": 240998,
            "gross_margin": 65.09,
            "gross_margin_4q_avg": 65.66,
            "net_income": 36741,
            "net_income_4q": null,
            "revenue": 370270,
            "revenue_4q": null,
            "common_shares": 524769,
            "book_valuer_per_share": 13.05,
            "book_valuer_per_share_4q_avg": 12.47,
            "equity": 684852,
            "current_ratio": 170.86,
            "debt_ratio": 36.46,
            "inventory_turnover_ratio": 0.56,
            "account_receivable_turnover_ratio": null,
            "reinvestment_rate": -10.82,
            "research_to_sale_ratio": null,
            "price_fair": 68.09,
            "eps_avg_yearly": 1.95,
            "eps_latest_yearly": 2.8,
            "eps_growth_yearly": 109.95
        },
        "20052": {
            "year_quarter": 20052,
            "year": 2005,
            "quarter": 2,
            "eps": 0.54,
            "eps_growth_year": 68.75,
            "eps_4q": 2.38,
            "eps_4q_growth_year": 20.11,
            "roe": 4.17,
            "roe_4q": 19.22,
            "gross_profit": 235260,
            "gross_margin": 65.87,
            "gross_margin_4q_avg": 66.21,
            "net_income": 28200,
            "net_income_4q": null,
            "revenue": 357176,
            "revenue_4q": null,
            "common_shares": 524769,
            "book_valuer_per_share": 12.72,
            "book_valuer_per_share_4q_avg": 12.53,
            "equity": 667596,
            "current_ratio": 150.23,
            "debt_ratio": 42.38,
            "inventory_turnover_ratio": 0.49,
            "account_receivable_turnover_ratio": null,
            "reinvestment_rate": -16.98,
            "research_to_sale_ratio": null,
            "price_fair": 68.72,
            "eps_avg_yearly": 1.96,
            "eps_latest_yearly": 2.16,
            "eps_growth_yearly": 93.17
        },
        "20053": {
            "year_quarter": 20053,
            "year": 2005,
            "quarter": 3,
            "eps": 0.67,
            "eps_growth_year": 8.06,
            "eps_4q": 2.27,
            "eps_4q_growth_year": 24.36,
            "roe": 5.58,
            "roe_4q": 19.46,
            "gross_profit": 259138,
            "gross_margin": 64.99,
            "gross_margin_4q_avg": 66.42,
            "net_income": 38537,
            "net_income_4q": null,
            "revenue": 398754,
            "revenue_4q": null,
            "common_shares": 571999,
            "book_valuer_per_share": 12.48,
            "book_valuer_per_share_4q_avg": 12.65,
            "equity": 713827,
            "current_ratio": 165.52,
            "debt_ratio": 39.89,
            "inventory_turnover_ratio": 0.54,
            "account_receivable_turnover_ratio": null,
            "reinvestment_rate": -3.72,
            "research_to_sale_ratio": null,
            "price_fair": 70.65,
            "eps_avg_yearly": 2.02,
            "eps_latest_yearly": 2.68,
            "eps_growth_yearly": 93.41
        },
        "20054": {
            "year_quarter": 20054,
            "year": 2005,
            "quarter": 4,
            "eps": 0.69,
            "eps_growth_year": 35.29,
            "eps_4q": 2.51,
            "eps_4q_growth_year": 21.58,
            "roe": 5.36,
            "roe_4q": 20.62,
            "gross_profit": 242773,
            "gross_margin": 68.06,
            "gross_margin_4q_avg": 66,
            "net_income": 39323,
            "net_income_4q": null,
            "revenue": 356681,
            "revenue_4q": null,
            "common_shares": 571999,
            "book_valuer_per_share": 13.17,
            "book_valuer_per_share_4q_avg": 12.86,
            "equity": 753572,
            "current_ratio": 176.18,
            "debt_ratio": 38.07,
            "inventory_turnover_ratio": 0.43,
            "account_receivable_turnover_ratio": null,
            "reinvestment_rate": -0.59,
            "research_to_sale_ratio": null,
            "price_fair": 72.5,
            "eps_avg_yearly": 2.07,
            "eps_latest_yearly": 2.76,
            "eps_growth_yearly": 87.59
        },
        "20061": {
            "year_quarter": 20061,
            "year": 2006,
            "quarter": 1,
            "eps": 1.27,
            "eps_growth_year": 81.43,
            "eps_4q": 3.13,
            "eps_4q_growth_year": 47.43,
            "roe": 9.18,
            "roe_4q": 24.29,
            "gross_profit": 253788,
            "gross_margin": 62.55,
            "gross_margin_4q_avg": 65.37,
            "net_income": 72509,
            "net_income_4q": null,
            "revenue": 405744,
            "revenue_4q": null,
            "common_shares": 571999,
            "book_valuer_per_share": 14.45,
            "book_valuer_per_share_4q_avg": 13.21,
            "equity": 826273,
            "current_ratio": 174.02,
            "debt_ratio": 38.31,
            "inventory_turnover_ratio": 0.58,
            "account_receivable_turnover_ratio": null,
            "reinvestment_rate": 0.69,
            "research_to_sale_ratio": null,
            "price_fair": 83.1,
            "eps_avg_yearly": 2.37,
            "eps_latest_yearly": 5.08,
            "eps_growth_yearly": 114.09
        },
        "20062": {
            "year_quarter": 20062,
            "year": 2006,
            "quarter": 2,
            "eps": 0.48,
            "eps_growth_year": -11.11,
            "eps_4q": 3.09,
            "eps_4q_growth_year": 29.85,
            "roe": 3.6,
            "roe_4q": 23.72,
            "gross_profit": 238102,
            "gross_margin": 64.8,
            "gross_margin_4q_avg": 65.1,
            "net_income": 27605,
            "net_income_4q": null,
            "revenue": 367424,
            "revenue_4q": null,
            "common_shares": 571999,
            "book_valuer_per_share": 12.38,
            "book_valuer_per_share_4q_avg": 13.12,
            "equity": 708183,
            "current_ratio": 133.09,
            "debt_ratio": 47.37,
            "inventory_turnover_ratio": 0.48,
            "account_receivable_turnover_ratio": null,
            "reinvestment_rate": 4.6,
            "research_to_sale_ratio": null,
            "price_fair": 82.04,
            "eps_avg_yearly": 2.34,
            "eps_latest_yearly": 1.92,
            "eps_growth_yearly": 89.9
        },
        "20063": {
            "year_quarter": 20063,
            "year": 2006,
            "quarter": 3,
            "eps": 0.68,
            "eps_growth_year": 1.49,
            "eps_4q": 3.12,
            "eps_4q_growth_year": 37.54,
            "roe": 5.06,
            "roe_4q": 23.2,
            "gross_profit": 268522,
            "gross_margin": 63.86,
            "gross_margin_4q_avg": 64.82,
            "net_income": 38932,
            "net_income_4q": null,
            "revenue": 420488,
            "revenue_4q": null,
            "common_shares": 571999,
            "book_valuer_per_share": 14.52,
            "book_valuer_per_share_4q_avg": 13.63,
            "equity": 830405,
            "current_ratio": 171.85,
            "debt_ratio": 40.19,
            "inventory_turnover_ratio": 0.53,
            "account_receivable_turnover_ratio": null,
            "reinvestment_rate": 6.14,
            "research_to_sale_ratio": null,
            "price_fair": 82.86,
            "eps_avg_yearly": 2.37,
            "eps_latest_yearly": 2.72,
            "eps_growth_yearly": 94.7
        },
        "20064": {
            "year_quarter": 20064,
            "year": 2006,
            "quarter": 4,
            "eps": 0.62,
            "eps_growth_year": -10.14,
            "eps_4q": 3.04,
            "eps_4q_growth_year": 21.44,
            "roe": 4.2,
            "roe_4q": 22.04,
            "gross_profit": 254223,
            "gross_margin": 64.03,
            "gross_margin_4q_avg": 63.81,
            "net_income": 35579,
            "net_income_4q": null,
            "revenue": 397054,
            "revenue_4q": null,
            "common_shares": 571999,
            "book_valuer_per_share": 15.08,
            "book_valuer_per_share_4q_avg": 14.11,
            "equity": 862428,
            "current_ratio": 186.67,
            "debt_ratio": 40.12,
            "inventory_turnover_ratio": 0.46,
            "account_receivable_turnover_ratio": null,
            "reinvestment_rate": 9.03,
            "research_to_sale_ratio": null,
            "price_fair": 83.21,
            "eps_avg_yearly": 2.38,
            "eps_latest_yearly": 2.48,
            "eps_growth_yearly": 76.06
        },
        "20071": {
            "year_quarter": 20071,
            "year": 2007,
            "quarter": 1,
            "eps": 0.54,
            "eps_growth_year": -57.48,
            "eps_4q": 2.33,
            "eps_4q_growth_year": -25.37,
            "roe": 3.49,
            "roe_4q": 16.35,
            "gross_profit": 259180,
            "gross_margin": 61.48,
            "gross_margin_4q_avg": 63.54,
            "net_income": 30736,
            "net_income_4q": null,
            "revenue": 421567,
            "revenue_4q": null,
            "common_shares": 571999,
            "book_valuer_per_share": 15.71,
            "book_valuer_per_share_4q_avg": 14.42,
            "equity": 898669,
            "current_ratio": 169.99,
            "debt_ratio": 39,
            "inventory_turnover_ratio": 0.5,
            "account_receivable_turnover_ratio": null,
            "reinvestment_rate": 9.11,
            "research_to_sale_ratio": null,
            "price_fair": 84.26,
            "eps_avg_yearly": 2.41,
            "eps_latest_yearly": 2.16,
            "eps_growth_yearly": 79.73
        },
        "20072": {
            "year_quarter": 20072,
            "year": 2007,
            "quarter": 2,
            "eps": 0.57,
            "eps_growth_year": 18.75,
            "eps_4q": 2.4,
            "eps_4q_growth_year": -22.31,
            "roe": 3.92,
            "roe_4q": 16.669999999999998,
            "gross_profit": 250491,
            "gross_margin": 60.3,
            "gross_margin_4q_avg": 62.42,
            "net_income": 32706,
            "net_income_4q": null,
            "revenue": 415396,
            "revenue_4q": null,
            "common_shares": 571999,
            "book_valuer_per_share": 13.45,
            "book_valuer_per_share_4q_avg": 14.69,
            "equity": 769460,
            "current_ratio": 128.58,
            "debt_ratio": 48.14,
            "inventory_turnover_ratio": 0.49,
            "account_receivable_turnover_ratio": null,
            "reinvestment_rate": 8.28,
            "research_to_sale_ratio": null,
            "price_fair": 87.15,
            "eps_avg_yearly": 2.49,
            "eps_latest_yearly": 2.28,
            "eps_growth_yearly": 91.84
        },
        "20073": {
            "year_quarter": 20073,
            "year": 2007,
            "quarter": 3,
            "eps": 0.52,
            "eps_growth_year": -23.53,
            "eps_4q": 2.24,
            "eps_4q_growth_year": -28.03,
            "roe": 3.81,
            "roe_4q": 15.420000000000002,
            "gross_profit": 282002,
            "gross_margin": 62.3,
            "gross_margin_4q_avg": 62.03,
            "net_income": 29897,
            "net_income_4q": null,
            "revenue": 452654,
            "revenue_4q": null,
            "common_shares": 571999,
            "book_valuer_per_share": 14.01,
            "book_valuer_per_share_4q_avg": 14.56,
            "equity": 801426,
            "current_ratio": 150.51,
            "debt_ratio": 40.72,
            "inventory_turnover_ratio": 0.51,
            "account_receivable_turnover_ratio": null,
            "reinvestment_rate": 9.16,
            "research_to_sale_ratio": null,
            "price_fair": 85.49,
            "eps_avg_yearly": 2.44,
            "eps_latest_yearly": 2.08,
            "eps_growth_yearly": 40.69
        },
        "20074": {
            "year_quarter": 20074,
            "year": 2007,
            "quarter": 4,
            "eps": 0.73,
            "eps_growth_year": 17.74,
            "eps_4q": 2.35,
            "eps_4q_growth_year": -22.66,
            "roe": 5.1,
            "roe_4q": 16.32,
            "gross_profit": 258215,
            "gross_margin": 62.73,
            "gross_margin_4q_avg": 61.7,
            "net_income": 41967,
            "net_income_4q": null,
            "revenue": 411607,
            "revenue_4q": null,
            "common_shares": 571999,
            "book_valuer_per_share": 14.76,
            "book_valuer_per_share_4q_avg": 14.48,
            "equity": 844469,
            "current_ratio": 185.43,
            "debt_ratio": 37.22,
            "inventory_turnover_ratio": 0.47,
            "account_receivable_turnover_ratio": null,
            "reinvestment_rate": 10.19,
            "research_to_sale_ratio": null,
            "price_fair": 88.99,
            "eps_avg_yearly": 2.54,
            "eps_latest_yearly": 2.92,
            "eps_growth_yearly": 64.16
        },
        "20081": {
            "year_quarter": 20081,
            "year": 2008,
            "quarter": 1,
            "eps": 0.68,
            "eps_growth_year": 25.93,
            "eps_4q": 2.51,
            "eps_4q_growth_year": 7.72,
            "roe": 4.57,
            "roe_4q": 17.4,
            "gross_profit": 296896,
            "gross_margin": 62.02,
            "gross_margin_4q_avg": 61.84,
            "net_income": 38765,
            "net_income_4q": null,
            "revenue": 478746,
            "revenue_4q": null,
            "common_shares": 571999,
            "book_valuer_per_share": 14.89,
            "book_valuer_per_share_4q_avg": 14.28,
            "equity": 851699,
            "current_ratio": 176.42,
            "debt_ratio": 40.61,
            "inventory_turnover_ratio": 0.55,
            "account_receivable_turnover_ratio": null,
            "reinvestment_rate": 8.72,
            "research_to_sale_ratio": null,
            "price_fair": 88.73,
            "eps_avg_yearly": 2.54,
            "eps_latest_yearly": 2.72,
            "eps_growth_yearly": 33.66
        },
        "20082": {
            "year_quarter": 20082,
            "year": 2008,
            "quarter": 2,
            "eps": 0.49,
            "eps_growth_year": -14.04,
            "eps_4q": 2.32,
            "eps_4q_growth_year": -3.61,
            "roe": 3.56,
            "roe_4q": 17.04,
            "gross_profit": 274023,
            "gross_margin": 64.13,
            "gross_margin_4q_avg": 62.8,
            "net_income": 29665,
            "net_income_4q": null,
            "revenue": 427305,
            "revenue_4q": null,
            "common_shares": 571999,
            "book_valuer_per_share": 14.22,
            "book_valuer_per_share_4q_avg": 14.47,
            "equity": 813110,
            "current_ratio": 146.37,
            "debt_ratio": 44.57,
            "inventory_turnover_ratio": 0.46,
            "account_receivable_turnover_ratio": null,
            "reinvestment_rate": 9.9,
            "research_to_sale_ratio": null,
            "price_fair": 90.21,
            "eps_avg_yearly": 2.58,
            "eps_latest_yearly": 1.96,
            "eps_growth_yearly": 40.41
        },
        "20083": {
            "year_quarter": 20083,
            "year": 2008,
            "quarter": 3,
            "eps": 0.83,
            "eps_growth_year": 59.62,
            "eps_4q": 2.67,
            "eps_4q_growth_year": 18.94,
            "roe": 5.9,
            "roe_4q": 19.130000000000003,
            "gross_profit": 294968,
            "gross_margin": 61.12,
            "gross_margin_4q_avg": 62.5,
            "net_income": 49884,
            "net_income_4q": null,
            "revenue": 482609,
            "revenue_4q": null,
            "common_shares": 600599,
            "book_valuer_per_share": 14.6,
            "book_valuer_per_share_4q_avg": 14.62,
            "equity": 876657,
            "current_ratio": 160.48,
            "debt_ratio": 40.66,
            "inventory_turnover_ratio": 0.56,
            "account_receivable_turnover_ratio": null,
            "reinvestment_rate": 9.14,
            "research_to_sale_ratio": null,
            "price_fair": 92.05,
            "eps_avg_yearly": 2.63,
            "eps_latest_yearly": 3.32,
            "eps_growth_yearly": 34.32
        },
        "20084": {
            "year_quarter": 20084,
            "year": 2008,
            "quarter": 4,
            "eps": 0.41,
            "eps_growth_year": -43.84,
            "eps_4q": 2.39,
            "eps_4q_growth_year": 1.62,
            "roe": 2.72,
            "roe_4q": 16.75,
            "gross_profit": 258613,
            "gross_margin": 62.54,
            "gross_margin_4q_avg": 62.45,
            "net_income": 24477,
            "net_income_4q": null,
            "revenue": 413526,
            "revenue_4q": null,
            "common_shares": 600599,
            "book_valuer_per_share": 15.36,
            "book_valuer_per_share_4q_avg": 14.77,
            "equity": 922414,
            "current_ratio": 181.89,
            "debt_ratio": 36.54,
            "inventory_turnover_ratio": 0.47,
            "account_receivable_turnover_ratio": 308.49,
            "reinvestment_rate": 10.16,
            "research_to_sale_ratio": null,
            "price_fair": 91.18,
            "eps_avg_yearly": 2.61,
            "eps_latest_yearly": 1.64,
            "eps_growth_yearly": 26.1
        },
        "20091": {
            "year_quarter": 20091,
            "year": 2009,
            "quarter": 1,
            "eps": 0.81,
            "eps_growth_year": 19.12,
            "eps_4q": 2.55,
            "eps_4q_growth_year": 1.34,
            "roe": 5.07,
            "roe_4q": 17.25,
            "gross_profit": 280344,
            "gross_margin": 61.34,
            "gross_margin_4q_avg": 62.28,
            "net_income": 48482,
            "net_income_4q": null,
            "revenue": 457025,
            "revenue_4q": null,
            "common_shares": 600599,
            "book_valuer_per_share": 16.48,
            "book_valuer_per_share_4q_avg": 15.17,
            "equity": 989673,
            "current_ratio": 185.87,
            "debt_ratio": 36.79,
            "inventory_turnover_ratio": 0.54,
            "account_receivable_turnover_ratio": 161.07,
            "reinvestment_rate": 8.66,
            "research_to_sale_ratio": null,
            "price_fair": 92.14,
            "eps_avg_yearly": 2.63,
            "eps_latest_yearly": 3.24,
            "eps_growth_yearly": 41.18
        },
        "20092": {
            "year_quarter": 20092,
            "year": 2009,
            "quarter": 2,
            "eps": 0.51,
            "eps_growth_year": 4.08,
            "eps_4q": 2.56,
            "eps_4q_growth_year": 10.35,
            "roe": 3.25,
            "roe_4q": 16.94,
            "gross_profit": 254943,
            "gross_margin": 61.09,
            "gross_margin_4q_avg": 61.52,
            "net_income": 30603,
            "net_income_4q": null,
            "revenue": 417310,
            "revenue_4q": null,
            "common_shares": 600599,
            "book_valuer_per_share": 14.86,
            "book_valuer_per_share_4q_avg": 15.33,
            "equity": 892574,
            "current_ratio": 140.84,
            "debt_ratio": 44.69,
            "inventory_turnover_ratio": 0.48,
            "account_receivable_turnover_ratio": 125.66,
            "reinvestment_rate": 6.86,
            "research_to_sale_ratio": null,
            "price_fair": 91.88,
            "eps_avg_yearly": 2.63,
            "eps_latest_yearly": 2.04,
            "eps_growth_yearly": 37.63
        },
        "20093": {
            "year_quarter": 20093,
            "year": 2009,
            "quarter": 3,
            "eps": 0.78,
            "eps_growth_year": -6.02,
            "eps_4q": 2.51,
            "eps_4q_growth_year": -5.79,
            "roe": 5.09,
            "roe_4q": 16.13,
            "gross_profit": 271842,
            "gross_margin": 58.03,
            "gross_margin_4q_avg": 60.75,
            "net_income": 46625,
            "net_income_4q": null,
            "revenue": 468464,
            "revenue_4q": null,
            "common_shares": 600599,
            "book_valuer_per_share": 15.62,
            "book_valuer_per_share_4q_avg": 15.58,
            "equity": 938392,
            "current_ratio": 160.52,
            "debt_ratio": 39.57,
            "inventory_turnover_ratio": 0.58,
            "account_receivable_turnover_ratio": 129.28,
            "reinvestment_rate": 5.89,
            "research_to_sale_ratio": null,
            "price_fair": 92.84,
            "eps_avg_yearly": 2.65,
            "eps_latest_yearly": 3.12,
            "eps_growth_yearly": 44.85
        },
        "20094": {
            "year_quarter": 20094,
            "year": 2009,
            "quarter": 4,
            "eps": 0.55,
            "eps_growth_year": 34.15,
            "eps_4q": 2.64,
            "eps_4q_growth_year": 10.4,
            "roe": 3.51,
            "roe_4q": 16.92,
            "gross_profit": 293598,
            "gross_margin": 68.36,
            "gross_margin_4q_avg": 62.21,
            "net_income": 32880,
            "net_income_4q": null,
            "revenue": 429475,
            "revenue_4q": null,
            "common_shares": 600599,
            "book_valuer_per_share": 15.57,
            "book_valuer_per_share_4q_avg": 15.63,
            "equity": 935170,
            "current_ratio": 179.96,
            "debt_ratio": 39.14,
            "inventory_turnover_ratio": 0.41,
            "account_receivable_turnover_ratio": 296.19,
            "reinvestment_rate": 92.28,
            "research_to_sale_ratio": null,
            "price_fair": 91.61,
            "eps_avg_yearly": 2.62,
            "eps_latest_yearly": 2.2,
            "eps_growth_yearly": 36.73
        },
        "20101": {
            "year_quarter": 20101,
            "year": 2010,
            "quarter": 1,
            "eps": 0.94,
            "eps_growth_year": 16.05,
            "eps_4q": 2.78,
            "eps_4q_growth_year": 9.02,
            "roe": 5.72,
            "roe_4q": 17.57,
            "gross_profit": 283645,
            "gross_margin": 60.69,
            "gross_margin_4q_avg": 62.04,
            "net_income": 56726,
            "net_income_4q": null,
            "revenue": 467358,
            "revenue_4q": null,
            "common_shares": 600599,
            "book_valuer_per_share": 17.46,
            "book_valuer_per_share_4q_avg": 15.88,
            "equity": 1048624,
            "current_ratio": 180.03,
            "debt_ratio": 38.63,
            "inventory_turnover_ratio": 0.56,
            "account_receivable_turnover_ratio": 129.44,
            "reinvestment_rate": 109.44,
            "research_to_sale_ratio": null,
            "price_fair": 88.73,
            "eps_avg_yearly": 2.54,
            "eps_latest_yearly": 3.76,
            "eps_growth_yearly": 33.45
        },
        "20102": {
            "year_quarter": 20102,
            "year": 2010,
            "quarter": 2,
            "eps": 0.91,
            "eps_growth_year": 79.26,
            "eps_4q": 3.18,
            "eps_4q_growth_year": 24.45,
            "roe": 5.37,
            "roe_4q": 19.689999999999998,
            "gross_profit": 261958,
            "gross_margin": 58.71,
            "gross_margin_4q_avg": 61.45,
            "net_income": 54908,
            "net_income_4q": null,
            "revenue": 446224,
            "revenue_4q": null,
            "common_shares": 600599,
            "book_valuer_per_share": 16.6,
            "book_valuer_per_share_4q_avg": 16.31,
            "equity": 997215,
            "current_ratio": 146.7,
            "debt_ratio": 43.76,
            "inventory_turnover_ratio": 0.54,
            "account_receivable_turnover_ratio": 115.62,
            "reinvestment_rate": 109.13,
            "research_to_sale_ratio": null,
            "price_fair": 92.49,
            "eps_avg_yearly": 2.64,
            "eps_latest_yearly": 3.64,
            "eps_growth_yearly": 48.2
        },
        "20103": {
            "year_quarter": 20103,
            "year": 2010,
            "quarter": 3,
            "eps": 1.03,
            "eps_growth_year": 32.2,
            "eps_4q": 3.44,
            "eps_4q_growth_year": 36.81,
            "roe": 6.04,
            "roe_4q": 20.64,
            "gross_profit": 310916,
            "gross_margin": 59.99,
            "gross_margin_4q_avg": 61.94,
            "net_income": 61932,
            "net_income_4q": null,
            "revenue": 518257,
            "revenue_4q": null,
            "common_shares": 600599,
            "book_valuer_per_share": 17.46,
            "book_valuer_per_share_4q_avg": 16.77,
            "equity": 1052861,
            "current_ratio": 164.19,
            "debt_ratio": 39.96,
            "inventory_turnover_ratio": 0.59,
            "account_receivable_turnover_ratio": 129.66,
            "reinvestment_rate": 106.87,
            "research_to_sale_ratio": null,
            "price_fair": 95.55,
            "eps_avg_yearly": 2.73,
            "eps_latest_yearly": 4.12,
            "eps_growth_yearly": 41.08
        },
        "20104": {
            "year_quarter": 20104,
            "year": 2010,
            "quarter": 4,
            "eps": 0.95,
            "eps_growth_year": 72.84,
            "eps_4q": 3.84,
            "eps_4q_growth_year": 45.44,
            "roe": 5.42,
            "roe_4q": 22.55,
            "gross_profit": 290043,
            "gross_margin": 63.59,
            "gross_margin_4q_avg": 60.75,
            "net_income": 56438,
            "net_income_4q": null,
            "revenue": 456134,
            "revenue_4q": null,
            "common_shares": 600599,
            "book_valuer_per_share": 17.08,
            "book_valuer_per_share_4q_avg": 17.15,
            "equity": 1029442,
            "current_ratio": 166.68,
            "debt_ratio": 40.84,
            "inventory_turnover_ratio": 0.46,
            "account_receivable_turnover_ratio": 113.58,
            "reinvestment_rate": 95.42,
            "research_to_sale_ratio": null,
            "price_fair": 98.44,
            "eps_avg_yearly": 2.81,
            "eps_latest_yearly": 3.8,
            "eps_growth_yearly": 41.34
        },
        "20111": {
            "year_quarter": 20111,
            "year": 2011,
            "quarter": 1,
            "eps": 0.99,
            "eps_growth_year": 5.32,
            "eps_4q": 3.89,
            "eps_4q_growth_year": 39.99,
            "roe": 5.48,
            "roe_4q": 22.310000000000002,
            "gross_profit": 305995,
            "gross_margin": 60.9,
            "gross_margin_4q_avg": 60.8,
            "net_income": 59177,
            "net_income_4q": null,
            "revenue": 502465,
            "revenue_4q": null,
            "common_shares": 600599,
            "book_valuer_per_share": 18.76,
            "book_valuer_per_share_4q_avg": 17.48,
            "equity": 1130263,
            "current_ratio": 166.9,
            "debt_ratio": 40.42,
            "inventory_turnover_ratio": 0.51,
            "account_receivable_turnover_ratio": 156.02,
            "reinvestment_rate": 102.52,
            "research_to_sale_ratio": null,
            "price_fair": 102.38,
            "eps_avg_yearly": 2.93,
            "eps_latest_yearly": 3.96,
            "eps_growth_yearly": 45.62
        },
        "20112": {
            "year_quarter": 20112,
            "year": 2011,
            "quarter": 2,
            "eps": 0.87,
            "eps_growth_year": -5.19,
            "eps_4q": 3.84,
            "eps_4q_growth_year": 20.7,
            "roe": 4.75,
            "roe_4q": 21.69,
            "gross_profit": 272812,
            "gross_margin": 57.1,
            "gross_margin_4q_avg": 60.4,
            "net_income": 51967,
            "net_income_4q": null,
            "revenue": 477742,
            "revenue_4q": null,
            "common_shares": 600599,
            "book_valuer_per_share": 17.58,
            "book_valuer_per_share_4q_avg": 17.72,
            "equity": 1058929,
            "current_ratio": 137.81,
            "debt_ratio": 45.61,
            "inventory_turnover_ratio": 0.52,
            "account_receivable_turnover_ratio": 129.12,
            "reinvestment_rate": 105.94,
            "research_to_sale_ratio": null,
            "price_fair": 105,
            "eps_avg_yearly": 3,
            "eps_latest_yearly": 3.48,
            "eps_growth_yearly": 41.2
        },
        "20113": {
            "year_quarter": 20113,
            "year": 2011,
            "quarter": 3,
            "eps": 1.07,
            "eps_growth_year": 4.07,
            "eps_4q": 3.88,
            "eps_4q_growth_year": 12.97,
            "roe": 5.78,
            "roe_4q": 21.43,
            "gross_profit": 318668,
            "gross_margin": 57.86,
            "gross_margin_4q_avg": 59.86,
            "net_income": 64050,
            "net_income_4q": null,
            "revenue": 550731,
            "revenue_4q": null,
            "common_shares": 600599,
            "book_valuer_per_share": 19.27,
            "book_valuer_per_share_4q_avg": 18.17,
            "equity": 1157123,
            "current_ratio": 148.97,
            "debt_ratio": 41.02,
            "inventory_turnover_ratio": 0.57,
            "account_receivable_turnover_ratio": 104.15,
            "reinvestment_rate": 111.73,
            "research_to_sale_ratio": null,
            "price_fair": 109.81,
            "eps_avg_yearly": 3.14,
            "eps_latest_yearly": 4.28,
            "eps_growth_yearly": 49.14
        },
        "20114": {
            "year_quarter": 20114,
            "year": 2011,
            "quarter": 4,
            "eps": 0.82,
            "eps_growth_year": -14.16,
            "eps_4q": 3.75,
            "eps_4q_growth_year": -2.4,
            "roe": 4.12,
            "roe_4q": 20.130000000000003,
            "gross_profit": 292094,
            "gross_margin": 59.78,
            "gross_margin_4q_avg": 58.91,
            "net_income": 49080,
            "net_income_4q": null,
            "revenue": 488647,
            "revenue_4q": null,
            "common_shares": 600599,
            "book_valuer_per_share": 20.41,
            "book_valuer_per_share_4q_avg": 19.01,
            "equity": 1225539,
            "current_ratio": 159.43,
            "debt_ratio": 37.76,
            "inventory_turnover_ratio": 0.48,
            "account_receivable_turnover_ratio": 70.94,
            "reinvestment_rate": 117.04,
            "research_to_sale_ratio": null,
            "price_fair": 110.6,
            "eps_avg_yearly": 3.16,
            "eps_latest_yearly": 3.28,
            "eps_growth_yearly": 33.21
        },
        "20121": {
            "year_quarter": 20121,
            "year": 2012,
            "quarter": 1,
            "eps": 1.28,
            "eps_growth_year": 29.29,
            "eps_4q": 4.04,
            "eps_4q_growth_year": 3.8,
            "roe": 6.08,
            "roe_4q": 20.73,
            "gross_profit": 323122,
            "gross_margin": 58.7,
            "gross_margin_4q_avg": 58.36,
            "net_income": 76903,
            "net_income_4q": null,
            "revenue": 550468,
            "revenue_4q": null,
            "common_shares": 600599,
            "book_valuer_per_share": 21.69,
            "book_valuer_per_share_4q_avg": 19.74,
            "equity": 1302870,
            "current_ratio": 146.37,
            "debt_ratio": 39.09,
            "inventory_turnover_ratio": 0.55,
            "account_receivable_turnover_ratio": 64.75,
            "reinvestment_rate": 129.08,
            "research_to_sale_ratio": null,
            "price_fair": 115.85,
            "eps_avg_yearly": 3.31,
            "eps_latest_yearly": 5.12,
            "eps_growth_yearly": 48.94
        },
        "20122": {
            "year_quarter": 20122,
            "year": 2012,
            "quarter": 2,
            "eps": 1.27,
            "eps_growth_year": 46.21,
            "eps_4q": 4.44,
            "eps_4q_growth_year": 15.51,
            "roe": 6.09,
            "roe_4q": 22.07,
            "gross_profit": 295075,
            "gross_margin": 57.33,
            "gross_margin_4q_avg": 58.42,
            "net_income": 76117,
            "net_income_4q": null,
            "revenue": 514658,
            "revenue_4q": null,
            "common_shares": 600599,
            "book_valuer_per_share": 19.96,
            "book_valuer_per_share_4q_avg": 20.33,
            "equity": 1198566,
            "current_ratio": 119.74,
            "debt_ratio": 45.86,
            "inventory_turnover_ratio": 0.52,
            "account_receivable_turnover_ratio": 49.09,
            "reinvestment_rate": 119.41,
            "research_to_sale_ratio": null,
            "price_fair": 122.68,
            "eps_avg_yearly": 3.51,
            "eps_latest_yearly": 5.08,
            "eps_growth_yearly": 55.73
        },
        "20123": {
            "year_quarter": 20123,
            "year": 2012,
            "quarter": 3,
            "eps": 1.31,
            "eps_growth_year": 22.34,
            "eps_4q": 4.68,
            "eps_4q_growth_year": 20.44,
            "roe": 5.73,
            "roe_4q": 22.02,
            "gross_profit": 341012,
            "gross_margin": 59.77,
            "gross_margin_4q_avg": 58.9,
            "net_income": 78849,
            "net_income_4q": null,
            "revenue": 570505,
            "revenue_4q": null,
            "common_shares": 600599,
            "book_valuer_per_share": 25.85,
            "book_valuer_per_share_4q_avg": 21.98,
            "equity": 1552369,
            "current_ratio": 141.72,
            "debt_ratio": 35.82,
            "inventory_turnover_ratio": 0.54,
            "account_receivable_turnover_ratio": 46.82,
            "reinvestment_rate": 147.28,
            "research_to_sale_ratio": null,
            "price_fair": 126.88,
            "eps_avg_yearly": 3.63,
            "eps_latest_yearly": 5.24,
            "eps_growth_yearly": 39.17
        },
        "20124": {
            "year_quarter": 20124,
            "year": 2012,
            "quarter": 4,
            "eps": 1.27,
            "eps_growth_year": 56.02,
            "eps_4q": 5.13,
            "eps_4q_growth_year": 36.96,
            "roe": 4.8,
            "roe_4q": 22.700000000000003,
            "gross_profit": 318347,
            "gross_margin": 60.9,
            "gross_margin_4q_avg": 59.18,
            "net_income": 76465,
            "net_income_4q": null,
            "revenue": 522704,
            "revenue_4q": null,
            "common_shares": 600599,
            "book_valuer_per_share": 27.23,
            "book_valuer_per_share_4q_avg": 23.68,
            "equity": 1635452,
            "current_ratio": 152.6,
            "debt_ratio": 33.34,
            "inventory_turnover_ratio": 0.49,
            "account_receivable_turnover_ratio": 37.8,
            "reinvestment_rate": 143.7,
            "research_to_sale_ratio": null,
            "price_fair": 134.4,
            "eps_avg_yearly": 3.84,
            "eps_latest_yearly": 5.08,
            "eps_growth_yearly": 51.06
        },
        "20131": {
            "year_quarter": 20131,
            "year": 2013,
            "quarter": 1,
            "eps": 1.67,
            "eps_growth_year": 30.47,
            "eps_4q": 5.52,
            "eps_4q_growth_year": 36.76,
            "roe": 5.87,
            "roe_4q": 22.49,
            "gross_profit": 344067,
            "gross_margin": 60.64,
            "gross_margin_4q_avg": 59.66,
            "net_income": 100105,
            "net_income_4q": null,
            "revenue": 567405,
            "revenue_4q": null,
            "common_shares": 600599,
            "book_valuer_per_share": 29.55,
            "book_valuer_per_share_4q_avg": 25.65,
            "equity": 1774470,
            "current_ratio": 153.19,
            "debt_ratio": 34.42,
            "inventory_turnover_ratio": 0.52,
            "account_receivable_turnover_ratio": 42.38,
            "reinvestment_rate": 153.22,
            "research_to_sale_ratio": null,
            "price_fair": 141.93,
            "eps_avg_yearly": 4.06,
            "eps_latest_yearly": 6.68,
            "eps_growth_yearly": 34.54
        },
        "20132": {
            "year_quarter": 20132,
            "year": 2013,
            "quarter": 2,
            "eps": 0.98,
            "eps_growth_year": -22.67,
            "eps_4q": 5.23,
            "eps_4q_growth_year": 17.95,
            "roe": 3.46,
            "roe_4q": 19.86,
            "gross_profit": 308655,
            "gross_margin": 59.55,
            "gross_margin_4q_avg": 60.22,
            "net_income": 58903,
            "net_income_4q": null,
            "revenue": 518281,
            "revenue_4q": null,
            "common_shares": 600599,
            "book_valuer_per_share": 27.18,
            "book_valuer_per_share_4q_avg": 27.45,
            "equity": 1632286,
            "current_ratio": 127.96,
            "debt_ratio": 41.29,
            "inventory_turnover_ratio": 0.47,
            "account_receivable_turnover_ratio": 40.23,
            "reinvestment_rate": 147.9,
            "research_to_sale_ratio": null,
            "price_fair": 146.04,
            "eps_avg_yearly": 4.17,
            "eps_latest_yearly": 3.92,
            "eps_growth_yearly": 33.47
        },
        "20133": {
            "year_quarter": 20133,
            "year": 2013,
            "quarter": 3,
            "eps": 1.61,
            "eps_growth_year": 22.64,
            "eps_4q": 5.53,
            "eps_4q_growth_year": 18.32,
            "roe": 5.71,
            "roe_4q": 19.84,
            "gross_profit": 350995,
            "gross_margin": 60.11,
            "gross_margin_4q_avg": 60.3,
            "net_income": 96872,
            "net_income_4q": null,
            "revenue": 583882,
            "revenue_4q": null,
            "common_shares": 600599,
            "book_valuer_per_share": 29.3,
            "book_valuer_per_share_4q_avg": 28.32,
            "equity": 1759747,
            "current_ratio": 145.05,
            "debt_ratio": 35.1,
            "inventory_turnover_ratio": 0.5,
            "account_receivable_turnover_ratio": 52.25,
            "reinvestment_rate": 150.11,
            "research_to_sale_ratio": null,
            "price_fair": 153.3,
            "eps_avg_yearly": 4.38,
            "eps_latest_yearly": 6.44,
            "eps_growth_yearly": 36.31
        },
        "20134": {
            "year_quarter": 20134,
            "year": 2013,
            "quarter": 4,
            "eps": 1.68,
            "eps_growth_year": 32.2,
            "eps_4q": 5.94,
            "eps_4q_growth_year": 15.77,
            "roe": 5.41,
            "roe_4q": 20.450000000000003,
            "gross_profit": 348306,
            "gross_margin": 63.06,
            "gross_margin_4q_avg": 60.84,
            "net_income": 101083,
            "net_income_4q": null,
            "revenue": 552335,
            "revenue_4q": null,
            "common_shares": 600599,
            "book_valuer_per_share": 32.89,
            "book_valuer_per_share_4q_avg": 29.73,
            "equity": 1975198,
            "current_ratio": 152.3,
            "debt_ratio": 32.1,
            "inventory_turnover_ratio": 0.43,
            "account_receivable_turnover_ratio": 85.28,
            "reinvestment_rate": 111.98,
            "research_to_sale_ratio": null,
            "price_fair": 163.19,
            "eps_avg_yearly": 4.66,
            "eps_latest_yearly": 6.72,
            "eps_growth_yearly": 44.77
        },
        "20141": {
            "year_quarter": 20141,
            "year": 2014,
            "quarter": 1,
            "eps": 1.62,
            "eps_growth_year": -2.99,
            "eps_4q": 5.89,
            "eps_4q_growth_year": 6.77,
            "roe": 4.78,
            "roe_4q": 19.360000000000003,
            "gross_profit": 353107,
            "gross_margin": 59.43,
            "gross_margin_4q_avg": 60.54,
            "net_income": 97115,
            "net_income_4q": null,
            "revenue": 594131,
            "revenue_4q": null,
            "common_shares": 600599,
            "book_valuer_per_share": 34.78,
            "book_valuer_per_share_4q_avg": 31.04,
            "equity": 2089138,
            "current_ratio": 152.86,
            "debt_ratio": 33.46,
            "inventory_turnover_ratio": 0.49,
            "account_receivable_turnover_ratio": 92.78,
            "reinvestment_rate": 107.34,
            "research_to_sale_ratio": null,
            "price_fair": 169.14,
            "eps_avg_yearly": 4.83,
            "eps_latest_yearly": 6.48,
            "eps_growth_yearly": 26.15
        },
        "20142": {
            "year_quarter": 20142,
            "year": 2014,
            "quarter": 2,
            "eps": 1.13,
            "eps_growth_year": 15.31,
            "eps_4q": 6.04,
            "eps_4q_growth_year": 15.47,
            "roe": 3.42,
            "roe_4q": 19.32,
            "gross_profit": 331140,
            "gross_margin": 58.09,
            "gross_margin_4q_avg": 60.17,
            "net_income": 67881,
            "net_income_4q": null,
            "revenue": 570035,
            "revenue_4q": null,
            "common_shares": 600599,
            "book_valuer_per_share": 31.38,
            "book_valuer_per_share_4q_avg": 32.09,
            "equity": 1884565,
            "current_ratio": 126.15,
            "debt_ratio": 40.72,
            "inventory_turnover_ratio": 0.47,
            "account_receivable_turnover_ratio": 64.35,
            "reinvestment_rate": 97.16,
            "research_to_sale_ratio": null,
            "price_fair": 143.62,
            "eps_avg_yearly": 4.89,
            "eps_latest_yearly": 4.52,
            "eps_growth_yearly": 19.38
        },
        "20143": {
            "year_quarter": 20143,
            "year": 2014,
            "quarter": 3,
            "eps": 1.88,
            "eps_growth_year": 16.77,
            "eps_4q": 6.31,
            "eps_4q_growth_year": 13.97,
            "roe": 5.76,
            "roe_4q": 19.37,
            "gross_profit": 385785,
            "gross_margin": 59.99,
            "gross_margin_4q_avg": 60.14,
            "net_income": 112679,
            "net_income_4q": null,
            "revenue": 643034,
            "revenue_4q": null,
            "common_shares": 600599,
            "book_valuer_per_share": 33.78,
            "book_valuer_per_share_4q_avg": 33.21,
            "equity": 2029044,
            "current_ratio": 140.31,
            "debt_ratio": 35.22,
            "inventory_turnover_ratio": 0.5,
            "account_receivable_turnover_ratio": 84.42,
            "reinvestment_rate": 102.4,
            "research_to_sale_ratio": null,
            "price_fair": 178.5,
            "eps_avg_yearly": 5.1,
            "eps_latest_yearly": 7.52,
            "eps_growth_yearly": 32.68
        },
        "20144": {
            "year_quarter": 20144,
            "year": 2014,
            "quarter": 4,
            "eps": 1.25,
            "eps_growth_year": -25.98,
            "eps_4q": 5.87,
            "eps_4q_growth_year": -1.25,
            "roe": 3.59,
            "roe_4q": 17.55,
            "gross_profit": 373277,
            "gross_margin": 62.98,
            "gross_margin_4q_avg": 60.12,
            "net_income": 74824,
            "net_income_4q": null,
            "revenue": 592730,
            "revenue_4q": null,
            "common_shares": 600599,
            "book_valuer_per_share": 35.55,
            "book_valuer_per_share_4q_avg": 33.87,
            "equity": 2135224,
            "current_ratio": 147.28,
            "debt_ratio": 33.48,
            "inventory_turnover_ratio": 0.42,
            "account_receivable_turnover_ratio": 105.22,
            "reinvestment_rate": 110.62,
            "research_to_sale_ratio": null,
            "price_fair": 181.13,
            "eps_avg_yearly": 5.18,
            "eps_latest_yearly": 5,
            "eps_growth_yearly": 26.25
        },
        "20151": {
            "year_quarter": 20151,
            "year": 2015,
            "quarter": 1,
            "eps": 1.63,
            "eps_growth_year": 0.62,
            "eps_4q": 5.88,
            "eps_4q_growth_year": -0.2,
            "roe": 4.49,
            "roe_4q": 17.259999999999998,
            "gross_profit": 382718,
            "gross_margin": 60.61,
            "gross_margin_4q_avg": 60.42,
            "net_income": 97873,
            "net_income_4q": null,
            "revenue": 631490,
            "revenue_4q": null,
            "common_shares": 600599,
            "book_valuer_per_share": 36.96,
            "book_valuer_per_share_4q_avg": 34.42,
            "equity": 2219891,
            "current_ratio": 147.31,
            "debt_ratio": 34.7,
            "inventory_turnover_ratio": 0.47,
            "account_receivable_turnover_ratio": 111.67,
            "reinvestment_rate": 105.53,
            "research_to_sale_ratio": null,
            "price_fair": 186.73,
            "eps_avg_yearly": 5.34,
            "eps_latest_yearly": 6.52,
            "eps_growth_yearly": 32.79
        },
        "20152": {
            "year_quarter": 20152,
            "year": 2015,
            "quarter": 2,
            "eps": 1.45,
            "eps_growth_year": 28.32,
            "eps_4q": 6.2,
            "eps_4q_growth_year": 2.57,
            "roe": 4.05,
            "roe_4q": 17.89,
            "gross_profit": 370242,
            "gross_margin": 59.57,
            "gross_margin_4q_avg": 60.79,
            "net_income": 86891,
            "net_income_4q": null,
            "revenue": 621484,
            "revenue_4q": null,
            "common_shares": 600599,
            "book_valuer_per_share": 34.47,
            "book_valuer_per_share_4q_avg": 35.19,
            "equity": 2070075,
            "current_ratio": 127.41,
            "debt_ratio": 40.14,
            "inventory_turnover_ratio": 0.46,
            "account_receivable_turnover_ratio": 94.29,
            "reinvestment_rate": 95.62,
            "research_to_sale_ratio": null,
            "price_fair": 191.8,
            "eps_avg_yearly": 5.48,
            "eps_latest_yearly": 5.8,
            "eps_growth_yearly": 33.06
        },
        "20153": {
            "year_quarter": 20153,
            "year": 2015,
            "quarter": 3,
            "eps": 1.89,
            "eps_growth_year": 0.53,
            "eps_4q": 6.21,
            "eps_4q_growth_year": -1.52,
            "roe": 5.25,
            "roe_4q": 17.380000000000003,
            "gross_profit": 409069,
            "gross_margin": 61.7,
            "gross_margin_4q_avg": 61.22,
            "net_income": 113431,
            "net_income_4q": null,
            "revenue": 663041,
            "revenue_4q": null,
            "common_shares": 600599,
            "book_valuer_per_share": 37.5,
            "book_valuer_per_share_4q_avg": 36.12,
            "equity": 2252203,
            "current_ratio": 129.64,
            "debt_ratio": 33.97,
            "inventory_turnover_ratio": 0.45,
            "account_receivable_turnover_ratio": 62.18,
            "reinvestment_rate": 103.24,
            "research_to_sale_ratio": null,
            "price_fair": 198.98,
            "eps_avg_yearly": 5.69,
            "eps_latest_yearly": 7.56,
            "eps_growth_yearly": 34.9
        },
        "20154": {
            "year_quarter": 20154,
            "year": 2015,
            "quarter": 4,
            "eps": 1.25,
            "eps_growth_year": 0.4,
            "eps_4q": 6.22,
            "eps_4q_growth_year": 5.91,
            "roe": 3.33,
            "roe_4q": 17.119999999999997,
            "gross_profit": 353545,
            "gross_margin": 56.53,
            "gross_margin_4q_avg": 59.6,
            "net_income": 75123,
            "net_income_4q": null,
            "revenue": 625464,
            "revenue_4q": null,
            "common_shares": 600599,
            "book_valuer_per_share": 37.68,
            "book_valuer_per_share_4q_avg": 36.65,
            "equity": 2262938,
            "current_ratio": 108.07,
            "debt_ratio": 45.31,
            "inventory_turnover_ratio": 0.49,
            "account_receivable_turnover_ratio": 62.35,
            "reinvestment_rate": 146.21,
            "research_to_sale_ratio": null,
            "price_fair": 202.74,
            "eps_avg_yearly": 5.79,
            "eps_latest_yearly": 5,
            "eps_growth_yearly": 32.28
        },
        "20161": {
            "year_quarter": 20161,
            "year": 2016,
            "quarter": 1,
            "eps": 1.67,
            "eps_growth_year": 2.45,
            "eps_4q": 6.25,
            "eps_4q_growth_year": 6.28,
            "roe": 4.33,
            "roe_4q": 16.96,
            "gross_profit": 401934,
            "gross_margin": 61.45,
            "gross_margin_4q_avg": 59.81,
            "net_income": 100014,
            "net_income_4q": null,
            "revenue": 654058,
            "revenue_4q": null,
            "common_shares": 600599,
            "book_valuer_per_share": 39.23,
            "book_valuer_per_share_4q_avg": 37.22,
            "equity": 2356415,
            "current_ratio": 122.31,
            "debt_ratio": 45.93,
            "inventory_turnover_ratio": 0.45,
            "account_receivable_turnover_ratio": 107.3,
            "reinvestment_rate": 137.85,
            "research_to_sale_ratio": null,
            "price_fair": 206.15,
            "eps_avg_yearly": 5.89,
            "eps_latest_yearly": 6.68,
            "eps_growth_yearly": 26.65
        },
        "20162": {
            "year_quarter": 20162,
            "year": 2016,
            "quarter": 2,
            "eps": 1.42,
            "eps_growth_year": -2.07,
            "eps_4q": 6.23,
            "eps_4q_growth_year": 0.49,
            "roe": 3.76,
            "roe_4q": 16.67,
            "gross_profit": 394771,
            "gross_margin": 59.94,
            "gross_margin_4q_avg": 59.91,
            "net_income": 85509,
            "net_income_4q": null,
            "revenue": 658571,
            "revenue_4q": null,
            "common_shares": 600599,
            "book_valuer_per_share": 36.41,
            "book_valuer_per_share_4q_avg": 37.71,
            "equity": 2186943,
            "current_ratio": 113.87,
            "debt_ratio": 49.31,
            "inventory_turnover_ratio": 0.46,
            "account_receivable_turnover_ratio": 91.84,
            "reinvestment_rate": 130.8,
            "research_to_sale_ratio": null,
            "price_fair": 196.23,
            "eps_avg_yearly": 5.93,
            "eps_latest_yearly": 5.68,
            "eps_growth_yearly": 23.11
        },
        "20163": {
            "year_quarter": 20163,
            "year": 2016,
            "quarter": 3,
            "eps": 1.98,
            "eps_growth_year": 4.76,
            "eps_4q": 6.32,
            "eps_4q_growth_year": 1.69,
            "roe": 5.35,
            "roe_4q": 16.77,
            "gross_profit": 409500,
            "gross_margin": 57.76,
            "gross_margin_4q_avg": 58.92,
            "net_income": 118643,
            "net_income_4q": null,
            "revenue": 708984,
            "revenue_4q": null,
            "common_shares": 600599,
            "book_valuer_per_share": 37.19,
            "book_valuer_per_share_4q_avg": 37.63,
            "equity": 2251640,
            "current_ratio": 119.13,
            "debt_ratio": 46.58,
            "inventory_turnover_ratio": 0.52,
            "account_receivable_turnover_ratio": 101.18,
            "reinvestment_rate": 110,
            "research_to_sale_ratio": null,
            "price_fair": 213.33,
            "eps_avg_yearly": 6.1,
            "eps_latest_yearly": 7.92,
            "eps_growth_yearly": 32.18
        },
        "20164": {
            "year_quarter": 20164,
            "year": 2016,
            "quarter": 4,
            "eps": 0.92,
            "eps_growth_year": -26.74,
            "eps_4q": 5.98,
            "eps_4q_growth_year": -3.78,
            "roe": 2.38,
            "roe_4q": 15.819999999999999,
            "gross_profit": 372940,
            "gross_margin": 55.72,
            "gross_margin_4q_avg": 58.72,
            "net_income": 54255,
            "net_income_4q": null,
            "revenue": 669292,
            "revenue_4q": null,
            "common_shares": 600599,
            "book_valuer_per_share": 38.04,
            "book_valuer_per_share_4q_avg": 37.72,
            "equity": 2301870,
            "current_ratio": 120.61,
            "debt_ratio": 45.87,
            "inventory_turnover_ratio": 0.52,
            "account_receivable_turnover_ratio": 61.77,
            "reinvestment_rate": 111.32,
            "research_to_sale_ratio": null,
            "price_fair": 177.56,
            "eps_avg_yearly": 6.01,
            "eps_latest_yearly": 3.68,
            "eps_growth_yearly": 19.56
        },
        "20171": {
            "year_quarter": 20171,
            "year": 2017,
            "quarter": 1,
            "eps": 1.72,
            "eps_growth_year": 2.99,
            "eps_4q": 6.03,
            "eps_4q_growth_year": -3.52,
            "roe": 4.41,
            "roe_4q": 15.9,
            "gross_profit": 423711,
            "gross_margin": 58.68,
            "gross_margin_4q_avg": 58.03,
            "net_income": 102131,
            "net_income_4q": null,
            "revenue": 722126,
            "revenue_4q": null,
            "common_shares": 600599,
            "book_valuer_per_share": 38.46,
            "book_valuer_per_share_4q_avg": 37.53,
            "equity": 2326208,
            "current_ratio": 123.88,
            "debt_ratio": 45.32,
            "inventory_turnover_ratio": 0.53,
            "account_receivable_turnover_ratio": 55.75,
            "reinvestment_rate": 98.92,
            "research_to_sale_ratio": null,
            "price_fair": 210.7,
            "eps_avg_yearly": 6.02,
            "eps_latest_yearly": 6.88,
            "eps_growth_yearly": 33.42
        },
        "20172": {
            "year_quarter": 20172,
            "year": 2017,
            "quarter": 2,
            "eps": 0.78,
            "eps_growth_year": -45.07,
            "eps_4q": 5.39,
            "eps_4q_growth_year": -13.46,
            "roe": 2.06,
            "roe_4q": 14.200000000000001,
            "gross_profit": 389928,
            "gross_margin": 57.77,
            "gross_margin_4q_avg": 57.48,
            "net_income": 46345,
            "net_income_4q": null,
            "revenue": 674935,
            "revenue_4q": null,
            "common_shares": 600599,
            "book_valuer_per_share": 35.96,
            "book_valuer_per_share_4q_avg": 37.41,
            "equity": 2175640,
            "current_ratio": 112.77,
            "debt_ratio": 48.74,
            "inventory_turnover_ratio": 0.5,
            "account_receivable_turnover_ratio": 53.63,
            "reinvestment_rate": 98.26,
            "research_to_sale_ratio": null,
            "price_fair": 208.95,
            "eps_avg_yearly": 5.97,
            "eps_latest_yearly": 3.12,
            "eps_growth_yearly": 30.09
        },
        "20173": {
            "year_quarter": 20173,
            "year": 2017,
            "quarter": 3,
            "eps": 1.62,
            "eps_growth_year": -18.18,
            "eps_4q": 5.04,
            "eps_4q_growth_year": -20.23,
            "roe": 4.35,
            "roe_4q": 13.2,
            "gross_profit": 437911,
            "gross_margin": 57.55,
            "gross_margin_4q_avg": 57.43,
            "net_income": 96695,
            "net_income_4q": null,
            "revenue": 760898,
            "revenue_4q": null,
            "common_shares": 600599,
            "book_valuer_per_share": 37.47,
            "book_valuer_per_share_4q_avg": 37.48,
            "equity": 2265137,
            "current_ratio": 111.6,
            "debt_ratio": 46.24,
            "inventory_turnover_ratio": 0.58,
            "account_receivable_turnover_ratio": 48.57,
            "reinvestment_rate": 98.24,
            "research_to_sale_ratio": null,
            "price_fair": 209.04,
            "eps_avg_yearly": 5.97,
            "eps_latest_yearly": 6.48,
            "eps_growth_yearly": 40.94
        },
        "20174": {
            "year_quarter": 20174,
            "year": 2017,
            "quarter": 4,
            "eps": 0.94,
            "eps_growth_year": 2.85,
            "eps_4q": 5.06,
            "eps_4q_growth_year": -15.34,
            "roe": 2.45,
            "roe_4q": 13.27,
            "gross_profit": 399771,
            "gross_margin": 57.62,
            "gross_margin_4q_avg": 57.91,
            "net_income": 56213,
            "net_income_4q": null,
            "revenue": 693827,
            "revenue_4q": null,
            "common_shares": 600599,
            "book_valuer_per_share": 38.46,
            "book_valuer_per_share_4q_avg": 37.59,
            "equity": 2324443,
            "current_ratio": 115.62,
            "debt_ratio": 45.17,
            "inventory_turnover_ratio": 0.54,
            "account_receivable_turnover_ratio": 35.33,
            "reinvestment_rate": 88.23,
            "research_to_sale_ratio": null,
            "price_fair": 202.56,
            "eps_avg_yearly": 5.79,
            "eps_latest_yearly": 3.76,
            "eps_growth_yearly": 29.36
        },
        "20181": {
            "year_quarter": 20181,
            "year": 2018,
            "quarter": 1,
            "eps": 0.55,
            "eps_growth_year": -68.02,
            "eps_4q": 3.9,
            "eps_4q_growth_year": -35.28,
            "roe": 1.36,
            "roe_4q": 10.22,
            "gross_profit": 423266,
            "gross_margin": 57.16,
            "gross_margin_4q_avg": 57.53,
            "net_income": 32161,
            "net_income_4q": null,
            "revenue": 740544,
            "revenue_4q": null,
            "common_shares": 600599,
            "book_valuer_per_share": 40.09,
            "book_valuer_per_share_4q_avg": 38,
            "equity": 2421027,
            "current_ratio": 120.85,
            "debt_ratio": 45.46,
            "inventory_turnover_ratio": 0.59,
            "account_receivable_turnover_ratio": 36.08,
            "reinvestment_rate": 87.74,
            "research_to_sale_ratio": null,
            "price_fair": 164.93,
            "eps_avg_yearly": 5.52,
            "eps_latest_yearly": 2.2,
            "eps_growth_yearly": 19.88
        },
        "20182": {
            "year_quarter": 20182,
            "year": 2018,
            "quarter": 2,
            "eps": 1.16,
            "eps_growth_year": 48.72,
            "eps_4q": 4.28,
            "eps_4q_growth_year": -20.58,
            "roe": 2.96,
            "roe_4q": 11.120000000000001,
            "gross_profit": 439287,
            "gross_margin": 57.99,
            "gross_margin_4q_avg": 57.58,
            "net_income": 69363,
            "net_income_4q": null,
            "revenue": 757462,
            "revenue_4q": null,
            "common_shares": 600599,
            "book_valuer_per_share": 37.38,
            "book_valuer_per_share_4q_avg": 38.35,
            "equity": 2257877,
            "current_ratio": 110.64,
            "debt_ratio": 49.66,
            "inventory_turnover_ratio": 0.59,
            "account_receivable_turnover_ratio": 34.55,
            "reinvestment_rate": 84.49,
            "research_to_sale_ratio": null,
            "price_fair": 193.46,
            "eps_avg_yearly": 5.53,
            "eps_latest_yearly": 4.64,
            "eps_growth_yearly": 55.17
        },
        "20183": {
            "year_quarter": 20183,
            "year": 2018,
            "quarter": 3,
            "eps": 1.21,
            "eps_growth_year": -25.31,
            "eps_4q": 3.87,
            "eps_4q_growth_year": -23.18,
            "roe": 3.22,
            "roe_4q": 9.99,
            "gross_profit": 454265,
            "gross_margin": 58.52,
            "gross_margin_4q_avg": 57.82,
            "net_income": 72757,
            "net_income_4q": null,
            "revenue": 776226,
            "revenue_4q": null,
            "common_shares": 600599,
            "book_valuer_per_share": 37.52,
            "book_valuer_per_share_4q_avg": 38.36,
            "equity": 2266320,
            "current_ratio": 113.26,
            "debt_ratio": 46.6,
            "inventory_turnover_ratio": 0.6,
            "account_receivable_turnover_ratio": 27.61,
            "reinvestment_rate": 73.97,
            "research_to_sale_ratio": null,
            "price_fair": 187.6,
            "eps_avg_yearly": 5.36,
            "eps_latest_yearly": 4.84,
            "eps_growth_yearly": 39.65
        },
        "20184": {
            "year_quarter": 20184,
            "year": 2018,
            "quarter": 4,
            "eps": 1.29,
            "eps_growth_year": 37.27,
            "eps_4q": 4.22,
            "eps_4q_growth_year": -16.64,
            "roe": 3.26,
            "roe_4q": 10.8,
            "gross_profit": 454827,
            "gross_margin": 57.42,
            "gross_margin_4q_avg": 57.77,
            "net_income": 75878,
            "net_income_4q": null,
            "revenue": 792036,
            "revenue_4q": null,
            "common_shares": 600599,
            "book_valuer_per_share": 39.52,
            "book_valuer_per_share_4q_avg": 38.63,
            "equity": 2384435,
            "current_ratio": 114.85,
            "debt_ratio": 46.24,
            "inventory_turnover_ratio": 0.62,
            "account_receivable_turnover_ratio": 24.22,
            "reinvestment_rate": 75.42,
            "research_to_sale_ratio": null,
            "price_fair": 187.95,
            "eps_avg_yearly": 5.37,
            "eps_latest_yearly": 5.16,
            "eps_growth_yearly": 49.68
        },
        "20191": {
            "year_quarter": 20191,
            "year": 2019,
            "quarter": 1,
            "eps": 1.24,
            "eps_growth_year": 125.45,
            "eps_4q": 4.9,
            "eps_4q_growth_year": 25.65,
            "roe": 3,
            "roe_4q": 12.440000000000001,
            "gross_profit": 472021,
            "gross_margin": 58.82,
            "gross_margin_4q_avg": 58.19,
            "net_income": 73529,
            "net_income_4q": null,
            "revenue": 802522,
            "revenue_4q": null,
            "common_shares": 600599,
            "book_valuer_per_share": 41.8,
            "book_valuer_per_share_4q_avg": 39.06,
            "equity": 2520933,
            "current_ratio": 94.41,
            "debt_ratio": 53.1,
            "inventory_turnover_ratio": 0.58,
            "account_receivable_turnover_ratio": 22.92,
            "reinvestment_rate": 80.71,
            "research_to_sale_ratio": null,
            "price_fair": 184.54,
            "eps_avg_yearly": 5.27,
            "eps_latest_yearly": 4.96,
            "eps_growth_yearly": 41.11
        },
        "20192": {
            "year_quarter": 20192,
            "year": 2019,
            "quarter": 2,
            "eps": 1.3,
            "eps_growth_year": 12.07,
            "eps_4q": 5.04,
            "eps_4q_growth_year": 17.75,
            "roe": 3.19,
            "roe_4q": 12.67,
            "gross_profit": 459420,
            "gross_margin": 59.24,
            "gross_margin_4q_avg": 58.5,
            "net_income": 77859,
            "net_income_4q": null,
            "revenue": 775575,
            "revenue_4q": null,
            "common_shares": 600599,
            "book_valuer_per_share": 39.22,
            "book_valuer_per_share_4q_avg": 39.52,
            "equity": 2365842,
            "current_ratio": 82.03,
            "debt_ratio": 55.71,
            "inventory_turnover_ratio": 0.54,
            "account_receivable_turnover_ratio": 21.25,
            "reinvestment_rate": 79.56,
            "research_to_sale_ratio": null,
            "price_fair": 183.23,
            "eps_avg_yearly": 5.24,
            "eps_latest_yearly": 5.2,
            "eps_growth_yearly": 45.09
        },
        "20193": {
            "year_quarter": 20193,
            "year": 2019,
            "quarter": 3,
            "eps": 1.59,
            "eps_growth_year": 31.4,
            "eps_4q": 5.42,
            "eps_4q_growth_year": 40.07,
            "roe": 4,
            "roe_4q": 13.45,
            "gross_profit": 480478,
            "gross_margin": 57.72,
            "gross_margin_4q_avg": 58.3,
            "net_income": 95517,
            "net_income_4q": null,
            "revenue": 832415,
            "revenue_4q": null,
            "common_shares": 600599,
            "book_valuer_per_share": 39.98,
            "book_valuer_per_share_4q_avg": 40.13,
            "equity": 2411242,
            "current_ratio": 85.85,
            "debt_ratio": 54.5,
            "inventory_turnover_ratio": 0.58,
            "account_receivable_turnover_ratio": 21.49,
            "reinvestment_rate": 60.86,
            "research_to_sale_ratio": null,
            "price_fair": 180.6,
            "eps_avg_yearly": 5.16,
            "eps_latest_yearly": 6.36,
            "eps_growth_yearly": 43.08
        },
        "20194": {
            "year_quarter": 20194,
            "year": 2019,
            "quarter": 4,
            "eps": 2.18,
            "eps_growth_year": 68.85,
            "eps_4q": 6.31,
            "eps_4q_growth_year": 49.52,
            "roe": 5.26,
            "roe_4q": 15.45,
            "gross_profit": 462610,
            "gross_margin": 57.41,
            "gross_margin_4q_avg": 58.3,
            "net_income": 130007,
            "net_income_4q": null,
            "revenue": 805798,
            "revenue_4q": null,
            "common_shares": 600599,
            "book_valuer_per_share": 42.07,
            "book_valuer_per_share_4q_avg": 40.77,
            "equity": 2535585,
            "current_ratio": 85.6,
            "debt_ratio": 52.49,
            "inventory_turnover_ratio": 0.56,
            "account_receivable_turnover_ratio": 27.33,
            "reinvestment_rate": 10.75,
            "research_to_sale_ratio": null,
            "price_fair": 188.74,
            "eps_avg_yearly": 5.39,
            "eps_latest_yearly": 8.72,
            "eps_growth_yearly": 60.82
        },
        "20201": {
            "year_quarter": 20201,
            "year": 2020,
            "quarter": 1,
            "eps": 0.93,
            "eps_growth_year": -25,
            "eps_4q": 6,
            "eps_4q_growth_year": 22.3,
            "roe": 2.13,
            "roe_4q": 14.58,
            "gross_profit": 471528,
            "gross_margin": 60.26,
            "gross_margin_4q_avg": 58.66,
            "net_income": 54421,
            "net_income_4q": null,
            "revenue": 782517,
            "revenue_4q": null,
            "common_shares": 600599,
            "book_valuer_per_share": 42.54,
            "book_valuer_per_share_4q_avg": 40.95,
            "equity": 2562572,
            "current_ratio": 73.72,
            "debt_ratio": 52.14,
            "inventory_turnover_ratio": 0.5,
            "account_receivable_turnover_ratio": 46.16,
            "reinvestment_rate": 7.43,
            "research_to_sale_ratio": null,
            "price_fair": 182.26,
            "eps_avg_yearly": 5.21,
            "eps_latest_yearly": 3.72,
            "eps_growth_yearly": 38.08
        },
        "20202": {
            "year_quarter": 20202,
            "year": 2020,
            "quarter": 2,
            "eps": 0.63,
            "eps_growth_year": -51.54,
            "eps_4q": 5.33,
            "eps_4q_growth_year": 5.69,
            "roe": 1.51,
            "roe_4q": 12.899999999999999,
            "gross_profit": 407795,
            "gross_margin": 61.48,
            "gross_margin_4q_avg": 59.22,
            "net_income": 37158,
            "net_income_4q": null,
            "revenue": 663328,
            "revenue_4q": null,
            "common_shares": 600599,
            "book_valuer_per_share": 38.94,
            "book_valuer_per_share_4q_avg": 40.88,
            "equity": 2345979,
            "current_ratio": 62.91,
            "debt_ratio": 57.24,
            "inventory_turnover_ratio": 0.43,
            "account_receivable_turnover_ratio": 36.91,
            "reinvestment_rate": 16.42,
            "research_to_sale_ratio": null,
            "price_fair": 175.35,
            "eps_avg_yearly": 5.01,
            "eps_latest_yearly": 2.52,
            "eps_growth_yearly": 33.76
        },
        "20203": {
            "year_quarter": 20203,
            "year": 2020,
            "quarter": 3,
            "eps": 1.76,
            "eps_growth_year": 10.69,
            "eps_4q": 5.49,
            "eps_4q_growth_year": 1.31,
            "roe": 4.38,
            "roe_4q": 13.28,
            "gross_profit": 499534,
            "gross_margin": 59.49,
            "gross_margin_4q_avg": 59.66,
            "net_income": 105430,
            "net_income_4q": null,
            "revenue": 839632,
            "revenue_4q": null,
            "common_shares": 600599,
            "book_valuer_per_share": 40.95,
            "book_valuer_per_share_4q_avg": 41.13,
            "equity": 2466618,
            "current_ratio": 67.39,
            "debt_ratio": 56.45,
            "inventory_turnover_ratio": 0.58,
            "account_receivable_turnover_ratio": 38.32,
            "reinvestment_rate": 23.19,
            "research_to_sale_ratio": null,
            "price_fair": 173.43,
            "eps_avg_yearly": 4.96,
            "eps_latest_yearly": 7.04,
            "eps_growth_yearly": 68.74
        },
        "20204": {
            "year_quarter": 20204,
            "year": 2020,
            "quarter": 4,
            "eps": 1.83,
            "eps_growth_year": -16.4,
            "eps_4q": 5.13,
            "eps_4q_growth_year": -18.66,
            "roe": 4.27,
            "roe_4q": 12.29,
            "gross_profit": 455243,
            "gross_margin": 58.62,
            "gross_margin_4q_avg": 59.96,
            "net_income": 108203,
            "net_income_4q": null,
            "revenue": 776561,
            "revenue_4q": null,
            "common_shares": 600599,
            "book_valuer_per_share": 43.3,
            "book_valuer_per_share_4q_avg": 41.43,
            "equity": 2606493,
            "current_ratio": 69.24,
            "debt_ratio": 54.01,
            "inventory_turnover_ratio": 0.53,
            "account_receivable_turnover_ratio": 40.89,
            "reinvestment_rate": 29,
            "research_to_sale_ratio": null,
            "price_fair": 181.39,
            "eps_avg_yearly": 5.18,
            "eps_latest_yearly": 7.32,
            "eps_growth_yearly": 83.12
        },
        "20211": {
            "year_quarter": 20211,
            "year": 2021,
            "quarter": 1,
            "eps": 1.28,
            "eps_growth_year": 37.63,
            "eps_4q": 5.48,
            "eps_4q_growth_year": -8.56,
            "roe": 2.87,
            "roe_4q": 13.03,
            "gross_profit": 477933,
            "gross_margin": 60.87,
            "gross_margin_4q_avg": 60.12,
            "net_income": 75865,
            "net_income_4q": null,
            "revenue": 785139,
            "revenue_4q": null,
            "common_shares": 600599,
            "book_valuer_per_share": 44.45,
            "book_valuer_per_share_4q_avg": 41.91,
            "equity": 2674802,
            "current_ratio": 72.31,
            "debt_ratio": 53.44,
            "inventory_turnover_ratio": 0.5,
            "account_receivable_turnover_ratio": 45.84,
            "reinvestment_rate": 33.03,
            "research_to_sale_ratio": null,
            "price_fair": 177.54,
            "eps_avg_yearly": 5.07,
            "eps_latest_yearly": 5.12,
            "eps_growth_yearly": 53.87
        },
        "20212": {
            "year_quarter": 20212,
            "year": 2021,
            "quarter": 2,
            "eps": 0.33,
            "eps_growth_year": -47.62,
            "eps_4q": 5.19,
            "eps_4q_growth_year": -2.58,
            "roe": 0.7,
            "roe_4q": 12.219999999999999,
            "gross_profit": 347097,
            "gross_margin": 58.5,
            "gross_margin_4q_avg": 59.37,
            "net_income": 18786,
            "net_income_4q": null,
            "revenue": 593298,
            "revenue_4q": null,
            "common_shares": 600599,
            "book_valuer_per_share": 44.54,
            "book_valuer_per_share_4q_avg": 43.31,
            "equity": 2679111,
            "current_ratio": 78.59,
            "debt_ratio": 52.64,
            "inventory_turnover_ratio": 0.41,
            "account_receivable_turnover_ratio": 46.81,
            "reinvestment_rate": 33.03,
            "research_to_sale_ratio": null,
            "price_fair": 173.6,
            "eps_avg_yearly": 4.96,
            "eps_latest_yearly": 1.32,
            "eps_growth_yearly": 48.98
        },
        "20213": {
            "year_quarter": 20213,
            "year": 2021,
            "quarter": 3,
            "eps": 1.23,
            "eps_growth_year": -30.11,
            "eps_4q": 4.66,
            "eps_4q_growth_year": -15.07,
            "roe": 2.81,
            "roe_4q": 10.649999999999999,
            "gross_profit": 389608,
            "gross_margin": 59.07,
            "gross_margin_4q_avg": 59.27,
            "net_income": 72599,
            "net_income_4q": null,
            "revenue": 659614,
            "revenue_4q": null,
            "common_shares": 600599,
            "book_valuer_per_share": 41.42,
            "book_valuer_per_share_4q_avg": 43.43,
            "equity": 2490357,
            "current_ratio": 69.71,
            "debt_ratio": 55.53,
            "inventory_turnover_ratio": 0.46,
            "account_receivable_turnover_ratio": 60.04,
            "reinvestment_rate": 25.66,
            "research_to_sale_ratio": null,
            "price_fair": 170.19,
            "eps_avg_yearly": 4.86,
            "eps_latest_yearly": 4.92,
            "eps_growth_yearly": 90.24
        },
        "20214": {
            "year_quarter": 20214,
            "year": 2021,
            "quarter": 4,
            "eps": 1.99,
            "eps_growth_year": 8.92,
            "eps_4q": 4.83,
            "eps_4q_growth_year": -5.98,
            "roe": 4.61,
            "roe_4q": 10.989999999999998,
            "gross_profit": 533038,
            "gross_margin": 60.9,
            "gross_margin_4q_avg": 59.84,
            "net_income": 118402,
            "net_income_4q": null,
            "revenue": 875271,
            "revenue_4q": null,
            "common_shares": 600599,
            "book_valuer_per_share": 44.08,
            "book_valuer_per_share_4q_avg": 43.62,
            "equity": 2648937,
            "current_ratio": 74.21,
            "debt_ratio": 53.76,
            "inventory_turnover_ratio": 0.59,
            "account_receivable_turnover_ratio": 43.58,
            "reinvestment_rate": 28.97,
            "research_to_sale_ratio": null,
            "price_fair": 179.38,
            "eps_avg_yearly": 5.13,
            "eps_latest_yearly": 7.96,
            "eps_growth_yearly": 116.18
        },
        "20221": {
            "year_quarter": 20221,
            "year": 2022,
            "quarter": 1,
            "eps": 1.06,
            "eps_growth_year": -17.19,
            "eps_4q": 4.61,
            "eps_4q_growth_year": -15.96,
            "roe": 2.32,
            "roe_4q": 10.44,
            "gross_profit": 499706,
            "gross_margin": 60.93,
            "gross_margin_4q_avg": 59.85,
            "net_income": 63647,
            "net_income_4q": null,
            "revenue": 820097,
            "revenue_4q": null,
            "common_shares": 600599,
            "book_valuer_per_share": 47.14,
            "book_valuer_per_share_4q_avg": 44.3,
            "equity": 2831360,
            "current_ratio": 74.65,
            "debt_ratio": 52.75,
            "inventory_turnover_ratio": 0.55,
            "account_receivable_turnover_ratio": 38.2,
            "reinvestment_rate": 35.39,
            "research_to_sale_ratio": null,
            "price_fair": 183.84,
            "eps_avg_yearly": 5.25,
            "eps_latest_yearly": 4.24,
            "eps_growth_yearly": 114.87
        },
        "20222": {
            "year_quarter": 20222,
            "year": 2022,
            "quarter": 2,
            "eps": -0.11,
            "eps_growth_year": -133.33,
            "eps_4q": 4.17,
            "eps_4q_growth_year": -19.75,
            "roe": -0.25,
            "roe_4q": 9.49,
            "gross_profit": 437396,
            "gross_margin": 61.14,
            "gross_margin_4q_avg": 60.51,
            "net_income": -6785,
            "net_income_4q": null,
            "revenue": 715436,
            "revenue_4q": null,
            "common_shares": 600599,
            "book_valuer_per_share": 43.23,
            "book_valuer_per_share_4q_avg": 43.97,
            "equity": 2596198,
            "current_ratio": 157.18,
            "debt_ratio": 55.8,
            "inventory_turnover_ratio": 0.5,
            "account_receivable_turnover_ratio": 41.68,
            "reinvestment_rate": -96.06,
            "research_to_sale_ratio": null,
            "price_fair": 185.27,
            "eps_avg_yearly": 5.29,
            "eps_latest_yearly": 4.24,
            "eps_growth_yearly": 92.95
        },
        "20223": {
            "year_quarter": 20223,
            "year": 2022,
            "quarter": 3,
            "eps": 1.56,
            "eps_growth_year": 26.83,
            "eps_4q": 4.5,
            "eps_4q_growth_year": -3.6,
            "roe": 3.65,
            "roe_4q": 10.33,
            "gross_profit": 549342,
            "gross_margin": 61.34,
            "gross_margin_4q_avg": 61.08,
            "net_income": 93682,
            "net_income_4q": null,
            "revenue": 895576,
            "revenue_4q": null,
            "common_shares": 600599,
            "book_valuer_per_share": 42.29,
            "book_valuer_per_share_4q_avg": 44.19,
            "equity": 2540212,
            "current_ratio": 153.97,
            "debt_ratio": 59.32,
            "inventory_turnover_ratio": 0.62,
            "account_receivable_turnover_ratio": 44.98,
            "reinvestment_rate": -113.18,
            "research_to_sale_ratio": null,
            "price_fair": 186.4,
            "eps_avg_yearly": 5.33,
            "eps_latest_yearly": 4.24,
            "eps_growth_yearly": 98.36
        },
        "20224": {
            "year_quarter": 20224,
            "year": 2022,
            "quarter": 4,
            "eps": 0.53,
            "eps_growth_year": -73.45,
            "eps_4q": 3.03,
            "eps_4q_growth_year": -37.13,
            "roe": 1.23,
            "roe_4q": 6.949999999999999,
            "gross_profit": 524509,
            "gross_margin": 60.51,
            "gross_margin_4q_avg": 60.98,
            "net_income": 31716,
            "net_income_4q": null,
            "revenue": 866767,
            "revenue_4q": null,
            "common_shares": 600599,
            "book_valuer_per_share": 43.17,
            "book_valuer_per_share_4q_avg": 43.96,
            "equity": 2598905,
            "current_ratio": 156.62,
            "debt_ratio": 59.06,
            "inventory_turnover_ratio": 0.6,
            "account_receivable_turnover_ratio": 32.68,
            "reinvestment_rate": -126.62,
            "research_to_sale_ratio": null,
            "price_fair": 178.8,
            "eps_avg_yearly": 5.11,
            "eps_latest_yearly": 2.12,
            "eps_growth_yearly": 77.6
        },
        "20231": {
            "year_quarter": 20231,
            "year": 2023,
            "quarter": 1,
            "eps": 1.96,
            "eps_growth_year": 84.91,
            "eps_4q": 3.94,
            "eps_4q_growth_year": -14.55,
            "roe": 4.35,
            "roe_4q": 8.98,
            "gross_profit": 604684,
            "gross_margin": 62.19,
            "gross_margin_4q_avg": 61.3,
            "net_income": 117903,
            "net_income_4q": null,
            "revenue": 972297,
            "revenue_4q": null,
            "common_shares": 600599,
            "book_valuer_per_share": 46.87,
            "book_valuer_per_share_4q_avg": 43.89,
            "equity": 2820789,
            "current_ratio": 166.54,
            "debt_ratio": 56.61,
            "inventory_turnover_ratio": 0.62,
            "account_receivable_turnover_ratio": 37.25,
            "reinvestment_rate": -128.68,
            "research_to_sale_ratio": null,
            "price_fair": 186,
            "eps_avg_yearly": 5.31,
            "eps_latest_yearly": 7.84,
            "eps_growth_yearly": 155.8
        },
        "20232": {
            "year_quarter": 20232,
            "year": 2023,
            "quarter": 2,
            "eps": 1.37,
            "eps_growth_year": null,
            "eps_4q": 5.43,
            "eps_4q_growth_year": 30.26,
            "roe": 3,
            "roe_4q": 12.23,
            "gross_profit": 563966,
            "gross_margin": 60.97,
            "gross_margin_4q_avg": 61.25,
            "net_income": 82525,
            "net_income_4q": null,
            "revenue": 924982,
            "revenue_4q": null,
            "common_shares": 600599,
            "book_valuer_per_share": 44.49,
            "book_valuer_per_share_4q_avg": 44.21,
            "equity": 2678084,
            "current_ratio": 159.31,
            "debt_ratio": 58.97,
            "inventory_turnover_ratio": 0.6,
            "account_receivable_turnover_ratio": 34.99,
            "reinvestment_rate": -131.41,
            "research_to_sale_ratio": null,
            "price_fair": 186.7,
            "eps_avg_yearly": 5.33,
            "eps_latest_yearly": 5.48,
            "eps_growth_yearly": 145.81
        },
        "20233": {
            "year_quarter": 20233,
            "year": 2023,
            "quarter": 3,
            "eps": 1.97,
            "eps_growth_year": 26.28,
            "eps_4q": 5.84,
            "eps_4q_growth_year": 29.89,
            "roe": 4.32,
            "roe_4q": 12.9,
            "gross_profit": 602833,
            "gross_margin": 61.05,
            "gross_margin_4q_avg": 61.18,
            "net_income": 118542,
            "net_income_4q": null,
            "revenue": 987453,
            "revenue_4q": null,
            "common_shares": 600599,
            "book_valuer_per_share": 46.66,
            "book_valuer_per_share_4q_avg": 45.3,
            "equity": 2808345,
            "current_ratio": 164.95,
            "debt_ratio": 58.45,
            "inventory_turnover_ratio": 0.64,
            "account_receivable_turnover_ratio": 27.25,
            "reinvestment_rate": -128.81,
            "research_to_sale_ratio": null,
            "price_fair": 190.5,
            "eps_avg_yearly": 5.44,
            "eps_latest_yearly": 7.88,
            "eps_growth_yearly": 151.95
        }
    },
    "months": {
        "2001-06": {
            "month": "2001-06",
            "price": "12.20",
            "revenue": 87787
        },
        "2001-07": {
            "month": "2001-07",
            "price": "10.22",
            "revenue": 91052
        },
        "2001-08": {
            "month": "2001-08",
            "price": "10.33",
            "revenue": 97359
        },
        "2001-09": {
            "month": "2001-09",
            "price": "9.18",
            "revenue": 74567
        },
        "2001-10": {
            "month": "2001-10",
            "price": "6.36",
            "revenue": 80774
        },
        "2001-11": {
            "month": "2001-11",
            "price": "5.44",
            "revenue": 72103
        },
        "2001-12": {
            "month": "2001-12",
            "price": "6.70",
            "revenue": 76020
        },
        "2002-01": {
            "month": "2002-01",
            "price": "7.70",
            "revenue": 80664
        },
        "2002-02": {
            "month": "2002-02",
            "price": "7.00",
            "revenue": 99330
        },
        "2002-03": {
            "month": "2002-03",
            "price": "7.49",
            "revenue": 95312
        },
        "2002-04": {
            "month": "2002-04",
            "price": "9.92",
            "revenue": 83973
        },
        "2002-05": {
            "month": "2002-05",
            "price": "7.99",
            "revenue": 81547
        },
        "2002-06": {
            "month": "2002-06",
            "price": "7.52",
            "revenue": 77052
        },
        "2002-07": {
            "month": "2002-07",
            "price": "6.92",
            "revenue": 89963
        },
        "2002-08": {
            "month": "2002-08",
            "price": "6.56",
            "revenue": 101720
        },
        "2002-09": {
            "month": "2002-09",
            "price": "6.46",
            "revenue": 89844
        },
        "2002-10": {
            "month": "2002-10",
            "price": "6.67",
            "revenue": 83414
        },
        "2002-11": {
            "month": "2002-11",
            "price": "7.05",
            "revenue": 75829
        },
        "2002-12": {
            "month": "2002-12",
            "price": "10.60",
            "revenue": 75505
        },
        "2003-01": {
            "month": "2003-01",
            "price": "9.96",
            "revenue": 83432
        },
        "2003-02": {
            "month": "2003-02",
            "price": "10.54",
            "revenue": 97516
        },
        "2003-03": {
            "month": "2003-03",
            "price": "10.37",
            "revenue": 87653
        },
        "2003-04": {
            "month": "2003-04",
            "price": "10.22",
            "revenue": 76919
        },
        "2003-05": {
            "month": "2003-05",
            "price": "10.35",
            "revenue": 79011
        },
        "2003-06": {
            "month": "2003-06",
            "price": "11.78",
            "revenue": 85315
        },
        "2003-07": {
            "month": "2003-07",
            "price": "12.11",
            "revenue": 115716
        },
        "2003-08": {
            "month": "2003-08",
            "price": "11.62",
            "revenue": 120978
        },
        "2003-09": {
            "month": "2003-09",
            "price": "11.29",
            "revenue": 113679
        },
        "2003-10": {
            "month": "2003-10",
            "price": "11.68",
            "revenue": 107135
        },
        "2003-11": {
            "month": "2003-11",
            "price": "14.56",
            "revenue": 97264
        },
        "2003-12": {
            "month": "2003-12",
            "price": "15.96",
            "revenue": 100360
        },
        "2004-01": {
            "month": "2004-01",
            "price": "17.57",
            "revenue": 116025
        },
        "2004-02": {
            "month": "2004-02",
            "price": "17.51",
            "revenue": 121658
        },
        "2004-03": {
            "month": "2004-03",
            "price": "16.88",
            "revenue": 112641
        },
        "2004-04": {
            "month": "2004-04",
            "price": "17.08",
            "revenue": 107449
        },
        "2004-05": {
            "month": "2004-05",
            "price": "17.12",
            "revenue": 112608
        },
        "2004-06": {
            "month": "2004-06",
            "price": "16.92",
            "revenue": 108734
        },
        "2004-07": {
            "month": "2004-07",
            "price": "16.81",
            "revenue": 120632
        },
        "2004-08": {
            "month": "2004-08",
            "price": "16.07",
            "revenue": 128443
        },
        "2004-09": {
            "month": "2004-09",
            "price": "15.94",
            "revenue": 126162
        },
        "2004-10": {
            "month": "2004-10",
            "price": "16.28",
            "revenue": 119326
        },
        "2004-11": {
            "month": "2004-11",
            "price": "16.29",
            "revenue": 111521
        },
        "2004-12": {
            "month": "2004-12",
            "price": "16.22",
            "revenue": 107842
        },
        "2005-01": {
            "month": "2005-01",
            "price": "16.77",
            "revenue": 110768
        },
        "2005-02": {
            "month": "2005-02",
            "price": "17.45",
            "revenue": 130393
        },
        "2005-03": {
            "month": "2005-03",
            "price": "18.48",
            "revenue": 128739
        },
        "2005-04": {
            "month": "2005-04",
            "price": "17.64",
            "revenue": 120147
        },
        "2005-05": {
            "month": "2005-05",
            "price": "17.15",
            "revenue": 121876
        },
        "2005-06": {
            "month": "2005-06",
            "price": "17.75",
            "revenue": 116289
        },
        "2005-07": {
            "month": "2005-07",
            "price": "18.02",
            "revenue": 131548
        },
        "2005-08": {
            "month": "2005-08",
            "price": "17.91",
            "revenue": 134677
        },
        "2005-09": {
            "month": "2005-09",
            "price": "18.39",
            "revenue": 132730
        },
        "2005-10": {
            "month": "2005-10",
            "price": "17.99",
            "revenue": 127773
        },
        "2005-11": {
            "month": "2005-11",
            "price": "17.95",
            "revenue": 115239
        },
        "2005-12": {
            "month": "2005-12",
            "price": "19.42",
            "revenue": 112097
        },
        "2006-01": {
            "month": "2006-01",
            "price": "21.86",
            "revenue": 129585
        },
        "2006-02": {
            "month": "2006-02",
            "price": "23.84",
            "revenue": 148220
        },
        "2006-03": {
            "month": "2006-03",
            "price": "24.64",
            "revenue": 127844
        },
        "2006-04": {
            "month": "2006-04",
            "price": "25.51",
            "revenue": 118171
        },
        "2006-05": {
            "month": "2006-05",
            "price": "30.57",
            "revenue": 126736
        },
        "2006-06": {
            "month": "2006-06",
            "price": "31.59",
            "revenue": 122675
        },
        "2006-07": {
            "month": "2006-07",
            "price": "29.50",
            "revenue": 134699
        },
        "2006-08": {
            "month": "2006-08",
            "price": "27.47",
            "revenue": 145381
        },
        "2006-09": {
            "month": "2006-09",
            "price": "26.85",
            "revenue": 140090
        },
        "2006-10": {
            "month": "2006-10",
            "price": "28.55",
            "revenue": 141085
        },
        "2006-11": {
            "month": "2006-11",
            "price": "28.00",
            "revenue": 128109
        },
        "2006-12": {
            "month": "2006-12",
            "price": "29.52",
            "revenue": 128098
        },
        "2007-01": {
            "month": "2007-01",
            "price": "37.72",
            "revenue": 125640
        },
        "2007-02": {
            "month": "2007-02",
            "price": "45.05",
            "revenue": 143910
        },
        "2007-03": {
            "month": "2007-03",
            "price": "57.89",
            "revenue": 152277
        },
        "2007-04": {
            "month": "2007-04",
            "price": "52.94",
            "revenue": 133913
        },
        "2007-05": {
            "month": "2007-05",
            "price": "46.30",
            "revenue": 144025
        },
        "2007-06": {
            "month": "2007-06",
            "price": "45.67",
            "revenue": 137970
        },
        "2007-07": {
            "month": "2007-07",
            "price": "45.60",
            "revenue": 153682
        },
        "2007-08": {
            "month": "2007-08",
            "price": "53.69",
            "revenue": 151665
        },
        "2007-09": {
            "month": "2007-09",
            "price": "48.82",
            "revenue": 147967
        },
        "2007-10": {
            "month": "2007-10",
            "price": "45.55",
            "revenue": 145899
        },
        "2007-11": {
            "month": "2007-11",
            "price": "35.96",
            "revenue": 132882
        },
        "2007-12": {
            "month": "2007-12",
            "price": "32.36",
            "revenue": 133396
        },
        "2008-01": {
            "month": "2008-01",
            "price": "28.39",
            "revenue": 148875
        },
        "2008-02": {
            "month": "2008-02",
            "price": "27.27",
            "revenue": 165902
        },
        "2008-03": {
            "month": "2008-03",
            "price": "31.35",
            "revenue": 154425
        },
        "2008-04": {
            "month": "2008-04",
            "price": "35.33",
            "revenue": 139300
        },
        "2008-05": {
            "month": "2008-05",
            "price": "42.07",
            "revenue": 143114
        },
        "2008-06": {
            "month": "2008-06",
            "price": "38.85",
            "revenue": 136400
        },
        "2008-07": {
            "month": "2008-07",
            "price": "34.56",
            "revenue": 155621
        },
        "2008-08": {
            "month": "2008-08",
            "price": "33.75",
            "revenue": 165213
        },
        "2008-09": {
            "month": "2008-09",
            "price": "33.45",
            "revenue": 152090
        },
        "2008-10": {
            "month": "2008-10",
            "price": "27.18",
            "revenue": 152826
        },
        "2008-11": {
            "month": "2008-11",
            "price": "27.09",
            "revenue": 130887
        },
        "2008-12": {
            "month": "2008-12",
            "price": "27.39",
            "revenue": 124542
        },
        "2009-01": {
            "month": "2009-01",
            "price": "26.09",
            "revenue": 147362
        },
        "2009-02": {
            "month": "2009-02",
            "price": "25.93",
            "revenue": 164033
        },
        "2009-03": {
            "month": "2009-03",
            "price": "28.33",
            "revenue": 137610
        },
        "2009-04": {
            "month": "2009-04",
            "price": "31.40",
            "revenue": 129998
        },
        "2009-05": {
            "month": "2009-05",
            "price": "42.79",
            "revenue": 141992
        },
        "2009-06": {
            "month": "2009-06",
            "price": "48.08",
            "revenue": 137117
        },
        "2009-07": {
            "month": "2009-07",
            "price": "58.68",
            "revenue": 154934
        },
        "2009-08": {
            "month": "2009-08",
            "price": "55.38",
            "revenue": 152260
        },
        "2009-09": {
            "month": "2009-09",
            "price": "57.29",
            "revenue": 153076
        },
        "2009-10": {
            "month": "2009-10",
            "price": "63.26",
            "revenue": 146009
        },
        "2009-11": {
            "month": "2009-11",
            "price": "63.68",
            "revenue": 139574
        },
        "2009-12": {
            "month": "2009-12",
            "price": "59.33",
            "revenue": 137824
        },
        "2010-01": {
            "month": "2010-01",
            "price": "59.96",
            "revenue": 143800
        },
        "2010-02": {
            "month": "2010-02",
            "price": "58.25",
            "revenue": 158445
        },
        "2010-03": {
            "month": "2010-03",
            "price": "71.47",
            "revenue": 165247
        },
        "2010-04": {
            "month": "2010-04",
            "price": "72.81",
            "revenue": 146134
        },
        "2010-05": {
            "month": "2010-05",
            "price": "67.17",
            "revenue": 154353
        },
        "2010-06": {
            "month": "2010-06",
            "price": "72.67",
            "revenue": 145851
        },
        "2010-07": {
            "month": "2010-07",
            "price": "80.31",
            "revenue": 169543
        },
        "2010-08": {
            "month": "2010-08",
            "price": "76.00",
            "revenue": 178884
        },
        "2010-09": {
            "month": "2010-09",
            "price": "71.12",
            "revenue": 169950
        },
        "2010-10": {
            "month": "2010-10",
            "price": "69.75",
            "revenue": 166189
        },
        "2010-11": {
            "month": "2010-11",
            "price": "72.30",
            "revenue": 154358
        },
        "2010-12": {
            "month": "2010-12",
            "price": "88.33",
            "revenue": 156569
        },
        "2011-01": {
            "month": "2011-01",
            "price": "78.41",
            "revenue": 170219
        },
        "2011-02": {
            "month": "2011-02",
            "price": "78.28",
            "revenue": 174604
        },
        "2011-03": {
            "month": "2011-03",
            "price": "84.03",
            "revenue": 157739
        },
        "2011-04": {
            "month": "2011-04",
            "price": "87.72",
            "revenue": 154754
        },
        "2011-05": {
            "month": "2011-05",
            "price": "97.71",
            "revenue": 155853
        },
        "2011-06": {
            "month": "2011-06",
            "price": "99.34",
            "revenue": 166388
        },
        "2011-07": {
            "month": "2011-07",
            "price": "95.97",
            "revenue": 181102
        },
        "2011-08": {
            "month": "2011-08",
            "price": "82.91",
            "revenue": 189318
        },
        "2011-09": {
            "month": "2011-09",
            "price": "71.54",
            "revenue": 180020
        },
        "2011-10": {
            "month": "2011-10",
            "price": "67.20",
            "revenue": 173034
        },
        "2011-11": {
            "month": "2011-11",
            "price": "75.04",
            "revenue": 156627
        },
        "2011-12": {
            "month": "2011-12",
            "price": "68.90",
            "revenue": 161625
        },
        "2012-01": {
            "month": "2012-01",
            "price": "74.83",
            "revenue": 179993
        },
        "2012-02": {
            "month": "2012-02",
            "price": "85.00",
            "revenue": 188761
        },
        "2012-03": {
            "month": "2012-03",
            "price": "89.08",
            "revenue": 181507
        },
        "2012-04": {
            "month": "2012-04",
            "price": "86.28",
            "revenue": 167257
        },
        "2012-05": {
            "month": "2012-05",
            "price": "75.65",
            "revenue": 173205
        },
        "2012-06": {
            "month": "2012-06",
            "price": "70.44",
            "revenue": 172570
        },
        "2012-07": {
            "month": "2012-07",
            "price": "69.85",
            "revenue": 192589
        },
        "2012-08": {
            "month": "2012-08",
            "price": "78.54",
            "revenue": 194851
        },
        "2012-09": {
            "month": "2012-09",
            "price": "79.60",
            "revenue": 186450
        },
        "2012-10": {
            "month": "2012-10",
            "price": "78.85",
            "revenue": 189132
        },
        "2012-11": {
            "month": "2012-11",
            "price": "76.99",
            "revenue": 167100
        },
        "2012-12": {
            "month": "2012-12",
            "price": "77.24",
            "revenue": 167549
        },
        "2013-01": {
            "month": "2013-01",
            "price": "77.79",
            "revenue": 176174
        },
        "2013-02": {
            "month": "2013-02",
            "price": "83.82",
            "revenue": 197027
        },
        "2013-03": {
            "month": "2013-03",
            "price": "86.93",
            "revenue": 194204
        },
        "2013-04": {
            "month": "2013-04",
            "price": "86.34",
            "revenue": 168707
        },
        "2013-05": {
            "month": "2013-05",
            "price": "94.50",
            "revenue": 171798
        },
        "2013-06": {
            "month": "2013-06",
            "price": "93.75",
            "revenue": 177772
        },
        "2013-07": {
            "month": "2013-07",
            "price": "105.80",
            "revenue": 193557
        },
        "2013-08": {
            "month": "2013-08",
            "price": "107.04",
            "revenue": 199720
        },
        "2013-09": {
            "month": "2013-09",
            "price": "99.80",
            "revenue": 190609
        },
        "2013-10": {
            "month": "2013-10",
            "price": "99.27",
            "revenue": 192408
        },
        "2013-11": {
            "month": "2013-11",
            "price": "108.83",
            "revenue": 181204
        },
        "2013-12": {
            "month": "2013-12",
            "price": "109.09",
            "revenue": 178724
        },
        "2014-01": {
            "month": "2014-01",
            "price": "109.19",
            "revenue": 196808
        },
        "2014-02": {
            "month": "2014-02",
            "price": "106.03",
            "revenue": 196635
        },
        "2014-03": {
            "month": "2014-03",
            "price": "107.00",
            "revenue": 201883
        },
        "2014-04": {
            "month": "2014-04",
            "price": "105.81",
            "revenue": 191933
        },
        "2014-05": {
            "month": "2014-05",
            "price": "104.43",
            "revenue": 184853
        },
        "2014-06": {
            "month": "2014-06",
            "price": "109.42",
            "revenue": 192054
        },
        "2014-07": {
            "month": "2014-07",
            "price": "104.50",
            "revenue": 213965
        },
        "2014-08": {
            "month": "2014-08",
            "price": "93.70",
            "revenue": 216765
        },
        "2014-09": {
            "month": "2014-09",
            "price": "92.41",
            "revenue": 212514
        },
        "2014-10": {
            "month": "2014-10",
            "price": "86.73",
            "revenue": 211089
        },
        "2014-11": {
            "month": "2014-11",
            "price": "84.02",
            "revenue": 188014
        },
        "2014-12": {
            "month": "2014-12",
            "price": "84.06",
            "revenue": 193629
        },
        "2015-01": {
            "month": "2015-01",
            "price": "85.34",
            "revenue": 205604
        },
        "2015-02": {
            "month": "2015-02",
            "price": "84.75",
            "revenue": 206539
        },
        "2015-03": {
            "month": "2015-03",
            "price": "83.00",
            "revenue": 219331
        },
        "2015-04": {
            "month": "2015-04",
            "price": "83.54",
            "revenue": 204512
        },
        "2015-05": {
            "month": "2015-05",
            "price": "87.64",
            "revenue": 206683
        },
        "2015-06": {
            "month": "2015-06",
            "price": "82.71",
            "revenue": 210289
        },
        "2015-07": {
            "month": "2015-07",
            "price": "78.64",
            "revenue": 227684
        },
        "2015-08": {
            "month": "2015-08",
            "price": "71.50",
            "revenue": 221644
        },
        "2015-09": {
            "month": "2015-09",
            "price": "72.36",
            "revenue": 213729
        },
        "2015-10": {
            "month": "2015-10",
            "price": "75.33",
            "revenue": 223099
        },
        "2015-11": {
            "month": "2015-11",
            "price": "79.54",
            "revenue": 198628
        },
        "2015-12": {
            "month": "2015-12",
            "price": "80.98",
            "revenue": 203740
        },
        "2016-01": {
            "month": "2016-01",
            "price": "80.23",
            "revenue": 203098
        },
        "2016-02": {
            "month": "2016-02",
            "price": "79.48",
            "revenue": 228656
        },
        "2016-03": {
            "month": "2016-03",
            "price": "79.44",
            "revenue": 222305
        },
        "2016-04": {
            "month": "2016-04",
            "price": "77.72",
            "revenue": 211729
        },
        "2016-05": {
            "month": "2016-05",
            "price": "76.27",
            "revenue": 219837
        },
        "2016-06": {
            "month": "2016-06",
            "price": "75.83",
            "revenue": 227004
        },
        "2016-07": {
            "month": "2016-07",
            "price": "76.88",
            "revenue": 238030
        },
        "2016-08": {
            "month": "2016-08",
            "price": "74.77",
            "revenue": 248114
        },
        "2016-09": {
            "month": "2016-09",
            "price": "74.80",
            "revenue": 222953
        },
        "2016-10": {
            "month": "2016-10",
            "price": "73.33",
            "revenue": 234659
        },
        "2016-11": {
            "month": "2016-11",
            "price": "73.40",
            "revenue": 213254
        },
        "2016-12": {
            "month": "2016-12",
            "price": "75.25",
            "revenue": 227402
        },
        "2017-01": {
            "month": "2017-01",
            "price": "74.52",
            "revenue": 236484
        },
        "2017-02": {
            "month": "2017-02",
            "price": "76.24",
            "revenue": 247582
        },
        "2017-03": {
            "month": "2017-03",
            "price": "76.55",
            "revenue": 238078
        },
        "2017-04": {
            "month": "2017-04",
            "price": "74.11",
            "revenue": 220926
        },
        "2017-05": {
            "month": "2017-05",
            "price": "74.30",
            "revenue": 228653
        },
        "2017-06": {
            "month": "2017-06",
            "price": "74.06",
            "revenue": 225380
        },
        "2017-07": {
            "month": "2017-07",
            "price": "73.11",
            "revenue": 250070
        },
        "2017-08": {
            "month": "2017-08",
            "price": "69.21",
            "revenue": 261974
        },
        "2017-09": {
            "month": "2017-09",
            "price": "66.78",
            "revenue": 248753
        },
        "2017-10": {
            "month": "2017-10",
            "price": "64.46",
            "revenue": 238673
        },
        "2017-11": {
            "month": "2017-11",
            "price": "64.46",
            "revenue": 227105
        },
        "2017-12": {
            "month": "2017-12",
            "price": "65.55",
            "revenue": 228197
        },
        "2018-01": {
            "month": "2018-01",
            "price": "66.84",
            "revenue": 225864
        },
        "2018-02": {
            "month": "2018-02",
            "price": "62.73",
            "revenue": 235452
        },
        "2018-03": {
            "month": "2018-03",
            "price": "61.84",
            "revenue": 279229
        },
        "2018-04": {
            "month": "2018-04",
            "price": "64.40",
            "revenue": 250577
        },
        "2018-05": {
            "month": "2018-05",
            "price": "63.14",
            "revenue": 263349
        },
        "2018-06": {
            "month": "2018-06",
            "price": "62.53",
            "revenue": 243535
        },
        "2018-07": {
            "month": "2018-07",
            "price": "62.61",
            "revenue": 252743
        },
        "2018-08": {
            "month": "2018-08",
            "price": "59.33",
            "revenue": 264631
        },
        "2018-09": {
            "month": "2018-09",
            "price": "59.72",
            "revenue": 258852
        },
        "2018-10": {
            "month": "2018-10",
            "price": "58.07",
            "revenue": 271018
        },
        "2018-11": {
            "month": "2018-11",
            "price": "57.61",
            "revenue": 256935
        },
        "2018-12": {
            "month": "2018-12",
            "price": "58.46",
            "revenue": 256109
        },
        "2019-01": {
            "month": "2019-01",
            "price": "58.65",
            "revenue": 269101
        },
        "2019-02": {
            "month": "2019-02",
            "price": "59.38",
            "revenue": 262176
        },
        "2019-03": {
            "month": "2019-03",
            "price": "61.02",
            "revenue": 271172
        },
        "2019-04": {
            "month": "2019-04",
            "price": "63.26",
            "revenue": 253177
        },
        "2019-05": {
            "month": "2019-05",
            "price": "63.02",
            "revenue": 263895
        },
        "2019-06": {
            "month": "2019-06",
            "price": "63.42",
            "revenue": 258567
        },
        "2019-07": {
            "month": "2019-07",
            "price": "65.16",
            "revenue": 280748
        },
        "2019-08": {
            "month": "2019-08",
            "price": "61.83",
            "revenue": 282585
        },
        "2019-09": {
            "month": "2019-09",
            "price": "62.38",
            "revenue": 269083
        },
        "2019-10": {
            "month": "2019-10",
            "price": "63.52",
            "revenue": 282044
        },
        "2019-11": {
            "month": "2019-11",
            "price": "65.70",
            "revenue": 261570
        },
        "2019-12": {
            "month": "2019-12",
            "price": "67.70",
            "revenue": 262175
        },
        "2020-01": {
            "month": "2020-01",
            "price": "66.99",
            "revenue": 274770
        },
        "2020-02": {
            "month": "2020-02",
            "price": "64.87",
            "revenue": 272590
        },
        "2020-03": {
            "month": "2020-03",
            "price": "58.93",
            "revenue": 235158
        },
        "2020-04": {
            "month": "2020-04",
            "price": "61.08",
            "revenue": 205767
        },
        "2020-05": {
            "month": "2020-05",
            "price": "63.40",
            "revenue": 223975
        },
        "2020-06": {
            "month": "2020-06",
            "price": "65.28",
            "revenue": 233577
        },
        "2020-07": {
            "month": "2020-07",
            "price": "66.23",
            "revenue": 280403
        },
        "2020-08": {
            "month": "2020-08",
            "price": "61.23",
            "revenue": 289711
        },
        "2020-09": {
            "month": "2020-09",
            "price": "59.92",
            "revenue": 269056
        },
        "2020-10": {
            "month": "2020-10",
            "price": "59.62",
            "revenue": 267996
        },
        "2020-11": {
            "month": "2020-11",
            "price": "59.73",
            "revenue": 247902
        },
        "2020-12": {
            "month": "2020-12",
            "price": "59.69",
            "revenue": 260902
        },
        "2021-01": {
            "month": "2021-01",
            "price": "59.06",
            "revenue": 250250
        },
        "2021-02": {
            "month": "2021-02",
            "price": "58.84",
            "revenue": 261686
        },
        "2021-03": {
            "month": "2021-03",
            "price": "60.90",
            "revenue": 273202
        },
        "2021-04": {
            "month": "2021-04",
            "price": "63.66",
            "revenue": 254599
        },
        "2021-05": {
            "month": "2021-05",
            "price": "61.20",
            "revenue": 219204
        },
        "2021-06": {
            "month": "2021-06",
            "price": "62.97",
            "revenue": 119493
        },
        "2021-07": {
            "month": "2021-07",
            "price": "63.45",
            "revenue": 200530
        },
        "2021-08": {
            "month": "2021-08",
            "price": "61.96",
            "revenue": 224991
        },
        "2021-09": {
            "month": "2021-09",
            "price": "58.63",
            "revenue": 234088
        },
        "2021-10": {
            "month": "2021-10",
            "price": "57.94",
            "revenue": 290928
        },
        "2021-11": {
            "month": "2021-11",
            "price": "58.74",
            "revenue": 291900
        },
        "2021-12": {
            "month": "2021-12",
            "price": "60.19",
            "revenue": 292443
        },
        "2022-01": {
            "month": "2022-01",
            "price": "60.49",
            "revenue": 284095
        },
        "2022-02": {
            "month": "2022-02",
            "price": "60.90",
            "revenue": 247892
        },
        "2022-03": {
            "month": "2022-03",
            "price": "61.33",
            "revenue": 287703
        },
        "2022-04": {
            "month": "2022-04",
            "price": "63.35",
            "revenue": 265847
        },
        "2022-05": {
            "month": "2022-05",
            "price": "62.30",
            "revenue": 221752
        },
        "2022-06": {
            "month": "2022-06",
            "price": "62.97",
            "revenue": 227846
        },
        "2022-07": {
            "month": "2022-07",
            "price": "62.62",
            "revenue": 280745
        },
        "2022-08": {
            "month": "2022-08",
            "price": "59.31",
            "revenue": 318014
        },
        "2022-09": {
            "month": "2022-09",
            "price": "58.82",
            "revenue": 296817
        },
        "2022-10": {
            "month": "2022-10",
            "price": "57.75",
            "revenue": 296967
        },
        "2022-11": {
            "month": "2022-11",
            "price": "57.37",
            "revenue": 301775
        },
        "2022-12": {
            "month": "2022-12",
            "price": "57.76",
            "revenue": 304718
        },
        "2023-01": {
            "month": "2023-01",
            "price": "58.15",
            "revenue": 305063
        },
        "2023-02": {
            "month": "2023-02",
            "price": "61.10",
            "revenue": 342114
        },
        "2023-03": {
            "month": "2023-03",
            "price": "63.70",
            "revenue": 335486
        },
        "2023-04": {
            "month": "2023-04",
            "price": "65.44",
            "revenue": 298948
        },
        "2023-05": {
            "month": "2023-05",
            "price": "73.61",
            "revenue": 318489
        },
        "2023-06": {
            "month": "2023-06",
            "price": "88.01",
            "revenue": 316073
        },
        "2023-07": {
            "month": "2023-07",
            "price": "89.31",
            "revenue": 333324
        },
        "2023-08": {
            "month": "2023-08",
            "price": "80.96",
            "revenue": 344109
        },
        "2023-09": {
            "month": "2023-09",
            "price": "80.71",
            "revenue": 319235
        },
        "2023-10": {
            "month": "2023-10",
            "price": "79.78",
            "revenue": 340717
        },
        "2023-11": {
            "month": "2023-11",
            "price": "82.83",
            "revenue": 324977
        },
        "2023-12": {
            "month": "2023-12",
            "price": "83.68",
            "revenue": 322504
        }
    }
}
