{
    "summary": {
        "stock_name": "世紀",
        "stock_id": "5314",
        "category": "半導體",
        "main_business": "研發、產製、銷售混合式數位類比及純數位、類比積體電路產品。<br>研發、製造、銷售及測試混合訊號積體電路。<br>前項有關產品之進出口貿易業務。",
        "website_url": "http://www.myson.com.tw",
        "ceo": "張惠棻",
        "pe_ratio": -178,
        "report_year_from": 2001,
        "report_year_to": 2023,
        "age": 22,
        "eps_negative_percentage": 84,
        "eps_growth_avg": {
            "last_all": -48.35,
            "last_2y": null,
            "last_4y": -100,
            "last_8y": -100,
            "last_12y": -35.43,
            "last_16y": -48.35,
            "last_20y": -48.35,
            "at_2006_last_3y": -100,
            "at_2007_last_3y": -100,
            "at_2008_last_3y": -100,
            "at_2009_last_3y": -100,
            "at_2010_last_3y": 100,
            "at_2011_last_3y": 29.13,
            "at_2012_last_3y": -13.91,
            "at_2013_last_3y": -13.91,
            "at_2014_last_3y": -70.87,
            "at_2015_last_3y": -100,
            "at_2016_last_3y": null,
            "at_2017_last_3y": null,
            "at_2018_last_3y": null,
            "at_2019_last_3y": -100,
            "at_2020_last_3y": -100,
            "at_2021_last_3y": -100,
            "at_2022_last_3y": -100,
            "at_2023_last_3y": -100,
            "at_2006_last_all": -100,
            "at_2007_last_all": -100,
            "at_2008_last_all": -100,
            "at_2009_last_all": -100,
            "at_2010_last_all": 0,
            "at_2011_last_all": -13.91,
            "at_2012_last_all": -35.43,
            "at_2013_last_all": -35.43,
            "at_2014_last_all": -35.43,
            "at_2015_last_all": -35.43,
            "at_2016_last_all": -35.43,
            "at_2017_last_all": -35.43,
            "at_2018_last_all": -35.43,
            "at_2019_last_all": -48.35,
            "at_2020_last_all": -48.35,
            "at_2021_last_all": -48.35,
            "at_2022_last_all": -48.35,
            "at_2023_last_all": -48.35
        },
        "latest_eps": -0.13,
        "latest_price": 23.2,
        "latest_roe": -1.36,
        "latest_gross_margin": 0.33,
        "latest_equity": 126734,
        "latest_revenue": 4217,
        "latest_gross_profit": 14,
        "latest_net_income": -4853,
        "latest_debt_ratio": 32.31,
        "latest_current_ratio": 354.19,
        "latest_account_receivable_turnover_ratio": 0.74,
        "latest_inventory_turnover_ratio": null,
        "latest_reinvestment_rate": null,
        "latest_research_to_sale_ratio": null
    },
    "eps_dividends": {
        "1999": {
            "cash": 0,
            "stock": 4,
            "eps": 0
        },
        "2000": {
            "cash": 0,
            "stock": 3,
            "eps": 0
        },
        "2001": {
            "cash": 0,
            "stock": 0,
            "eps": -1.2
        },
        "2002": {
            "cash": 0,
            "stock": 0,
            "eps": -0.68
        },
        "2003": {
            "cash": 0,
            "stock": 0,
            "eps": -0.14
        },
        "2004": {
            "cash": 0,
            "stock": 0,
            "eps": -5.82
        },
        "2005": {
            "cash": 0,
            "stock": 0,
            "eps": 0.36
        },
        "2006": {
            "cash": 0,
            "stock": 0,
            "eps": -0.7
        },
        "2007": {
            "cash": 0,
            "stock": 0,
            "eps": -0.07
        },
        "2008": {
            "cash": 0,
            "stock": 0,
            "eps": -1.16
        },
        "2009": {
            "cash": 0,
            "stock": 0,
            "eps": 0.15
        },
        "2010": {
            "cash": 0,
            "stock": 0,
            "eps": 1.15
        },
        "2011": {
            "cash": 0,
            "stock": 0,
            "eps": 0.67
        },
        "2012": {
            "cash": 0,
            "stock": 0,
            "eps": -0.56
        },
        "2013": {
            "cash": 0,
            "stock": 0,
            "eps": -1.33
        },
        "2014": {
            "cash": 0,
            "stock": 0,
            "eps": -0.99
        },
        "2015": {
            "cash": 0,
            "stock": 0,
            "eps": -1.07
        },
        "2016": {
            "cash": 0,
            "stock": 0,
            "eps": -1.66
        },
        "2017": {
            "cash": 0,
            "stock": 0,
            "eps": -0.13
        },
        "2018": {
            "cash": 0,
            "stock": 0,
            "eps": 0.21
        },
        "2019": {
            "cash": 0,
            "stock": 0,
            "eps": -0.41
        },
        "2020": {
            "cash": 0,
            "stock": 0,
            "eps": -0.5
        },
        "2021": {
            "cash": 0,
            "stock": 0,
            "eps": -0.51
        },
        "2022": {
            "cash": 0,
            "stock": 0,
            "eps": 0.4
        },
        "2023": {
            "cash": 0,
            "stock": 0,
            "eps": -0.33
        }
    },
    "dividends": {
        "1999-05-14": {
            "cash": 0,
            "stock": 4.1
        },
        "2000-06-28": {
            "cash": 0,
            "stock": 2.5
        },
        "2006-04-18": {
            "cash": 0.14,
            "stock": 0
        }
    },
    "prices": {
        "200101": "16.82",
        "200102": "20.05",
        "200103": "20.69",
        "200104": "22.10",
        "200105": "17.77",
        "200106": "14.88",
        "200107": "10.19",
        "200108": "9.83",
        "200109": "8.52",
        "200110": "9.25",
        "200111": "13.49",
        "200112": "24.30",
        "200201": "28.85",
        "200202": "33.39",
        "200203": "34.10",
        "200204": "39.99",
        "200205": "28.94",
        "200206": "26.26",
        "200207": "23.13",
        "200208": "21.60",
        "200209": "16.49",
        "200210": "15.14",
        "200211": "14.65",
        "200212": "12.79",
        "200301": "12.70",
        "200302": "12.58",
        "200303": "13.74",
        "200304": "13.76",
        "200305": "11.77",
        "200306": "13.66",
        "200307": "13.87",
        "200308": "11.73",
        "200309": "9.85",
        "200310": "10.03",
        "200311": "9.87",
        "200312": "9.92",
        "200401": "10.51",
        "200402": "11.08",
        "200403": "11.76",
        "200404": "12.00",
        "200405": "8.54",
        "200406": "7.27",
        "200407": "5.85",
        "200408": "5.25",
        "200409": "3.98",
        "200410": "4.04",
        "200411": "3.74",
        "200412": "3.40",
        "200501": "3.41",
        "200502": "3.85",
        "200503": "4.21",
        "200504": "3.66",
        "200505": "3.98",
        "200506": "5.10",
        "200507": "5.26",
        "200508": "4.58",
        "200509": "4.02",
        "200510": "4.31",
        "200511": "4.70",
        "200512": "12.06",
        "200601": "14.49",
        "200602": "13.06",
        "200603": "11.60",
        "200604": "12.60",
        "200605": "11.28",
        "200606": "9.75",
        "200607": "8.74",
        "200608": "8.91",
        "200609": "8.36",
        "200610": "8.35",
        "200611": "8.53",
        "200612": "9.77",
        "200701": "11.24",
        "200702": "10.95",
        "200703": "10.09",
        "200704": "11.09",
        "200705": "10.55",
        "200706": "15.74",
        "200707": "18.11",
        "200708": "16.86",
        "200709": "14.61",
        "200710": "13.08",
        "200711": "11.29",
        "200712": "10.12",
        "200801": "8.78",
        "200802": "8.36",
        "200803": "8.83",
        "200804": "9.69",
        "200805": "9.56",
        "200806": "8.31",
        "200807": "7.09",
        "200808": "6.61",
        "200809": "4.42",
        "200810": "3.75",
        "200811": "2.89",
        "200812": "2.98",
        "200901": "3.32",
        "200902": "3.35",
        "200903": "4.00",
        "200904": "4.74",
        "200905": "5.25",
        "200906": "5.09",
        "200907": "5.21",
        "200908": "6.05",
        "200909": "9.55",
        "200910": "13.16",
        "200911": "12.77",
        "200912": "13.43",
        "201001": "11.99",
        "201002": "9.73",
        "201003": "10.70",
        "201004": "13.07",
        "201005": "11.35",
        "201006": "10.47",
        "201007": "10.62",
        "201008": "12.80",
        "201009": "12.90",
        "201010": "12.30",
        "201011": "10.72",
        "201012": "11.10",
        "201101": "10.93",
        "201102": "10.36",
        "201103": "9.84",
        "201104": "9.34",
        "201105": "13.67",
        "201106": "15.09",
        "201107": "14.09",
        "201108": "10.98",
        "201109": "10.40",
        "201110": "11.61",
        "201111": "14.53",
        "201112": "12.64",
        "201201": "11.89",
        "201202": "14.31",
        "201203": "16.86",
        "201204": "16.03",
        "201205": "13.40",
        "201206": "12.68",
        "201207": "12.50",
        "201208": "12.87",
        "201209": "13.40",
        "201210": "12.70",
        "201211": "10.48",
        "201212": "11.02",
        "201301": "10.86",
        "201302": "10.56",
        "201303": "10.48",
        "201304": "10.28",
        "201305": "10.11",
        "201306": "9.24",
        "201307": "8.70",
        "201308": "8.52",
        "201309": "8.07",
        "201310": "7.44",
        "201311": "6.76",
        "201312": "7.41",
        "201401": "8.16",
        "201402": "7.92",
        "201403": "9.21",
        "201404": "9.10",
        "201405": "9.51",
        "201406": "12.14",
        "201407": "12.71",
        "201408": "10.77",
        "201409": "10.31",
        "201410": "9.19",
        "201411": "8.92",
        "201412": "9.18",
        "201501": "9.61",
        "201502": "10.52",
        "201503": "10.02",
        "201504": "9.20",
        "201505": "8.62",
        "201506": "7.46",
        "201507": "7.07",
        "201508": "6.77",
        "201509": "6.81",
        "201510": "7.05",
        "201511": "6.86",
        "201512": "6.16",
        "201601": "5.99",
        "201602": "6.17",
        "201603": "6.80",
        "201604": "6.95",
        "201605": "6.30",
        "201606": "5.99",
        "201607": "5.95",
        "201608": "5.45",
        "201609": "5.20",
        "201610": "5.15",
        "201611": "4.76",
        "201612": "4.77",
        "201701": "4.96",
        "201702": "5.16",
        "201703": "5.11",
        "201704": "4.91",
        "201705": "4.41",
        "201706": "4.36",
        "201707": "4.24",
        "201708": "4.15",
        "201709": "5.13",
        "201710": "5.29",
        "201711": "4.96",
        "201712": "4.59",
        "201801": "4.63",
        "201802": "4.58",
        "201803": "4.72",
        "201804": "5.44",
        "201805": "5.01",
        "201806": "5.02",
        "201807": "5.12",
        "201808": "5.17",
        "201809": "5.26",
        "201810": "4.79",
        "201811": "4.39",
        "201812": "3.85",
        "201901": "4.27",
        "201902": "5.35",
        "201903": "5.06",
        "201904": "4.90",
        "201905": "4.77",
        "201906": "4.75",
        "201907": "4.98",
        "201908": "4.89",
        "201909": "5.36",
        "201910": "5.31",
        "201911": "5.57",
        "201912": "5.89",
        "202001": "5.90",
        "202002": "5.88",
        "202003": "5.36",
        "202004": "3.67",
        "202005": "4.21",
        "202006": "4.85",
        "202007": "5.84",
        "202008": "6.00",
        "202009": "5.76",
        "202010": "6.21",
        "202011": "6.10",
        "202012": "6.27",
        "202101": "6.27",
        "202102": "6.11",
        "202103": "6.65",
        "202104": "7.13",
        "202105": "5.65",
        "202106": "6.03",
        "202107": "6.18",
        "202108": "6.09",
        "202109": "5.68",
        "202110": "5.11",
        "202111": "5.19",
        "202112": "5.88",
        "202201": "5.69",
        "202202": "5.50",
        "202203": "5.27",
        "202204": "4.97",
        "202205": "4.55",
        "202206": "4.43",
        "202207": "4.18",
        "202208": "4.16",
        "202209": "4.28",
        "202210": "4.02",
        "202211": "4.21",
        "202212": "17.20",
        "202301": "16.30",
        "202302": "17.52",
        "202303": "18.96",
        "202304": "24.96",
        "202305": "23.35"
    },
    "quarters": {
        "20011": {
            "year_quarter": 20011,
            "year": 2001,
            "quarter": 1,
            "eps": -0.18,
            "eps_growth_year": -132.14,
            "eps_4q": -3.59,
            "eps_4q_growth_year": -240.09,
            "roe": -1.47,
            "gross_profit": 70498,
            "gross_margin": 23.44,
            "net_income": -27267,
            "revenue": 300760,
            "common_shares": 1528330,
            "equity": 1981282,
            "current_ratio": 71.96,
            "debt_ratio": 43.99,
            "inventory_turnover_ratio": 0.63,
            "account_receivable_turnover_ratio": null,
            "reinvestment_rate": null,
            "research_to_sale_ratio": null,
            "price_fair": 0,
            "eps_avg_yearly": 0,
            "eps_latest_yearly": 0,
            "eps_growth_yearly": 0
        },
        "20012": {
            "year_quarter": 20012,
            "year": 2001,
            "quarter": 2,
            "eps": -0.02,
            "eps_growth_year": -102.5,
            "eps_4q": -4.1,
            "eps_4q_growth_year": -270.88,
            "roe": -0.13,
            "gross_profit": 81158,
            "gross_margin": 24.21,
            "net_income": -2405,
            "revenue": 335236,
            "common_shares": 1528330,
            "equity": 1724503,
            "current_ratio": 69.82,
            "debt_ratio": 43.38,
            "inventory_turnover_ratio": 0.73,
            "account_receivable_turnover_ratio": null,
            "reinvestment_rate": null,
            "research_to_sale_ratio": null,
            "price_fair": 0,
            "eps_avg_yearly": 0,
            "eps_latest_yearly": 0,
            "eps_growth_yearly": 0
        },
        "20013": {
            "year_quarter": 20013,
            "year": 2001,
            "quarter": 3,
            "eps": 0.12,
            "eps_growth_year": null,
            "eps_4q": -4.03,
            "eps_4q_growth_year": -422.54,
            "roe": 1.14,
            "gross_profit": 98484,
            "gross_margin": 25.23,
            "net_income": 18128,
            "revenue": 390281,
            "common_shares": 1528330,
            "equity": 1467308,
            "current_ratio": 74.17,
            "debt_ratio": 48.14,
            "inventory_turnover_ratio": 0.94,
            "account_receivable_turnover_ratio": null,
            "reinvestment_rate": null,
            "research_to_sale_ratio": null,
            "price_fair": 0,
            "eps_avg_yearly": 0,
            "eps_latest_yearly": 0,
            "eps_growth_yearly": 0
        },
        "20014": {
            "year_quarter": 20014,
            "year": 2001,
            "quarter": 4,
            "eps": -1.12,
            "eps_growth_year": null,
            "eps_4q": -1.16,
            "eps_4q_growth_year": null,
            "roe": -10.41,
            "gross_profit": 114908,
            "gross_margin": 23.13,
            "net_income": -190040,
            "revenue": 496724,
            "common_shares": 2242616,
            "equity": 2185009,
            "current_ratio": 89.62,
            "debt_ratio": 40.07,
            "inventory_turnover_ratio": 1.31,
            "account_receivable_turnover_ratio": null,
            "reinvestment_rate": null,
            "research_to_sale_ratio": null,
            "price_fair": 0,
            "eps_avg_yearly": 0,
            "eps_latest_yearly": 0,
            "eps_growth_yearly": 0
        },
        "20021": {
            "year_quarter": 20021,
            "year": 2002,
            "quarter": 1,
            "eps": 0.32,
            "eps_growth_year": null,
            "eps_4q": -0.47,
            "eps_4q_growth_year": null,
            "roe": 3.15,
            "gross_profit": 173052,
            "gross_margin": 29.61,
            "net_income": 70780,
            "revenue": 584513,
            "common_shares": 2242616,
            "equity": 2304911,
            "current_ratio": 98.72,
            "debt_ratio": 38.56,
            "inventory_turnover_ratio": 1.27,
            "account_receivable_turnover_ratio": null,
            "reinvestment_rate": null,
            "research_to_sale_ratio": null,
            "price_fair": 0,
            "eps_avg_yearly": 0,
            "eps_latest_yearly": 0,
            "eps_growth_yearly": 0
        },
        "20022": {
            "year_quarter": 20022,
            "year": 2002,
            "quarter": 2,
            "eps": 0.22,
            "eps_growth_year": null,
            "eps_4q": -0.23,
            "eps_4q_growth_year": null,
            "roe": 2.12,
            "gross_profit": 209159,
            "gross_margin": 28.45,
            "net_income": 49620,
            "revenue": 735300,
            "common_shares": 2242616,
            "equity": 2375848,
            "current_ratio": 111.33,
            "debt_ratio": 39.22,
            "inventory_turnover_ratio": 1.19,
            "account_receivable_turnover_ratio": null,
            "reinvestment_rate": null,
            "research_to_sale_ratio": null,
            "price_fair": 2.64,
            "eps_avg_yearly": 0.88,
            "eps_latest_yearly": 0.88,
            "eps_growth_yearly": -125
        },
        "20023": {
            "year_quarter": 20023,
            "year": 2002,
            "quarter": 3,
            "eps": -0.94,
            "eps_growth_year": -883.33,
            "eps_4q": -1.23,
            "eps_4q_growth_year": null,
            "roe": -9.59,
            "gross_profit": 153614,
            "gross_margin": 27.43,
            "net_income": -207263,
            "revenue": 560014,
            "common_shares": 2242616,
            "equity": 1946956,
            "current_ratio": 246.99,
            "debt_ratio": 41.4,
            "inventory_turnover_ratio": 0.75,
            "account_receivable_turnover_ratio": null,
            "reinvestment_rate": null,
            "research_to_sale_ratio": null,
            "price_fair": 2.64,
            "eps_avg_yearly": 0.88,
            "eps_latest_yearly": 0.88,
            "eps_growth_yearly": -125
        },
        "20024": {
            "year_quarter": 20024,
            "year": 2002,
            "quarter": 4,
            "eps": -0.28,
            "eps_growth_year": null,
            "eps_4q": -0.67,
            "eps_4q_growth_year": null,
            "roe": -3.36,
            "gross_profit": 170359,
            "gross_margin": 29.7,
            "net_income": -62077,
            "revenue": 573588,
            "common_shares": 2242616,
            "equity": 1753559,
            "current_ratio": 252.9,
            "debt_ratio": 41.3,
            "inventory_turnover_ratio": 0.76,
            "account_receivable_turnover_ratio": null,
            "reinvestment_rate": null,
            "research_to_sale_ratio": null,
            "price_fair": 2.64,
            "eps_avg_yearly": 0.88,
            "eps_latest_yearly": 0.88,
            "eps_growth_yearly": -125
        },
        "20031": {
            "year_quarter": 20031,
            "year": 2003,
            "quarter": 1,
            "eps": 0.06,
            "eps_growth_year": -81.25,
            "eps_4q": -1.01,
            "eps_4q_growth_year": null,
            "roe": 0.7,
            "gross_profit": 150909,
            "gross_margin": 25.73,
            "net_income": 12280,
            "revenue": 586451,
            "common_shares": 2242616,
            "equity": 1747163,
            "current_ratio": 318.17,
            "debt_ratio": 39.01,
            "inventory_turnover_ratio": 0.99,
            "account_receivable_turnover_ratio": null,
            "reinvestment_rate": null,
            "research_to_sale_ratio": null,
            "price_fair": 2.64,
            "eps_avg_yearly": 0.88,
            "eps_latest_yearly": 0.88,
            "eps_growth_yearly": -125
        },
        "20032": {
            "year_quarter": 20032,
            "year": 2003,
            "quarter": 2,
            "eps": -0.07,
            "eps_growth_year": -131.82,
            "eps_4q": -1.22,
            "eps_4q_growth_year": null,
            "roe": -0.92,
            "gross_profit": 105732,
            "gross_margin": 23.04,
            "net_income": -16120,
            "revenue": 458964,
            "common_shares": 2242616,
            "equity": 1751216,
            "current_ratio": 336.67,
            "debt_ratio": 38.32,
            "inventory_turnover_ratio": 1.02,
            "account_receivable_turnover_ratio": null,
            "reinvestment_rate": null,
            "research_to_sale_ratio": null,
            "price_fair": 2.64,
            "eps_avg_yearly": 0.88,
            "eps_latest_yearly": 0.88,
            "eps_growth_yearly": -125
        },
        "20033": {
            "year_quarter": 20033,
            "year": 2003,
            "quarter": 3,
            "eps": -0.02,
            "eps_growth_year": null,
            "eps_4q": -0.32,
            "eps_4q_growth_year": null,
            "roe": -0.31,
            "gross_profit": 116430,
            "gross_margin": 21,
            "net_income": -5391,
            "revenue": 554354,
            "common_shares": 2246486,
            "equity": 1692414,
            "current_ratio": 196.86,
            "debt_ratio": 37.02,
            "inventory_turnover_ratio": 1.39,
            "account_receivable_turnover_ratio": null,
            "reinvestment_rate": null,
            "research_to_sale_ratio": null,
            "price_fair": 2.64,
            "eps_avg_yearly": 0.88,
            "eps_latest_yearly": 0.88,
            "eps_growth_yearly": -125
        },
        "20034": {
            "year_quarter": 20034,
            "year": 2003,
            "quarter": 4,
            "eps": -0.11,
            "eps_growth_year": null,
            "eps_4q": -0.15,
            "eps_4q_growth_year": null,
            "roe": -1.38,
            "gross_profit": 99919,
            "gross_margin": 20.91,
            "net_income": -23279,
            "revenue": 477847,
            "common_shares": 2219036,
            "equity": 1692685,
            "current_ratio": 187.06,
            "debt_ratio": 35.7,
            "inventory_turnover_ratio": 1.24,
            "account_receivable_turnover_ratio": null,
            "reinvestment_rate": null,
            "research_to_sale_ratio": null,
            "price_fair": 2.64,
            "eps_avg_yearly": 0.88,
            "eps_latest_yearly": 0.88,
            "eps_growth_yearly": -125
        },
        "20041": {
            "year_quarter": 20041,
            "year": 2004,
            "quarter": 1,
            "eps": -0.24,
            "eps_growth_year": -500,
            "eps_4q": -0.44,
            "eps_4q_growth_year": null,
            "roe": -3.18,
            "gross_profit": 78738,
            "gross_margin": 18.51,
            "net_income": -54144,
            "revenue": 425438,
            "common_shares": 2222801,
            "equity": 1713531,
            "current_ratio": 161.42,
            "debt_ratio": 32.16,
            "inventory_turnover_ratio": 1.31,
            "account_receivable_turnover_ratio": null,
            "reinvestment_rate": null,
            "research_to_sale_ratio": null,
            "price_fair": 2.64,
            "eps_avg_yearly": 0.88,
            "eps_latest_yearly": 0.88,
            "eps_growth_yearly": -125
        },
        "20042": {
            "year_quarter": 20042,
            "year": 2004,
            "quarter": 2,
            "eps": -0.2,
            "eps_growth_year": null,
            "eps_4q": -0.57,
            "eps_4q_growth_year": null,
            "roe": -2.66,
            "gross_profit": 99070,
            "gross_margin": 23.17,
            "net_income": -44386,
            "revenue": 427666,
            "common_shares": 2222801,
            "equity": 1629222,
            "current_ratio": 174.09,
            "debt_ratio": 40.27,
            "inventory_turnover_ratio": 1.31,
            "account_receivable_turnover_ratio": null,
            "reinvestment_rate": null,
            "research_to_sale_ratio": null,
            "price_fair": 2.64,
            "eps_avg_yearly": 0.88,
            "eps_latest_yearly": 0.88,
            "eps_growth_yearly": -125
        },
        "20043": {
            "year_quarter": 20043,
            "year": 2004,
            "quarter": 3,
            "eps": -0.31,
            "eps_growth_year": null,
            "eps_4q": -0.86,
            "eps_4q_growth_year": null,
            "roe": -4.44,
            "gross_profit": 66792,
            "gross_margin": 18.31,
            "net_income": -68991,
            "revenue": 364716,
            "common_shares": 2222801,
            "equity": 1478154,
            "current_ratio": 223.55,
            "debt_ratio": 36.72,
            "inventory_turnover_ratio": 1.01,
            "account_receivable_turnover_ratio": null,
            "reinvestment_rate": null,
            "research_to_sale_ratio": null,
            "price_fair": 2.64,
            "eps_avg_yearly": 0.88,
            "eps_latest_yearly": 0.88,
            "eps_growth_yearly": -125
        },
        "20044": {
            "year_quarter": 20044,
            "year": 2004,
            "quarter": 4,
            "eps": -5.07,
            "eps_growth_year": null,
            "eps_4q": -5.83,
            "eps_4q_growth_year": null,
            "roe": -86.01,
            "gross_profit": 73825,
            "gross_margin": 21.1,
            "net_income": -1127100,
            "revenue": 349810,
            "common_shares": 2222801,
            "equity": 1142845,
            "current_ratio": 185.95,
            "debt_ratio": 45.02,
            "inventory_turnover_ratio": 0.91,
            "account_receivable_turnover_ratio": null,
            "reinvestment_rate": null,
            "research_to_sale_ratio": null,
            "price_fair": 2.64,
            "eps_avg_yearly": 0.88,
            "eps_latest_yearly": 0.88,
            "eps_growth_yearly": -125
        },
        "20051": {
            "year_quarter": 20051,
            "year": 2005,
            "quarter": 1,
            "eps": -0.12,
            "eps_growth_year": null,
            "eps_4q": -5.57,
            "eps_4q_growth_year": null,
            "roe": -2.42,
            "gross_profit": 83457,
            "gross_margin": 23.06,
            "net_income": -27320,
            "revenue": 361991,
            "common_shares": 2222801,
            "equity": 1113000,
            "current_ratio": 217.35,
            "debt_ratio": 43.71,
            "inventory_turnover_ratio": 1.05,
            "account_receivable_turnover_ratio": null,
            "reinvestment_rate": null,
            "research_to_sale_ratio": null,
            "price_fair": 2.64,
            "eps_avg_yearly": 0.88,
            "eps_latest_yearly": 0.88,
            "eps_growth_yearly": -125
        },
        "20052": {
            "year_quarter": 20052,
            "year": 2005,
            "quarter": 2,
            "eps": 0.01,
            "eps_growth_year": null,
            "eps_4q": -5.49,
            "eps_4q_growth_year": null,
            "roe": 0.29,
            "gross_profit": 106003,
            "gross_margin": 24.79,
            "net_income": 3283,
            "revenue": 427537,
            "common_shares": 2222801,
            "equity": 1132144,
            "current_ratio": 200.77,
            "debt_ratio": 45.62,
            "inventory_turnover_ratio": 1.28,
            "account_receivable_turnover_ratio": null,
            "reinvestment_rate": null,
            "research_to_sale_ratio": null,
            "price_fair": 2.64,
            "eps_avg_yearly": 0.88,
            "eps_latest_yearly": 0.88,
            "eps_growth_yearly": -125
        },
        "20053": {
            "year_quarter": 20053,
            "year": 2005,
            "quarter": 3,
            "eps": 0.27,
            "eps_growth_year": null,
            "eps_4q": -10.01,
            "eps_4q_growth_year": null,
            "roe": 2.63,
            "gross_profit": 91639,
            "gross_margin": 20.29,
            "net_income": 30230,
            "revenue": 451697,
            "common_shares": 1121863,
            "equity": 1166722,
            "current_ratio": 207.49,
            "debt_ratio": 43.86,
            "inventory_turnover_ratio": 1.38,
            "account_receivable_turnover_ratio": null,
            "reinvestment_rate": null,
            "research_to_sale_ratio": null,
            "price_fair": 34.3,
            "eps_avg_yearly": 0.98,
            "eps_latest_yearly": 1.08,
            "eps_growth_yearly": 5137.5
        },
        "20054": {
            "year_quarter": 20054,
            "year": 2005,
            "quarter": 4,
            "eps": 0.2,
            "eps_growth_year": null,
            "eps_4q": 0.25,
            "eps_4q_growth_year": null,
            "roe": 1.92,
            "gross_profit": 153431,
            "gross_margin": 23.89,
            "net_income": 22531,
            "revenue": 642193,
            "common_shares": 1121863,
            "equity": 1175659,
            "current_ratio": 197.97,
            "debt_ratio": 47.67,
            "inventory_turnover_ratio": 1.85,
            "account_receivable_turnover_ratio": null,
            "reinvestment_rate": null,
            "research_to_sale_ratio": null,
            "price_fair": 32.2,
            "eps_avg_yearly": 0.92,
            "eps_latest_yearly": 0.8,
            "eps_growth_yearly": 3390.43
        },
        "20061": {
            "year_quarter": 20061,
            "year": 2006,
            "quarter": 1,
            "eps": 0.22,
            "eps_growth_year": null,
            "eps_4q": 0.71,
            "eps_4q_growth_year": null,
            "roe": 2.11,
            "gross_profit": 109781,
            "gross_margin": 21.15,
            "net_income": 25026,
            "revenue": 519111,
            "common_shares": 1121863,
            "equity": 1193721,
            "current_ratio": 247.46,
            "debt_ratio": 45.53,
            "inventory_turnover_ratio": 1.25,
            "account_receivable_turnover_ratio": null,
            "reinvestment_rate": null,
            "research_to_sale_ratio": null,
            "price_fair": 31.85,
            "eps_avg_yearly": 0.91,
            "eps_latest_yearly": 0.88,
            "eps_growth_yearly": 2552.82
        },
        "20062": {
            "year_quarter": 20062,
            "year": 2006,
            "quarter": 2,
            "eps": -0.34,
            "eps_growth_year": -3500,
            "eps_4q": 0.35,
            "eps_4q_growth_year": null,
            "roe": -3.27,
            "gross_profit": 95132,
            "gross_margin": 22.12,
            "net_income": -38104,
            "revenue": 430045,
            "common_shares": 1121863,
            "equity": 1136374,
            "current_ratio": 277.33,
            "debt_ratio": 43.08,
            "inventory_turnover_ratio": 0.97,
            "account_receivable_turnover_ratio": null,
            "reinvestment_rate": null,
            "research_to_sale_ratio": null,
            "price_fair": 32.2,
            "eps_avg_yearly": 0.92,
            "eps_latest_yearly": 0.88,
            "eps_growth_yearly": 3445.43
        },
        "20063": {
            "year_quarter": 20063,
            "year": 2006,
            "quarter": 3,
            "eps": -0.02,
            "eps_growth_year": -107.41,
            "eps_4q": 0.07,
            "eps_4q_growth_year": null,
            "roe": -0.17,
            "gross_profit": 90583,
            "gross_margin": 21.05,
            "net_income": -1889,
            "revenue": 430369,
            "common_shares": 1121863,
            "equity": 1135053,
            "current_ratio": 400.86,
            "debt_ratio": 37.91,
            "inventory_turnover_ratio": 1.28,
            "account_receivable_turnover_ratio": null,
            "reinvestment_rate": null,
            "research_to_sale_ratio": null,
            "price_fair": 32.2,
            "eps_avg_yearly": 0.92,
            "eps_latest_yearly": 0.88,
            "eps_growth_yearly": 3445.43
        },
        "20064": {
            "year_quarter": 20064,
            "year": 2006,
            "quarter": 4,
            "eps": -0.56,
            "eps_growth_year": -380,
            "eps_4q": -0.72,
            "eps_4q_growth_year": -382.73,
            "roe": -5.66,
            "gross_profit": 74597,
            "gross_margin": 24.63,
            "net_income": -62690,
            "revenue": 302848,
            "common_shares": 1121863,
            "equity": 1080140,
            "current_ratio": 370.92,
            "debt_ratio": 37.51,
            "inventory_turnover_ratio": 1.13,
            "account_receivable_turnover_ratio": null,
            "reinvestment_rate": null,
            "research_to_sale_ratio": null,
            "price_fair": 32.2,
            "eps_avg_yearly": 0.92,
            "eps_latest_yearly": 0.88,
            "eps_growth_yearly": 3445.43
        },
        "20071": {
            "year_quarter": 20071,
            "year": 2007,
            "quarter": 1,
            "eps": -0.15,
            "eps_growth_year": -168.18,
            "eps_4q": -1.1,
            "eps_4q_growth_year": -254.49,
            "roe": -1.52,
            "gross_profit": 71527,
            "gross_margin": 28.45,
            "net_income": -16196,
            "revenue": 251387,
            "common_shares": 1121863,
            "equity": 1057193,
            "current_ratio": 283.91,
            "debt_ratio": 31.82,
            "inventory_turnover_ratio": 1.13,
            "account_receivable_turnover_ratio": null,
            "reinvestment_rate": null,
            "research_to_sale_ratio": null,
            "price_fair": 32.2,
            "eps_avg_yearly": 0.92,
            "eps_latest_yearly": 0.88,
            "eps_growth_yearly": 3445.43
        },
        "20072": {
            "year_quarter": 20072,
            "year": 2007,
            "quarter": 2,
            "eps": 0.06,
            "eps_growth_year": null,
            "eps_4q": -0.64,
            "eps_4q_growth_year": -280.12,
            "roe": 0.66,
            "gross_profit": 70353,
            "gross_margin": 28.89,
            "net_income": 6952,
            "revenue": 243501,
            "common_shares": 1121863,
            "equity": 1054869,
            "current_ratio": 193.07,
            "debt_ratio": 31.93,
            "inventory_turnover_ratio": 1.39,
            "account_receivable_turnover_ratio": null,
            "reinvestment_rate": null,
            "research_to_sale_ratio": null,
            "price_fair": 32.2,
            "eps_avg_yearly": 0.92,
            "eps_latest_yearly": 0.88,
            "eps_growth_yearly": 3445.43
        },
        "20073": {
            "year_quarter": 20073,
            "year": 2007,
            "quarter": 3,
            "eps": -0.03,
            "eps_growth_year": null,
            "eps_4q": -0.67,
            "eps_4q_growth_year": -1099.65,
            "roe": -0.35,
            "gross_profit": 57597,
            "gross_margin": 28.63,
            "net_income": -3680,
            "revenue": 201146,
            "common_shares": 1121863,
            "equity": 1056883,
            "current_ratio": 208.2,
            "debt_ratio": 22.32,
            "inventory_turnover_ratio": 1.25,
            "account_receivable_turnover_ratio": null,
            "reinvestment_rate": null,
            "research_to_sale_ratio": null,
            "price_fair": 32.2,
            "eps_avg_yearly": 0.92,
            "eps_latest_yearly": 0.88,
            "eps_growth_yearly": 3445.43
        },
        "20074": {
            "year_quarter": 20074,
            "year": 2007,
            "quarter": 4,
            "eps": 0.05,
            "eps_growth_year": null,
            "eps_4q": -0.06,
            "eps_4q_growth_year": null,
            "roe": 0.55,
            "gross_profit": 55930,
            "gross_margin": 37.07,
            "net_income": 5865,
            "revenue": 150883,
            "common_shares": 1122819,
            "equity": 1081024,
            "current_ratio": 484.51,
            "debt_ratio": 11.53,
            "inventory_turnover_ratio": 0.87,
            "account_receivable_turnover_ratio": null,
            "reinvestment_rate": null,
            "research_to_sale_ratio": null,
            "price_fair": 32.2,
            "eps_avg_yearly": 0.92,
            "eps_latest_yearly": 0.88,
            "eps_growth_yearly": 3445.43
        },
        "20081": {
            "year_quarter": 20081,
            "year": 2008,
            "quarter": 1,
            "eps": -0.24,
            "eps_growth_year": null,
            "eps_4q": -0.16,
            "eps_4q_growth_year": null,
            "roe": -2.5,
            "gross_profit": 52223,
            "gross_margin": 38.69,
            "net_income": -26675,
            "revenue": 134983,
            "common_shares": 1122819,
            "equity": 1049716,
            "current_ratio": 406.59,
            "debt_ratio": 13.27,
            "inventory_turnover_ratio": 0.84,
            "account_receivable_turnover_ratio": null,
            "reinvestment_rate": null,
            "research_to_sale_ratio": null,
            "price_fair": 32.2,
            "eps_avg_yearly": 0.92,
            "eps_latest_yearly": 0.88,
            "eps_growth_yearly": 3445.43
        },
        "20082": {
            "year_quarter": 20082,
            "year": 2008,
            "quarter": 2,
            "eps": -0.16,
            "eps_growth_year": -366.67,
            "eps_4q": -0.38,
            "eps_4q_growth_year": null,
            "roe": -1.84,
            "gross_profit": 52506,
            "gross_margin": 40.3,
            "net_income": -19135,
            "revenue": 130295,
            "common_shares": 1122819,
            "equity": 1033685,
            "current_ratio": 421,
            "debt_ratio": 12.8,
            "inventory_turnover_ratio": 0.9,
            "account_receivable_turnover_ratio": null,
            "reinvestment_rate": null,
            "research_to_sale_ratio": null,
            "price_fair": 32.2,
            "eps_avg_yearly": 0.92,
            "eps_latest_yearly": 0.88,
            "eps_growth_yearly": 3445.43
        },
        "20083": {
            "year_quarter": 20083,
            "year": 2008,
            "quarter": 3,
            "eps": -0.38,
            "eps_growth_year": null,
            "eps_4q": -0.72,
            "eps_4q_growth_year": null,
            "roe": -4.2,
            "gross_profit": 53799,
            "gross_margin": 44.68,
            "net_income": -42785,
            "revenue": 120407,
            "common_shares": 1122819,
            "equity": 1001813,
            "current_ratio": 525.46,
            "debt_ratio": 11.16,
            "inventory_turnover_ratio": 0.93,
            "account_receivable_turnover_ratio": null,
            "reinvestment_rate": null,
            "research_to_sale_ratio": null,
            "price_fair": 32.2,
            "eps_avg_yearly": 0.92,
            "eps_latest_yearly": 0.88,
            "eps_growth_yearly": 3445.43
        },
        "20084": {
            "year_quarter": 20084,
            "year": 2008,
            "quarter": 4,
            "eps": -0.38,
            "eps_growth_year": -860,
            "eps_4q": -1.14,
            "eps_4q_growth_year": null,
            "roe": -4.29,
            "gross_profit": 34520,
            "gross_margin": 30.02,
            "net_income": -42342,
            "revenue": 114994,
            "common_shares": 1115753,
            "equity": 970631,
            "current_ratio": 433.44,
            "debt_ratio": 13.14,
            "inventory_turnover_ratio": 1.57,
            "account_receivable_turnover_ratio": 2.68,
            "reinvestment_rate": null,
            "research_to_sale_ratio": null,
            "price_fair": 32.2,
            "eps_avg_yearly": 0.92,
            "eps_latest_yearly": 0.88,
            "eps_growth_yearly": 3445.43
        },
        "20091": {
            "year_quarter": 20091,
            "year": 2009,
            "quarter": 1,
            "eps": -0.1,
            "eps_growth_year": null,
            "eps_4q": -1.02,
            "eps_4q_growth_year": null,
            "roe": -1.25,
            "gross_profit": 29691,
            "gross_margin": 61.69,
            "net_income": -12072,
            "revenue": 48131,
            "common_shares": 1115753,
            "equity": 964412,
            "current_ratio": 800.63,
            "debt_ratio": 8.42,
            "inventory_turnover_ratio": 0.51,
            "account_receivable_turnover_ratio": 0.74,
            "reinvestment_rate": null,
            "research_to_sale_ratio": null,
            "price_fair": 32.2,
            "eps_avg_yearly": 0.92,
            "eps_latest_yearly": 0.88,
            "eps_growth_yearly": 3445.43
        },
        "20092": {
            "year_quarter": 20092,
            "year": 2009,
            "quarter": 2,
            "eps": 0.12,
            "eps_growth_year": null,
            "eps_4q": -0.81,
            "eps_4q_growth_year": null,
            "roe": 1.26,
            "gross_profit": 35663,
            "gross_margin": 58.27,
            "net_income": 12070,
            "revenue": 61207,
            "common_shares": 1115753,
            "equity": 957077,
            "current_ratio": 756.15,
            "debt_ratio": 8.79,
            "inventory_turnover_ratio": 0.82,
            "account_receivable_turnover_ratio": 1.33,
            "reinvestment_rate": null,
            "research_to_sale_ratio": null,
            "price_fair": 32.2,
            "eps_avg_yearly": 0.92,
            "eps_latest_yearly": 0.88,
            "eps_growth_yearly": 3445.43
        },
        "20093": {
            "year_quarter": 20093,
            "year": 2009,
            "quarter": 3,
            "eps": 0.09,
            "eps_growth_year": null,
            "eps_4q": -0.29,
            "eps_4q_growth_year": null,
            "roe": 0.95,
            "gross_profit": 42779,
            "gross_margin": 61.05,
            "net_income": 9120,
            "revenue": 70074,
            "common_shares": 1115753,
            "equity": 963154,
            "current_ratio": 855.58,
            "debt_ratio": 8.39,
            "inventory_turnover_ratio": 1.04,
            "account_receivable_turnover_ratio": 1.53,
            "reinvestment_rate": null,
            "research_to_sale_ratio": null,
            "price_fair": 2.04,
            "eps_avg_yearly": 0.68,
            "eps_latest_yearly": 0.36,
            "eps_growth_yearly": -54.57
        },
        "20094": {
            "year_quarter": 20094,
            "year": 2009,
            "quarter": 4,
            "eps": 0.04,
            "eps_growth_year": null,
            "eps_4q": 0.15,
            "eps_4q_growth_year": null,
            "roe": 0.83,
            "gross_profit": 41358,
            "gross_margin": 73.58,
            "net_income": 7953,
            "revenue": 56206,
            "common_shares": 1118537,
            "equity": 955840,
            "current_ratio": 771.74,
            "debt_ratio": 8.27,
            "inventory_turnover_ratio": 0.5,
            "account_receivable_turnover_ratio": 2.78,
            "reinvestment_rate": null,
            "research_to_sale_ratio": null,
            "price_fair": 1.4,
            "eps_avg_yearly": 0.47,
            "eps_latest_yearly": 0.16,
            "eps_growth_yearly": -94.07
        },
        "20101": {
            "year_quarter": 20101,
            "year": 2010,
            "quarter": 1,
            "eps": -0.08,
            "eps_growth_year": null,
            "eps_4q": 0.17,
            "eps_4q_growth_year": null,
            "roe": -1.05,
            "gross_profit": 35050,
            "gross_margin": 58.8,
            "net_income": -9946,
            "revenue": 59608,
            "common_shares": 1118537,
            "equity": 945445,
            "current_ratio": 943.22,
            "debt_ratio": 7.21,
            "inventory_turnover_ratio": 0.74,
            "account_receivable_turnover_ratio": 1.45,
            "reinvestment_rate": null,
            "research_to_sale_ratio": 52.06,
            "price_fair": 0.78,
            "eps_avg_yearly": 0.26,
            "eps_latest_yearly": 0.16,
            "eps_growth_yearly": -161.11
        },
        "20102": {
            "year_quarter": 20102,
            "year": 2010,
            "quarter": 2,
            "eps": -0.08,
            "eps_growth_year": -165,
            "eps_4q": -0.03,
            "eps_4q_growth_year": null,
            "roe": -0.97,
            "gross_profit": 37422,
            "gross_margin": 58.46,
            "net_income": -9124,
            "revenue": 64012,
            "common_shares": 1118537,
            "equity": 939427,
            "current_ratio": 708.54,
            "debt_ratio": 8.82,
            "inventory_turnover_ratio": 0.79,
            "account_receivable_turnover_ratio": 1.32,
            "reinvestment_rate": null,
            "research_to_sale_ratio": 46.95,
            "price_fair": 0.78,
            "eps_avg_yearly": 0.26,
            "eps_latest_yearly": 0.16,
            "eps_growth_yearly": -161.11
        },
        "20103": {
            "year_quarter": 20103,
            "year": 2010,
            "quarter": 3,
            "eps": 0.27,
            "eps_growth_year": 201.11,
            "eps_4q": 0.15,
            "eps_4q_growth_year": null,
            "roe": 3.1,
            "gross_profit": 31128,
            "gross_margin": 52.23,
            "net_income": 29614,
            "revenue": 59599,
            "common_shares": 1120270,
            "equity": 969436,
            "current_ratio": 539.65,
            "debt_ratio": 15.05,
            "inventory_turnover_ratio": 0.71,
            "account_receivable_turnover_ratio": 1.3,
            "reinvestment_rate": null,
            "research_to_sale_ratio": 62.91,
            "price_fair": 0.78,
            "eps_avg_yearly": 0.26,
            "eps_latest_yearly": 0.16,
            "eps_growth_yearly": -161.11
        },
        "20104": {
            "year_quarter": 20104,
            "year": 2010,
            "quarter": 4,
            "eps": 1.04,
            "eps_growth_year": 2509.1,
            "eps_4q": 1.15,
            "eps_4q_growth_year": 648.14,
            "roe": 11.36,
            "gross_profit": 26581,
            "gross_margin": 55.39,
            "net_income": 116467,
            "revenue": 47986,
            "common_shares": 1120628,
            "equity": 1081054,
            "current_ratio": 1183.59,
            "debt_ratio": 7.95,
            "inventory_turnover_ratio": 0.5,
            "account_receivable_turnover_ratio": 1.51,
            "reinvestment_rate": 2956.32,
            "research_to_sale_ratio": 38.99,
            "price_fair": 54.6,
            "eps_avg_yearly": 1.56,
            "eps_latest_yearly": 4.16,
            "eps_growth_yearly": 272.84
        },
        "20111": {
            "year_quarter": 20111,
            "year": 2011,
            "quarter": 1,
            "eps": 0.71,
            "eps_growth_year": null,
            "eps_4q": 1.95,
            "eps_4q_growth_year": 1074.61,
            "roe": 7.11,
            "gross_profit": 23437,
            "gross_margin": 50.1,
            "net_income": 79566,
            "revenue": 46784,
            "common_shares": 1120628,
            "equity": 1157335,
            "current_ratio": 2257.18,
            "debt_ratio": 4.81,
            "inventory_turnover_ratio": 0.59,
            "account_receivable_turnover_ratio": 1.61,
            "reinvestment_rate": 339.21,
            "research_to_sale_ratio": 35.05,
            "price_fair": 65.8,
            "eps_avg_yearly": 1.88,
            "eps_latest_yearly": 2.84,
            "eps_growth_yearly": 172.9
        },
        "20112": {
            "year_quarter": 20112,
            "year": 2011,
            "quarter": 2,
            "eps": -0.11,
            "eps_growth_year": null,
            "eps_4q": 1.92,
            "eps_4q_growth_year": null,
            "roe": -1.04,
            "gross_profit": 28508,
            "gross_margin": 47.71,
            "net_income": -11976,
            "revenue": 59750,
            "common_shares": 1122183,
            "equity": 1145939,
            "current_ratio": 1634.75,
            "debt_ratio": 5.88,
            "inventory_turnover_ratio": 0.86,
            "account_receivable_turnover_ratio": 1.66,
            "reinvestment_rate": 419.46,
            "research_to_sale_ratio": 37.29,
            "price_fair": 65.8,
            "eps_avg_yearly": 1.88,
            "eps_latest_yearly": 2.84,
            "eps_growth_yearly": 172.9
        },
        "20113": {
            "year_quarter": 20113,
            "year": 2011,
            "quarter": 3,
            "eps": 0.11,
            "eps_growth_year": -60.3,
            "eps_4q": 1.75,
            "eps_4q_growth_year": 1078.77,
            "roe": 1.05,
            "gross_profit": 20910,
            "gross_margin": 51.49,
            "net_income": 12086,
            "revenue": 40612,
            "common_shares": 1123574,
            "equity": 1165263,
            "current_ratio": 1896.71,
            "debt_ratio": 3.31,
            "inventory_turnover_ratio": 0.53,
            "account_receivable_turnover_ratio": 1.12,
            "reinvestment_rate": 360.19,
            "research_to_sale_ratio": 23.98,
            "price_fair": 65.8,
            "eps_avg_yearly": 1.88,
            "eps_latest_yearly": 2.84,
            "eps_growth_yearly": 172.9
        },
        "20114": {
            "year_quarter": 20114,
            "year": 2011,
            "quarter": 4,
            "eps": -0.04,
            "eps_growth_year": -103.71,
            "eps_4q": 0.67,
            "eps_4q_growth_year": -41.76,
            "roe": -0.37,
            "gross_profit": 25129,
            "gross_margin": 48.71,
            "net_income": -4360,
            "revenue": 51586,
            "common_shares": 1124074,
            "equity": 1161621,
            "current_ratio": 2247.5,
            "debt_ratio": 3.17,
            "inventory_turnover_ratio": 0.74,
            "account_receivable_turnover_ratio": 1.98,
            "reinvestment_rate": 252.22,
            "research_to_sale_ratio": 32.89,
            "price_fair": 65.8,
            "eps_avg_yearly": 1.88,
            "eps_latest_yearly": 2.84,
            "eps_growth_yearly": 172.9
        },
        "20121": {
            "year_quarter": 20121,
            "year": 2012,
            "quarter": 1,
            "eps": -0.11,
            "eps_growth_year": -115.49,
            "eps_4q": -0.21,
            "eps_4q_growth_year": -110.76,
            "roe": -0.93,
            "gross_profit": 23438,
            "gross_margin": 53.62,
            "net_income": -8337,
            "revenue": 43710,
            "common_shares": 600000,
            "equity": 626651,
            "current_ratio": 179.84,
            "debt_ratio": 46.78,
            "inventory_turnover_ratio": 0.67,
            "account_receivable_turnover_ratio": 1.84,
            "reinvestment_rate": 61.23,
            "research_to_sale_ratio": 46.64,
            "price_fair": 65.8,
            "eps_avg_yearly": 1.88,
            "eps_latest_yearly": 2.84,
            "eps_growth_yearly": 172.9
        },
        "20122": {
            "year_quarter": 20122,
            "year": 2012,
            "quarter": 2,
            "eps": -0.28,
            "eps_growth_year": null,
            "eps_4q": -0.29,
            "eps_4q_growth_year": -115.24,
            "roe": -2.74,
            "gross_profit": 22934,
            "gross_margin": 51.82,
            "net_income": -16924,
            "revenue": 44261,
            "common_shares": 600000,
            "equity": 610389,
            "current_ratio": 1015.15,
            "debt_ratio": 7.05,
            "inventory_turnover_ratio": 0.78,
            "account_receivable_turnover_ratio": 1.62,
            "reinvestment_rate": 62.86,
            "research_to_sale_ratio": 47.62,
            "price_fair": 65.8,
            "eps_avg_yearly": 1.88,
            "eps_latest_yearly": 2.84,
            "eps_growth_yearly": 172.9
        },
        "20123": {
            "year_quarter": 20123,
            "year": 2012,
            "quarter": 3,
            "eps": -0.1,
            "eps_growth_year": -189.56,
            "eps_4q": -0.59,
            "eps_4q_growth_year": -133.68,
            "roe": -0.95,
            "gross_profit": 30379,
            "gross_margin": 53.78,
            "net_income": -5781,
            "revenue": 56492,
            "common_shares": 600000,
            "equity": 603007,
            "current_ratio": 948.06,
            "debt_ratio": 7.51,
            "inventory_turnover_ratio": 0.9,
            "account_receivable_turnover_ratio": 1.76,
            "reinvestment_rate": 47.05,
            "research_to_sale_ratio": 35.27,
            "price_fair": 65.8,
            "eps_avg_yearly": 1.88,
            "eps_latest_yearly": 2.84,
            "eps_growth_yearly": 172.9
        },
        "20124": {
            "year_quarter": 20124,
            "year": 2012,
            "quarter": 4,
            "eps": -0.07,
            "eps_growth_year": null,
            "eps_4q": -0.59,
            "eps_4q_growth_year": -187.4,
            "roe": -0.7,
            "gross_profit": 28618,
            "gross_margin": 48.12,
            "net_income": -4185,
            "revenue": 59474,
            "common_shares": 600000,
            "equity": 599461,
            "current_ratio": 935.61,
            "debt_ratio": 7.56,
            "inventory_turnover_ratio": 1.09,
            "account_receivable_turnover_ratio": 1.56,
            "reinvestment_rate": 38.11,
            "research_to_sale_ratio": 30.46,
            "price_fair": 65.8,
            "eps_avg_yearly": 1.88,
            "eps_latest_yearly": 2.84,
            "eps_growth_yearly": 172.9
        },
        "20131": {
            "year_quarter": 20131,
            "year": 2013,
            "quarter": 1,
            "eps": -0.18,
            "eps_growth_year": null,
            "eps_4q": -0.62,
            "eps_4q_growth_year": null,
            "roe": -1.77,
            "gross_profit": 21290,
            "gross_margin": 55.79,
            "net_income": -10519,
            "revenue": 38159,
            "common_shares": 600000,
            "equity": 587131,
            "current_ratio": 1167.23,
            "debt_ratio": 6,
            "inventory_turnover_ratio": 0.62,
            "account_receivable_turnover_ratio": 1.14,
            "reinvestment_rate": 37.92,
            "research_to_sale_ratio": 53.22,
            "price_fair": 65.8,
            "eps_avg_yearly": 1.88,
            "eps_latest_yearly": 2.84,
            "eps_growth_yearly": 172.9
        },
        "20132": {
            "year_quarter": 20132,
            "year": 2013,
            "quarter": 2,
            "eps": -0.58,
            "eps_growth_year": null,
            "eps_4q": -0.92,
            "eps_4q_growth_year": null,
            "roe": -6.08,
            "gross_profit": 21246,
            "gross_margin": 56.32,
            "net_income": -34664,
            "revenue": 37726,
            "common_shares": 600000,
            "equity": 552467,
            "current_ratio": 817.1,
            "debt_ratio": 8.51,
            "inventory_turnover_ratio": 0.59,
            "account_receivable_turnover_ratio": 1.39,
            "reinvestment_rate": 52.95,
            "research_to_sale_ratio": 89.5,
            "price_fair": 65.8,
            "eps_avg_yearly": 1.88,
            "eps_latest_yearly": 2.84,
            "eps_growth_yearly": 172.9
        },
        "20133": {
            "year_quarter": 20133,
            "year": 2013,
            "quarter": 3,
            "eps": -0.35,
            "eps_growth_year": null,
            "eps_4q": -1.17,
            "eps_4q_growth_year": null,
            "roe": -3.86,
            "gross_profit": 19516,
            "gross_margin": 53.53,
            "net_income": -20919,
            "revenue": 36459,
            "common_shares": 600000,
            "equity": 531548,
            "current_ratio": 816.02,
            "debt_ratio": 8.42,
            "inventory_turnover_ratio": 0.58,
            "account_receivable_turnover_ratio": 1.39,
            "reinvestment_rate": 70.46,
            "research_to_sale_ratio": 64,
            "price_fair": 83.53,
            "eps_avg_yearly": 2.39,
            "eps_latest_yearly": 2.84,
            "eps_growth_yearly": 263.87
        },
        "20134": {
            "year_quarter": 20134,
            "year": 2013,
            "quarter": 4,
            "eps": -0.22,
            "eps_growth_year": null,
            "eps_4q": -1.32,
            "eps_4q_growth_year": null,
            "roe": -2.46,
            "gross_profit": 24868,
            "gross_margin": 50.94,
            "net_income": -12943,
            "revenue": 48823,
            "common_shares": 600000,
            "equity": 518605,
            "current_ratio": 599.56,
            "debt_ratio": 11.28,
            "inventory_turnover_ratio": 0.67,
            "account_receivable_turnover_ratio": 1.84,
            "reinvestment_rate": -289.39,
            "research_to_sale_ratio": 48.67,
            "price_fair": 122.5,
            "eps_avg_yearly": 3.5,
            "eps_latest_yearly": 2.84,
            "eps_growth_yearly": 506.91
        },
        "20141": {
            "year_quarter": 20141,
            "year": 2014,
            "quarter": 1,
            "eps": -0.28,
            "eps_growth_year": null,
            "eps_4q": -1.42,
            "eps_4q_growth_year": null,
            "roe": -3.25,
            "gross_profit": 21539,
            "gross_margin": 45.3,
            "net_income": -16578,
            "revenue": 47547,
            "common_shares": 600000,
            "equity": 502027,
            "current_ratio": 672.44,
            "debt_ratio": 9.89,
            "inventory_turnover_ratio": 0.59,
            "account_receivable_turnover_ratio": 1.64,
            "reinvestment_rate": -314.67,
            "research_to_sale_ratio": 56.64,
            "price_fair": 122.5,
            "eps_avg_yearly": 3.5,
            "eps_latest_yearly": 2.84,
            "eps_growth_yearly": 506.91
        },
        "20142": {
            "year_quarter": 20142,
            "year": 2014,
            "quarter": 2,
            "eps": -0.18,
            "eps_growth_year": null,
            "eps_4q": -1.03,
            "eps_4q_growth_year": null,
            "roe": -2.23,
            "gross_profit": 28668,
            "gross_margin": 44.25,
            "net_income": -11086,
            "revenue": 64789,
            "common_shares": 600000,
            "equity": 490941,
            "current_ratio": 585.86,
            "debt_ratio": 11.41,
            "inventory_turnover_ratio": 0.73,
            "account_receivable_turnover_ratio": 1.76,
            "reinvestment_rate": -325.06,
            "research_to_sale_ratio": 41.14,
            "price_fair": 122.5,
            "eps_avg_yearly": 3.5,
            "eps_latest_yearly": 2.84,
            "eps_growth_yearly": 506.91
        },
        "20143": {
            "year_quarter": 20143,
            "year": 2014,
            "quarter": 3,
            "eps": -0.27,
            "eps_growth_year": null,
            "eps_4q": -0.95,
            "eps_4q_growth_year": null,
            "roe": -3.41,
            "gross_profit": 26760,
            "gross_margin": 49.59,
            "net_income": -16456,
            "revenue": 53965,
            "common_shares": 600000,
            "equity": 474485,
            "current_ratio": 710.97,
            "debt_ratio": 9.2,
            "inventory_turnover_ratio": 0.51,
            "account_receivable_turnover_ratio": 1.38,
            "reinvestment_rate": -359.29,
            "research_to_sale_ratio": 54.53,
            "price_fair": 122.5,
            "eps_avg_yearly": 3.5,
            "eps_latest_yearly": 2.84,
            "eps_growth_yearly": 506.91
        },
        "20144": {
            "year_quarter": 20144,
            "year": 2014,
            "quarter": 4,
            "eps": -0.26,
            "eps_growth_year": null,
            "eps_4q": -0.99,
            "eps_4q_growth_year": null,
            "roe": -3.32,
            "gross_profit": 23580,
            "gross_margin": 52.4,
            "net_income": -15489,
            "revenue": 45003,
            "common_shares": 600000,
            "equity": 458996,
            "current_ratio": 621.63,
            "debt_ratio": 10.02,
            "inventory_turnover_ratio": 0.41,
            "account_receivable_turnover_ratio": 1.46,
            "reinvestment_rate": null,
            "research_to_sale_ratio": 55.86,
            "price_fair": 8.52,
            "eps_avg_yearly": 2.84,
            "eps_latest_yearly": 2.84,
            "eps_growth_yearly": -126.92
        },
        "20151": {
            "year_quarter": 20151,
            "year": 2015,
            "quarter": 1,
            "eps": -0.31,
            "eps_growth_year": null,
            "eps_4q": -1.02,
            "eps_4q_growth_year": null,
            "roe": -4.1,
            "gross_profit": 19277,
            "gross_margin": 48.87,
            "net_income": -18437,
            "revenue": 39448,
            "common_shares": 600000,
            "equity": 440559,
            "current_ratio": 610.73,
            "debt_ratio": 10.01,
            "inventory_turnover_ratio": 0.36,
            "account_receivable_turnover_ratio": 1.42,
            "reinvestment_rate": null,
            "research_to_sale_ratio": 64.88,
            "price_fair": 0,
            "eps_avg_yearly": 0,
            "eps_latest_yearly": 0,
            "eps_growth_yearly": 0
        },
        "20152": {
            "year_quarter": 20152,
            "year": 2015,
            "quarter": 2,
            "eps": -0.27,
            "eps_growth_year": null,
            "eps_4q": -1.11,
            "eps_4q_growth_year": null,
            "roe": -3.81,
            "gross_profit": 23748,
            "gross_margin": 51.51,
            "net_income": -16470,
            "revenue": 46101,
            "common_shares": 600000,
            "equity": 424089,
            "current_ratio": 583.99,
            "debt_ratio": 10.06,
            "inventory_turnover_ratio": 0.37,
            "account_receivable_turnover_ratio": 1.62,
            "reinvestment_rate": null,
            "research_to_sale_ratio": 48.65,
            "price_fair": 0,
            "eps_avg_yearly": 0,
            "eps_latest_yearly": 0,
            "eps_growth_yearly": 0
        },
        "20153": {
            "year_quarter": 20153,
            "year": 2015,
            "quarter": 3,
            "eps": -0.22,
            "eps_growth_year": null,
            "eps_4q": -1.06,
            "eps_4q_growth_year": null,
            "roe": -3.1,
            "gross_profit": 17331,
            "gross_margin": 49.69,
            "net_income": -12937,
            "revenue": 34880,
            "common_shares": 600000,
            "equity": 411152,
            "current_ratio": 729.86,
            "debt_ratio": 7.85,
            "inventory_turnover_ratio": 0.31,
            "account_receivable_turnover_ratio": 1.36,
            "reinvestment_rate": null,
            "research_to_sale_ratio": 58.51,
            "price_fair": 0,
            "eps_avg_yearly": 0,
            "eps_latest_yearly": 0,
            "eps_growth_yearly": 0
        },
        "20154": {
            "year_quarter": 20154,
            "year": 2015,
            "quarter": 4,
            "eps": -0.27,
            "eps_growth_year": null,
            "eps_4q": -1.07,
            "eps_4q_growth_year": null,
            "roe": -4.05,
            "gross_profit": 19070,
            "gross_margin": 39.14,
            "net_income": -16371,
            "revenue": 48727,
            "common_shares": 600000,
            "equity": 397870,
            "current_ratio": 303.77,
            "debt_ratio": 19.29,
            "inventory_turnover_ratio": 0.4,
            "account_receivable_turnover_ratio": 2.01,
            "reinvestment_rate": null,
            "research_to_sale_ratio": 46.28,
            "price_fair": 0,
            "eps_avg_yearly": 0,
            "eps_latest_yearly": 0,
            "eps_growth_yearly": 0
        },
        "20161": {
            "year_quarter": 20161,
            "year": 2016,
            "quarter": 1,
            "eps": -0.34,
            "eps_growth_year": null,
            "eps_4q": -1.1,
            "eps_4q_growth_year": null,
            "roe": -5.59,
            "gross_profit": 10464,
            "gross_margin": 19.22,
            "net_income": -21619,
            "revenue": 54453,
            "common_shares": 600000,
            "equity": 376251,
            "current_ratio": 324.94,
            "debt_ratio": 17.01,
            "inventory_turnover_ratio": 0.52,
            "account_receivable_turnover_ratio": 2.07,
            "reinvestment_rate": null,
            "research_to_sale_ratio": 39.84,
            "price_fair": 0,
            "eps_avg_yearly": 0,
            "eps_latest_yearly": 0,
            "eps_growth_yearly": 0
        },
        "20162": {
            "year_quarter": 20162,
            "year": 2016,
            "quarter": 2,
            "eps": -0.61,
            "eps_growth_year": null,
            "eps_4q": -1.44,
            "eps_4q_growth_year": null,
            "roe": -10.59,
            "gross_profit": 4295,
            "gross_margin": 10.36,
            "net_income": -38075,
            "revenue": 41442,
            "common_shares": 600000,
            "equity": 342843,
            "current_ratio": 297.14,
            "debt_ratio": 17.55,
            "inventory_turnover_ratio": 0.52,
            "account_receivable_turnover_ratio": 1.86,
            "reinvestment_rate": null,
            "research_to_sale_ratio": 63.54,
            "price_fair": 0,
            "eps_avg_yearly": 0,
            "eps_latest_yearly": 0,
            "eps_growth_yearly": 0
        },
        "20163": {
            "year_quarter": 20163,
            "year": 2016,
            "quarter": 3,
            "eps": -0.34,
            "eps_growth_year": null,
            "eps_4q": -1.56,
            "eps_4q_growth_year": null,
            "roe": -6.81,
            "gross_profit": 14609,
            "gross_margin": 39.06,
            "net_income": -23079,
            "revenue": 37403,
            "common_shares": 600000,
            "equity": 334493,
            "current_ratio": 374.41,
            "debt_ratio": 13.19,
            "inventory_turnover_ratio": 0.37,
            "account_receivable_turnover_ratio": 2.01,
            "reinvestment_rate": null,
            "research_to_sale_ratio": 58.28,
            "price_fair": 0,
            "eps_avg_yearly": 0,
            "eps_latest_yearly": 0,
            "eps_growth_yearly": 0
        },
        "20164": {
            "year_quarter": 20164,
            "year": 2016,
            "quarter": 4,
            "eps": -0.37,
            "eps_growth_year": null,
            "eps_4q": -1.66,
            "eps_4q_growth_year": null,
            "roe": -7.83,
            "gross_profit": 13587,
            "gross_margin": 37.2,
            "net_income": -25192,
            "revenue": 36524,
            "common_shares": 600000,
            "equity": 309178,
            "current_ratio": 293.94,
            "debt_ratio": 16.18,
            "inventory_turnover_ratio": 0.42,
            "account_receivable_turnover_ratio": 1.87,
            "reinvestment_rate": null,
            "research_to_sale_ratio": 60.79,
            "price_fair": 0,
            "eps_avg_yearly": 0,
            "eps_latest_yearly": 0,
            "eps_growth_yearly": 0
        },
        "20171": {
            "year_quarter": 20171,
            "year": 2017,
            "quarter": 1,
            "eps": -0.58,
            "eps_growth_year": null,
            "eps_4q": -1.9,
            "eps_4q_growth_year": null,
            "roe": -12.92,
            "gross_profit": 12391,
            "gross_margin": 38.08,
            "net_income": -37501,
            "revenue": 32541,
            "common_shares": 600000,
            "equity": 271398,
            "current_ratio": 274.02,
            "debt_ratio": 16.06,
            "inventory_turnover_ratio": 0.39,
            "account_receivable_turnover_ratio": 1.88,
            "reinvestment_rate": null,
            "research_to_sale_ratio": 61.49,
            "price_fair": 0,
            "eps_avg_yearly": 0,
            "eps_latest_yearly": 0,
            "eps_growth_yearly": 0
        },
        "20172": {
            "year_quarter": 20172,
            "year": 2017,
            "quarter": 2,
            "eps": -0.46,
            "eps_growth_year": null,
            "eps_4q": -1.75,
            "eps_4q_growth_year": null,
            "roe": -11.76,
            "gross_profit": 12283,
            "gross_margin": 32.88,
            "net_income": -30025,
            "revenue": 37352,
            "common_shares": 600000,
            "equity": 239348,
            "current_ratio": 200.31,
            "debt_ratio": 21.85,
            "inventory_turnover_ratio": 0.49,
            "account_receivable_turnover_ratio": 2.34,
            "reinvestment_rate": null,
            "research_to_sale_ratio": 54.14,
            "price_fair": 0,
            "eps_avg_yearly": 0,
            "eps_latest_yearly": 0,
            "eps_growth_yearly": 0
        },
        "20173": {
            "year_quarter": 20173,
            "year": 2017,
            "quarter": 3,
            "eps": -0.32,
            "eps_growth_year": null,
            "eps_4q": -1.73,
            "eps_4q_growth_year": null,
            "roe": -8.74,
            "gross_profit": 24492,
            "gross_margin": 48.48,
            "net_income": -20012,
            "revenue": 50517,
            "common_shares": 600000,
            "equity": 218566,
            "current_ratio": 184.58,
            "debt_ratio": 23.23,
            "inventory_turnover_ratio": 0.53,
            "account_receivable_turnover_ratio": 2.55,
            "reinvestment_rate": null,
            "research_to_sale_ratio": 41.51,
            "price_fair": 0,
            "eps_avg_yearly": 0,
            "eps_latest_yearly": 0,
            "eps_growth_yearly": 0
        },
        "20174": {
            "year_quarter": 20174,
            "year": 2017,
            "quarter": 4,
            "eps": 1.23,
            "eps_growth_year": null,
            "eps_4q": -0.13,
            "eps_4q_growth_year": null,
            "roe": 28.81,
            "gross_profit": 36368,
            "gross_margin": 66.49,
            "net_income": 73568,
            "revenue": 54694,
            "common_shares": 600000,
            "equity": 292135,
            "current_ratio": 278.3,
            "debt_ratio": 21.51,
            "inventory_turnover_ratio": 0.44,
            "account_receivable_turnover_ratio": 1.9,
            "reinvestment_rate": null,
            "research_to_sale_ratio": 49.2,
            "price_fair": 0,
            "eps_avg_yearly": 0,
            "eps_latest_yearly": 0,
            "eps_growth_yearly": 0
        },
        "20181": {
            "year_quarter": 20181,
            "year": 2018,
            "quarter": 1,
            "eps": -0.29,
            "eps_growth_year": null,
            "eps_4q": 0.17,
            "eps_4q_growth_year": null,
            "roe": -6.37,
            "gross_profit": 14650,
            "gross_margin": 50.15,
            "net_income": -17618,
            "revenue": 29211,
            "common_shares": 600000,
            "equity": 261105,
            "current_ratio": 267.7,
            "debt_ratio": 22.73,
            "inventory_turnover_ratio": 0.38,
            "account_receivable_turnover_ratio": 1.2,
            "reinvestment_rate": null,
            "research_to_sale_ratio": 19,
            "price_fair": 0,
            "eps_avg_yearly": 0,
            "eps_latest_yearly": 0,
            "eps_growth_yearly": 0
        },
        "20182": {
            "year_quarter": 20182,
            "year": 2018,
            "quarter": 2,
            "eps": -0.02,
            "eps_growth_year": null,
            "eps_4q": 0.61,
            "eps_4q_growth_year": null,
            "roe": -0.34,
            "gross_profit": 6479,
            "gross_margin": 28.59,
            "net_income": -903,
            "revenue": 22664,
            "common_shares": 600000,
            "equity": 262722,
            "current_ratio": 367.42,
            "debt_ratio": 16.68,
            "inventory_turnover_ratio": 0.4,
            "account_receivable_turnover_ratio": 1.88,
            "reinvestment_rate": null,
            "research_to_sale_ratio": 24.51,
            "price_fair": 0,
            "eps_avg_yearly": 0,
            "eps_latest_yearly": 0,
            "eps_growth_yearly": 0
        },
        "20183": {
            "year_quarter": 20183,
            "year": 2018,
            "quarter": 3,
            "eps": 0.6,
            "eps_growth_year": null,
            "eps_4q": 1.53,
            "eps_4q_growth_year": null,
            "roe": 13.47,
            "gross_profit": -9820,
            "gross_margin": -58.89,
            "net_income": 36023,
            "revenue": 16674,
            "common_shares": 600000,
            "equity": 272035,
            "current_ratio": 488.02,
            "debt_ratio": 14.94,
            "inventory_turnover_ratio": 0.8,
            "account_receivable_turnover_ratio": 2.01,
            "reinvestment_rate": null,
            "research_to_sale_ratio": 12.93,
            "price_fair": 0,
            "eps_avg_yearly": 0,
            "eps_latest_yearly": 0,
            "eps_growth_yearly": 0
        },
        "20184": {
            "year_quarter": 20184,
            "year": 2018,
            "quarter": 4,
            "eps": -0.08,
            "eps_growth_year": -106.39,
            "eps_4q": 0.22,
            "eps_4q_growth_year": null,
            "roe": -1.76,
            "gross_profit": 3645,
            "gross_margin": 19.78,
            "net_income": -4728,
            "revenue": 18431,
            "common_shares": 600000,
            "equity": 264762,
            "current_ratio": 1204.42,
            "debt_ratio": 5.86,
            "inventory_turnover_ratio": 0.77,
            "account_receivable_turnover_ratio": 2.9,
            "reinvestment_rate": null,
            "research_to_sale_ratio": 5.01,
            "price_fair": 0,
            "eps_avg_yearly": 0,
            "eps_latest_yearly": 0,
            "eps_growth_yearly": 0
        },
        "20191": {
            "year_quarter": 20191,
            "year": 2019,
            "quarter": 1,
            "eps": 0.02,
            "eps_growth_year": null,
            "eps_4q": 0.53,
            "eps_4q_growth_year": 218.04,
            "roe": 0.44,
            "gross_profit": 10172,
            "gross_margin": 57.34,
            "net_income": 1157,
            "revenue": 17739,
            "common_shares": 600000,
            "equity": 265551,
            "current_ratio": 1288.69,
            "debt_ratio": 10.08,
            "inventory_turnover_ratio": 0.62,
            "account_receivable_turnover_ratio": 3.02,
            "reinvestment_rate": null,
            "research_to_sale_ratio": 2.46,
            "price_fair": 0,
            "eps_avg_yearly": 0,
            "eps_latest_yearly": 0,
            "eps_growth_yearly": 0
        },
        "20192": {
            "year_quarter": 20192,
            "year": 2019,
            "quarter": 2,
            "eps": -0.04,
            "eps_growth_year": null,
            "eps_4q": 0.5,
            "eps_4q_growth_year": -17.42,
            "roe": -0.84,
            "gross_profit": 6943,
            "gross_margin": 50.86,
            "net_income": -2211,
            "revenue": 13652,
            "common_shares": 600000,
            "equity": 263383,
            "current_ratio": 1330.16,
            "debt_ratio": 9.88,
            "inventory_turnover_ratio": 0.68,
            "account_receivable_turnover_ratio": 3.18,
            "reinvestment_rate": null,
            "research_to_sale_ratio": 4.16,
            "price_fair": 0,
            "eps_avg_yearly": 0,
            "eps_latest_yearly": 0,
            "eps_growth_yearly": 0
        },
        "20193": {
            "year_quarter": 20193,
            "year": 2019,
            "quarter": 3,
            "eps": -0.1,
            "eps_growth_year": -116.67,
            "eps_4q": -0.2,
            "eps_4q_growth_year": -112.81,
            "roe": -2.45,
            "gross_profit": 4553,
            "gross_margin": 45.48,
            "net_income": -5949,
            "revenue": 10011,
            "common_shares": 600000,
            "equity": 222440,
            "current_ratio": 1945.49,
            "debt_ratio": 9.61,
            "inventory_turnover_ratio": 0.64,
            "account_receivable_turnover_ratio": 4.09,
            "reinvestment_rate": null,
            "research_to_sale_ratio": 5.78,
            "price_fair": 0,
            "eps_avg_yearly": 0,
            "eps_latest_yearly": 0,
            "eps_growth_yearly": 0
        },
        "20194": {
            "year_quarter": 20194,
            "year": 2019,
            "quarter": 4,
            "eps": -0.29,
            "eps_growth_year": null,
            "eps_4q": -0.4,
            "eps_4q_growth_year": -286.96,
            "roe": -8.08,
            "gross_profit": 3471,
            "gross_margin": 33,
            "net_income": -17210,
            "revenue": 10517,
            "common_shares": 600000,
            "equity": 203532,
            "current_ratio": 1880.06,
            "debt_ratio": 10.12,
            "inventory_turnover_ratio": 1.25,
            "account_receivable_turnover_ratio": 9.03,
            "reinvestment_rate": null,
            "research_to_sale_ratio": 12.69,
            "price_fair": 0,
            "eps_avg_yearly": 0,
            "eps_latest_yearly": 0,
            "eps_growth_yearly": 0
        },
        "20201": {
            "year_quarter": 20201,
            "year": 2020,
            "quarter": 1,
            "eps": -0.17,
            "eps_growth_year": -950,
            "eps_4q": -0.59,
            "eps_4q_growth_year": -213.07,
            "roe": -5.23,
            "gross_profit": -37,
            "gross_margin": -0.89,
            "net_income": -10373,
            "revenue": 4160,
            "common_shares": 600000,
            "equity": 193159,
            "current_ratio": 1947.96,
            "debt_ratio": 10.23,
            "inventory_turnover_ratio": 0.81,
            "account_receivable_turnover_ratio": 6.86,
            "reinvestment_rate": null,
            "research_to_sale_ratio": 6.01,
            "price_fair": 0,
            "eps_avg_yearly": 0,
            "eps_latest_yearly": 0,
            "eps_growth_yearly": 0
        },
        "20202": {
            "year_quarter": 20202,
            "year": 2020,
            "quarter": 2,
            "eps": -0.06,
            "eps_growth_year": null,
            "eps_4q": -0.62,
            "eps_4q_growth_year": -222.37,
            "roe": -1.84,
            "gross_profit": 4561,
            "gross_margin": 62.86,
            "net_income": -3544,
            "revenue": 7256,
            "common_shares": 600000,
            "equity": 192864,
            "current_ratio": 2619.62,
            "debt_ratio": 9.43,
            "inventory_turnover_ratio": 0.35,
            "account_receivable_turnover_ratio": 8.08,
            "reinvestment_rate": null,
            "research_to_sale_ratio": 2.76,
            "price_fair": 0,
            "eps_avg_yearly": 0,
            "eps_latest_yearly": 0,
            "eps_growth_yearly": 0
        },
        "20203": {
            "year_quarter": 20203,
            "year": 2020,
            "quarter": 3,
            "eps": -0.1,
            "eps_growth_year": null,
            "eps_4q": -0.62,
            "eps_4q_growth_year": null,
            "roe": -3.18,
            "gross_profit": 2742,
            "gross_margin": 65.38,
            "net_income": -6036,
            "revenue": 4194,
            "common_shares": 600000,
            "equity": 186826,
            "current_ratio": 3973.29,
            "debt_ratio": 8.56,
            "inventory_turnover_ratio": 0.16,
            "account_receivable_turnover_ratio": 4.95,
            "reinvestment_rate": null,
            "research_to_sale_ratio": 2.84,
            "price_fair": 0,
            "eps_avg_yearly": 0,
            "eps_latest_yearly": 0,
            "eps_growth_yearly": 0
        },
        "20204": {
            "year_quarter": 20204,
            "year": 2020,
            "quarter": 4,
            "eps": -0.17,
            "eps_growth_year": null,
            "eps_4q": -0.51,
            "eps_4q_growth_year": null,
            "roe": -5.73,
            "gross_profit": -463,
            "gross_margin": -11.08,
            "net_income": -10402,
            "revenue": 4179,
            "common_shares": 600000,
            "equity": 176424,
            "current_ratio": 2138.35,
            "debt_ratio": 10.27,
            "inventory_turnover_ratio": 0.68,
            "account_receivable_turnover_ratio": 7.08,
            "reinvestment_rate": null,
            "research_to_sale_ratio": 1.29,
            "price_fair": 0,
            "eps_avg_yearly": 0,
            "eps_latest_yearly": 0,
            "eps_growth_yearly": 0
        },
        "20211": {
            "year_quarter": 20211,
            "year": 2021,
            "quarter": 1,
            "eps": -0.13,
            "eps_growth_year": null,
            "eps_4q": -0.46,
            "eps_4q_growth_year": null,
            "roe": -4.41,
            "gross_profit": 120,
            "gross_margin": 1.61,
            "net_income": -7615,
            "revenue": 7440,
            "common_shares": 600000,
            "equity": 168809,
            "current_ratio": 2272.61,
            "debt_ratio": 10.29,
            "inventory_turnover_ratio": 2.5,
            "account_receivable_turnover_ratio": 24,
            "reinvestment_rate": null,
            "research_to_sale_ratio": -0.05,
            "price_fair": 0,
            "eps_avg_yearly": 0,
            "eps_latest_yearly": 0,
            "eps_growth_yearly": 0
        },
        "20212": {
            "year_quarter": 20212,
            "year": 2021,
            "quarter": 2,
            "eps": -0.15,
            "eps_growth_year": null,
            "eps_4q": -0.55,
            "eps_4q_growth_year": null,
            "roe": -5.32,
            "gross_profit": 2442,
            "gross_margin": 68.33,
            "net_income": -8746,
            "revenue": 3574,
            "common_shares": 600000,
            "equity": 160063,
            "current_ratio": 3562.64,
            "debt_ratio": 9.55,
            "inventory_turnover_ratio": 1.65,
            "account_receivable_turnover_ratio": 65.58,
            "reinvestment_rate": null,
            "research_to_sale_ratio": 0.28,
            "price_fair": 0,
            "eps_avg_yearly": 0,
            "eps_latest_yearly": 0,
            "eps_growth_yearly": 0
        },
        "20213": {
            "year_quarter": 20213,
            "year": 2021,
            "quarter": 3,
            "eps": -0.1,
            "eps_growth_year": null,
            "eps_4q": -0.54,
            "eps_4q_growth_year": null,
            "roe": -3.68,
            "gross_profit": 1507,
            "gross_margin": 104.36,
            "net_income": -5783,
            "revenue": 1444,
            "common_shares": 600000,
            "equity": 154131,
            "current_ratio": 1161.73,
            "debt_ratio": 11.85,
            "inventory_turnover_ratio": -0.99,
            "account_receivable_turnover_ratio": 4.23,
            "reinvestment_rate": -1047.06,
            "research_to_sale_ratio": 1.94,
            "price_fair": 0,
            "eps_avg_yearly": 0,
            "eps_latest_yearly": 0,
            "eps_growth_yearly": 0
        },
        "20214": {
            "year_quarter": 20214,
            "year": 2021,
            "quarter": 4,
            "eps": -0.13,
            "eps_growth_year": null,
            "eps_4q": -0.5,
            "eps_4q_growth_year": null,
            "roe": -4.94,
            "gross_profit": 1266,
            "gross_margin": 82.69,
            "net_income": -7864,
            "revenue": 1531,
            "common_shares": 600000,
            "equity": 164276,
            "current_ratio": 683.1,
            "debt_ratio": 11.88,
            "inventory_turnover_ratio": 265,
            "account_receivable_turnover_ratio": 2.63,
            "reinvestment_rate": null,
            "research_to_sale_ratio": -0.07,
            "price_fair": 0,
            "eps_avg_yearly": 0,
            "eps_latest_yearly": 0,
            "eps_growth_yearly": 0
        },
        "20221": {
            "year_quarter": 20221,
            "year": 2022,
            "quarter": 1,
            "eps": -0.09,
            "eps_growth_year": null,
            "eps_4q": -0.47,
            "eps_4q_growth_year": null,
            "roe": -3.53,
            "gross_profit": 905,
            "gross_margin": 71.04,
            "net_income": -5614,
            "revenue": 1274,
            "common_shares": 600000,
            "equity": 153706,
            "current_ratio": 729.61,
            "debt_ratio": 11.76,
            "inventory_turnover_ratio": 0.58,
            "account_receivable_turnover_ratio": 2.42,
            "reinvestment_rate": null,
            "research_to_sale_ratio": 0,
            "price_fair": 0,
            "eps_avg_yearly": 0,
            "eps_latest_yearly": 0,
            "eps_growth_yearly": 0
        },
        "20222": {
            "year_quarter": 20222,
            "year": 2022,
            "quarter": 2,
            "eps": -0.1,
            "eps_growth_year": null,
            "eps_4q": -0.42,
            "eps_4q_growth_year": null,
            "roe": -3.89,
            "gross_profit": 825,
            "gross_margin": 33.76,
            "net_income": -5719,
            "revenue": 2444,
            "common_shares": 600000,
            "equity": 140568,
            "current_ratio": 435.63,
            "debt_ratio": 32.34,
            "inventory_turnover_ratio": 2.57,
            "account_receivable_turnover_ratio": 9.51,
            "reinvestment_rate": null,
            "research_to_sale_ratio": 0,
            "price_fair": 0,
            "eps_avg_yearly": 0,
            "eps_latest_yearly": 0,
            "eps_growth_yearly": 0
        },
        "20223": {
            "year_quarter": 20223,
            "year": 2022,
            "quarter": 3,
            "eps": -0.07,
            "eps_growth_year": null,
            "eps_4q": -0.34,
            "eps_4q_growth_year": null,
            "roe": -0.84,
            "gross_profit": 2345,
            "gross_margin": 92.4,
            "net_income": -1091,
            "revenue": 2538,
            "common_shares": 600000,
            "equity": 119249,
            "current_ratio": 380.14,
            "debt_ratio": 33.98,
            "inventory_turnover_ratio": null,
            "account_receivable_turnover_ratio": 28.68,
            "reinvestment_rate": null,
            "research_to_sale_ratio": 0,
            "price_fair": 0,
            "eps_avg_yearly": 0,
            "eps_latest_yearly": 0,
            "eps_growth_yearly": 0
        },
        "20224": {
            "year_quarter": 20224,
            "year": 2022,
            "quarter": 4,
            "eps": 0.66,
            "eps_growth_year": null,
            "eps_4q": -0.18,
            "eps_4q_growth_year": null,
            "roe": 8.07,
            "gross_profit": 12716,
            "gross_margin": 104.44,
            "net_income": 9753,
            "revenue": 12176,
            "common_shares": 147000,
            "equity": 122461,
            "current_ratio": 467.1,
            "debt_ratio": 33.53,
            "inventory_turnover_ratio": null,
            "account_receivable_turnover_ratio": 2.4,
            "reinvestment_rate": null,
            "research_to_sale_ratio": 0,
            "price_fair": 0,
            "eps_avg_yearly": 0,
            "eps_latest_yearly": 0,
            "eps_growth_yearly": 0
        },
        "20231": {
            "year_quarter": 20231,
            "year": 2023,
            "quarter": 1,
            "eps": -0.33,
            "eps_growth_year": null,
            "eps_4q": -0.13,
            "eps_4q_growth_year": null,
            "roe": -3.89,
            "gross_profit": 14,
            "gross_margin": 0.33,
            "net_income": -4853,
            "revenue": 4217,
            "common_shares": 147000,
            "equity": 126734,
            "current_ratio": 354.19,
            "debt_ratio": 32.31,
            "inventory_turnover_ratio": null,
            "account_receivable_turnover_ratio": 0.74,
            "reinvestment_rate": null,
            "research_to_sale_ratio": null,
            "price_fair": 0,
            "eps_avg_yearly": 0,
            "eps_latest_yearly": 0,
            "eps_growth_yearly": 0
        }
    },
    "months": {
        "2001-06": {
            "month": "2001-06",
            "price": "14.88",
            "revenue": 103946
        },
        "2001-07": {
            "month": "2001-07",
            "price": "10.19",
            "revenue": 97299
        },
        "2001-08": {
            "month": "2001-08",
            "price": "9.83",
            "revenue": 154108
        },
        "2001-09": {
            "month": "2001-09",
            "price": "8.52",
            "revenue": 138874
        },
        "2001-10": {
            "month": "2001-10",
            "price": "9.25",
            "revenue": 156633
        },
        "2001-11": {
            "month": "2001-11",
            "price": "13.49",
            "revenue": 168046
        },
        "2001-12": {
            "month": "2001-12",
            "price": "24.30",
            "revenue": 172046
        },
        "2002-01": {
            "month": "2002-01",
            "price": "28.85",
            "revenue": 190524
        },
        "2002-02": {
            "month": "2002-02",
            "price": "33.39",
            "revenue": 188415
        },
        "2002-03": {
            "month": "2002-03",
            "price": "34.10",
            "revenue": 205575
        },
        "2002-04": {
            "month": "2002-04",
            "price": "39.99",
            "revenue": 229348
        },
        "2002-05": {
            "month": "2002-05",
            "price": "28.94",
            "revenue": 248617
        },
        "2002-06": {
            "month": "2002-06",
            "price": "26.26",
            "revenue": 257335
        },
        "2002-07": {
            "month": "2002-07",
            "price": "23.13",
            "revenue": 200502
        },
        "2002-08": {
            "month": "2002-08",
            "price": "21.60",
            "revenue": 174193
        },
        "2002-09": {
            "month": "2002-09",
            "price": "16.49",
            "revenue": 185318
        },
        "2002-10": {
            "month": "2002-10",
            "price": "15.14",
            "revenue": 209673
        },
        "2002-11": {
            "month": "2002-11",
            "price": "14.65",
            "revenue": 208672
        },
        "2002-12": {
            "month": "2002-12",
            "price": "12.79",
            "revenue": 155243
        },
        "2003-01": {
            "month": "2003-01",
            "price": "12.70",
            "revenue": 246858
        },
        "2003-02": {
            "month": "2003-02",
            "price": "12.58",
            "revenue": 162705
        },
        "2003-03": {
            "month": "2003-03",
            "price": "13.74",
            "revenue": 176888
        },
        "2003-04": {
            "month": "2003-04",
            "price": "13.76",
            "revenue": 179551
        },
        "2003-05": {
            "month": "2003-05",
            "price": "11.77",
            "revenue": 144232
        },
        "2003-06": {
            "month": "2003-06",
            "price": "13.66",
            "revenue": 135181
        },
        "2003-07": {
            "month": "2003-07",
            "price": "13.87",
            "revenue": 181343
        },
        "2003-08": {
            "month": "2003-08",
            "price": "11.73",
            "revenue": 188270
        },
        "2003-09": {
            "month": "2003-09",
            "price": "9.85",
            "revenue": 184741
        },
        "2003-10": {
            "month": "2003-10",
            "price": "10.03",
            "revenue": 181345
        },
        "2003-11": {
            "month": "2003-11",
            "price": "9.87",
            "revenue": 158620
        },
        "2003-12": {
            "month": "2003-12",
            "price": "9.92",
            "revenue": 137882
        },
        "2004-01": {
            "month": "2004-01",
            "price": "10.51",
            "revenue": 129058
        },
        "2004-02": {
            "month": "2004-02",
            "price": "11.08",
            "revenue": 145245
        },
        "2004-03": {
            "month": "2004-03",
            "price": "11.76",
            "revenue": 151100
        },
        "2004-04": {
            "month": "2004-04",
            "price": "12.00",
            "revenue": 155015
        },
        "2004-05": {
            "month": "2004-05",
            "price": "8.54",
            "revenue": 157460
        },
        "2004-06": {
            "month": "2004-06",
            "price": "7.27",
            "revenue": 145213
        },
        "2004-07": {
            "month": "2004-07",
            "price": "5.85",
            "revenue": 140620
        },
        "2004-08": {
            "month": "2004-08",
            "price": "5.25",
            "revenue": 80112
        },
        "2004-09": {
            "month": "2004-09",
            "price": "3.98",
            "revenue": 113997
        },
        "2004-10": {
            "month": "2004-10",
            "price": "4.04",
            "revenue": 93205
        },
        "2004-11": {
            "month": "2004-11",
            "price": "3.74",
            "revenue": 119768
        },
        "2004-12": {
            "month": "2004-12",
            "price": "3.40",
            "revenue": 136837
        },
        "2005-01": {
            "month": "2005-01",
            "price": "3.41",
            "revenue": 129972
        },
        "2005-02": {
            "month": "2005-02",
            "price": "3.85",
            "revenue": 102063
        },
        "2005-03": {
            "month": "2005-03",
            "price": "4.21",
            "revenue": 129956
        },
        "2005-04": {
            "month": "2005-04",
            "price": "3.66",
            "revenue": 154000
        },
        "2005-05": {
            "month": "2005-05",
            "price": "3.98",
            "revenue": 148317
        },
        "2005-06": {
            "month": "2005-06",
            "price": "5.10",
            "revenue": 125220
        },
        "2005-07": {
            "month": "2005-07",
            "price": "5.26",
            "revenue": 130037
        },
        "2005-08": {
            "month": "2005-08",
            "price": "4.58",
            "revenue": 138359
        },
        "2005-09": {
            "month": "2005-09",
            "price": "4.02",
            "revenue": 183301
        },
        "2005-10": {
            "month": "2005-10",
            "price": "4.31",
            "revenue": 191410
        },
        "2005-11": {
            "month": "2005-11",
            "price": "4.70",
            "revenue": 230933
        },
        "2005-12": {
            "month": "2005-12",
            "price": "12.06",
            "revenue": 219850
        },
        "2006-01": {
            "month": "2006-01",
            "price": "14.49",
            "revenue": 173814
        },
        "2006-02": {
            "month": "2006-02",
            "price": "13.06",
            "revenue": 162123
        },
        "2006-03": {
            "month": "2006-03",
            "price": "11.60",
            "revenue": 183175
        },
        "2006-04": {
            "month": "2006-04",
            "price": "12.60",
            "revenue": 142807
        },
        "2006-05": {
            "month": "2006-05",
            "price": "11.28",
            "revenue": 140981
        },
        "2006-06": {
            "month": "2006-06",
            "price": "9.75",
            "revenue": 146256
        },
        "2006-07": {
            "month": "2006-07",
            "price": "8.74",
            "revenue": 125293
        },
        "2006-08": {
            "month": "2006-08",
            "price": "8.91",
            "revenue": 142777
        },
        "2006-09": {
            "month": "2006-09",
            "price": "8.36",
            "revenue": 162299
        },
        "2006-10": {
            "month": "2006-10",
            "price": "8.35",
            "revenue": 113687
        },
        "2006-11": {
            "month": "2006-11",
            "price": "8.53",
            "revenue": 102881
        },
        "2006-12": {
            "month": "2006-12",
            "price": "9.77",
            "revenue": 86280
        },
        "2007-01": {
            "month": "2007-01",
            "price": "11.24",
            "revenue": 97549
        },
        "2007-02": {
            "month": "2007-02",
            "price": "10.95",
            "revenue": 57373
        },
        "2007-03": {
            "month": "2007-03",
            "price": "10.09",
            "revenue": 96465
        },
        "2007-04": {
            "month": "2007-04",
            "price": "11.09",
            "revenue": 93366
        },
        "2007-05": {
            "month": "2007-05",
            "price": "10.55",
            "revenue": 72541
        },
        "2007-06": {
            "month": "2007-06",
            "price": "15.74",
            "revenue": 77594
        },
        "2007-07": {
            "month": "2007-07",
            "price": "18.11",
            "revenue": 80655
        },
        "2007-08": {
            "month": "2007-08",
            "price": "16.86",
            "revenue": 64407
        },
        "2007-09": {
            "month": "2007-09",
            "price": "14.61",
            "revenue": 61436
        },
        "2007-10": {
            "month": "2007-10",
            "price": "13.08",
            "revenue": 58258
        },
        "2007-11": {
            "month": "2007-11",
            "price": "11.29",
            "revenue": 50465
        },
        "2007-12": {
            "month": "2007-12",
            "price": "10.12",
            "revenue": 36808
        },
        "2008-01": {
            "month": "2008-01",
            "price": "8.78",
            "revenue": 53278
        },
        "2008-02": {
            "month": "2008-02",
            "price": "8.36",
            "revenue": 32410
        },
        "2008-03": {
            "month": "2008-03",
            "price": "8.83",
            "revenue": 41891
        },
        "2008-04": {
            "month": "2008-04",
            "price": "9.69",
            "revenue": 40872
        },
        "2008-05": {
            "month": "2008-05",
            "price": "9.56",
            "revenue": 48780
        },
        "2008-06": {
            "month": "2008-06",
            "price": "8.31",
            "revenue": 43073
        },
        "2008-07": {
            "month": "2008-07",
            "price": "7.09",
            "revenue": 39497
        },
        "2008-08": {
            "month": "2008-08",
            "price": "6.61",
            "revenue": 39387
        },
        "2008-09": {
            "month": "2008-09",
            "price": "4.42",
            "revenue": 37038
        },
        "2008-10": {
            "month": "2008-10",
            "price": "3.75",
            "revenue": 42355
        },
        "2008-11": {
            "month": "2008-11",
            "price": "2.89",
            "revenue": 42303
        },
        "2008-12": {
            "month": "2008-12",
            "price": "2.98",
            "revenue": 24067
        },
        "2009-01": {
            "month": "2009-01",
            "price": "3.32",
            "revenue": 12021
        },
        "2009-02": {
            "month": "2009-02",
            "price": "3.35",
            "revenue": 14162
        },
        "2009-03": {
            "month": "2009-03",
            "price": "4.00",
            "revenue": 21160
        },
        "2009-04": {
            "month": "2009-04",
            "price": "4.74",
            "revenue": 21421
        },
        "2009-05": {
            "month": "2009-05",
            "price": "5.25",
            "revenue": 21203
        },
        "2009-06": {
            "month": "2009-06",
            "price": "5.09",
            "revenue": 15581
        },
        "2009-07": {
            "month": "2009-07",
            "price": "5.21",
            "revenue": 19974
        },
        "2009-08": {
            "month": "2009-08",
            "price": "6.05",
            "revenue": 19916
        },
        "2009-09": {
            "month": "2009-09",
            "price": "9.55",
            "revenue": 22728
        },
        "2009-10": {
            "month": "2009-10",
            "price": "13.16",
            "revenue": 21988
        },
        "2009-11": {
            "month": "2009-11",
            "price": "12.77",
            "revenue": 20537
        },
        "2009-12": {
            "month": "2009-12",
            "price": "13.43",
            "revenue": 17670
        },
        "2010-01": {
            "month": "2010-01",
            "price": "11.99",
            "revenue": 19332
        },
        "2010-02": {
            "month": "2010-02",
            "price": "9.73",
            "revenue": 13688
        },
        "2010-03": {
            "month": "2010-03",
            "price": "10.70",
            "revenue": 24993
        },
        "2010-04": {
            "month": "2010-04",
            "price": "13.07",
            "revenue": 21813
        },
        "2010-05": {
            "month": "2010-05",
            "price": "11.35",
            "revenue": 20879
        },
        "2010-06": {
            "month": "2010-06",
            "price": "10.47",
            "revenue": 19379
        },
        "2010-07": {
            "month": "2010-07",
            "price": "10.62",
            "revenue": 19683
        },
        "2010-08": {
            "month": "2010-08",
            "price": "12.80",
            "revenue": 20009
        },
        "2010-09": {
            "month": "2010-09",
            "price": "12.90",
            "revenue": 19315
        },
        "2010-10": {
            "month": "2010-10",
            "price": "12.30",
            "revenue": 16382
        },
        "2010-11": {
            "month": "2010-11",
            "price": "10.72",
            "revenue": 12945
        },
        "2010-12": {
            "month": "2010-12",
            "price": "11.10",
            "revenue": 18276
        },
        "2011-01": {
            "month": "2011-01",
            "price": "10.93",
            "revenue": 17278
        },
        "2011-02": {
            "month": "2011-02",
            "price": "10.36",
            "revenue": 12545
        },
        "2011-03": {
            "month": "2011-03",
            "price": "9.84",
            "revenue": 15726
        },
        "2011-04": {
            "month": "2011-04",
            "price": "9.34",
            "revenue": 20271
        },
        "2011-05": {
            "month": "2011-05",
            "price": "13.67",
            "revenue": 21559
        },
        "2011-06": {
            "month": "2011-06",
            "price": "15.09",
            "revenue": 17642
        },
        "2011-07": {
            "month": "2011-07",
            "price": "14.09",
            "revenue": 13909
        },
        "2011-08": {
            "month": "2011-08",
            "price": "10.98",
            "revenue": 11507
        },
        "2011-09": {
            "month": "2011-09",
            "price": "10.40",
            "revenue": 13725
        },
        "2011-10": {
            "month": "2011-10",
            "price": "11.61",
            "revenue": 17853
        },
        "2011-11": {
            "month": "2011-11",
            "price": "14.53",
            "revenue": 18682
        },
        "2011-12": {
            "month": "2011-12",
            "price": "12.64",
            "revenue": 14542
        },
        "2012-01": {
            "month": "2012-01",
            "price": "11.89",
            "revenue": 12268
        },
        "2012-02": {
            "month": "2012-02",
            "price": "14.31",
            "revenue": 13616
        },
        "2012-03": {
            "month": "2012-03",
            "price": "16.86",
            "revenue": 16764
        },
        "2012-04": {
            "month": "2012-04",
            "price": "16.03",
            "revenue": 15942
        },
        "2012-05": {
            "month": "2012-05",
            "price": "13.40",
            "revenue": 14728
        },
        "2012-06": {
            "month": "2012-06",
            "price": "12.68",
            "revenue": 13687
        },
        "2012-07": {
            "month": "2012-07",
            "price": "12.50",
            "revenue": 15228
        },
        "2012-08": {
            "month": "2012-08",
            "price": "12.87",
            "revenue": 20991
        },
        "2012-09": {
            "month": "2012-09",
            "price": "13.40",
            "revenue": 20020
        },
        "2012-10": {
            "month": "2012-10",
            "price": "12.70",
            "revenue": 19997
        },
        "2012-11": {
            "month": "2012-11",
            "price": "10.48",
            "revenue": 21862
        },
        "2012-12": {
            "month": "2012-12",
            "price": "11.02",
            "revenue": 16901
        },
        "2013-01": {
            "month": "2013-01",
            "price": "10.86",
            "revenue": 13666
        },
        "2013-02": {
            "month": "2013-02",
            "price": "10.56",
            "revenue": 10371
        },
        "2013-03": {
            "month": "2013-03",
            "price": "10.48",
            "revenue": 14122
        },
        "2013-04": {
            "month": "2013-04",
            "price": "10.28",
            "revenue": 12394
        },
        "2013-05": {
            "month": "2013-05",
            "price": "10.11",
            "revenue": 12592
        },
        "2013-06": {
            "month": "2013-06",
            "price": "9.24",
            "revenue": 12740
        },
        "2013-07": {
            "month": "2013-07",
            "price": "8.70",
            "revenue": 11415
        },
        "2013-08": {
            "month": "2013-08",
            "price": "8.52",
            "revenue": 11473
        },
        "2013-09": {
            "month": "2013-09",
            "price": "8.07",
            "revenue": 13571
        },
        "2013-10": {
            "month": "2013-10",
            "price": "7.44",
            "revenue": 17104
        },
        "2013-11": {
            "month": "2013-11",
            "price": "6.76",
            "revenue": 17832
        },
        "2013-12": {
            "month": "2013-12",
            "price": "7.41",
            "revenue": 13886
        },
        "2014-01": {
            "month": "2014-01",
            "price": "8.16",
            "revenue": 13391
        },
        "2014-02": {
            "month": "2014-02",
            "price": "7.92",
            "revenue": 16067
        },
        "2014-03": {
            "month": "2014-03",
            "price": "9.21",
            "revenue": 18089
        },
        "2014-04": {
            "month": "2014-04",
            "price": "9.10",
            "revenue": 20592
        },
        "2014-05": {
            "month": "2014-05",
            "price": "9.51",
            "revenue": 22102
        },
        "2014-06": {
            "month": "2014-06",
            "price": "12.14",
            "revenue": 22095
        },
        "2014-07": {
            "month": "2014-07",
            "price": "12.71",
            "revenue": 17797
        },
        "2014-08": {
            "month": "2014-08",
            "price": "10.77",
            "revenue": 17330
        },
        "2014-09": {
            "month": "2014-09",
            "price": "10.31",
            "revenue": 18838
        },
        "2014-10": {
            "month": "2014-10",
            "price": "9.19",
            "revenue": 22625
        },
        "2014-11": {
            "month": "2014-11",
            "price": "8.92",
            "revenue": 12263
        },
        "2014-12": {
            "month": "2014-12",
            "price": "9.18",
            "revenue": 10115
        },
        "2015-01": {
            "month": "2015-01",
            "price": "9.61",
            "revenue": 10813
        },
        "2015-02": {
            "month": "2015-02",
            "price": "10.52",
            "revenue": 10784
        },
        "2015-03": {
            "month": "2015-03",
            "price": "10.02",
            "revenue": 17851
        },
        "2015-04": {
            "month": "2015-04",
            "price": "9.20",
            "revenue": 13778
        },
        "2015-05": {
            "month": "2015-05",
            "price": "8.62",
            "revenue": 20663
        },
        "2015-06": {
            "month": "2015-06",
            "price": "7.46",
            "revenue": 11660
        },
        "2015-07": {
            "month": "2015-07",
            "price": "7.07",
            "revenue": 14109
        },
        "2015-08": {
            "month": "2015-08",
            "price": "6.77",
            "revenue": 10845
        },
        "2015-09": {
            "month": "2015-09",
            "price": "6.81",
            "revenue": 9925
        },
        "2015-10": {
            "month": "2015-10",
            "price": "7.05",
            "revenue": 11930
        },
        "2015-11": {
            "month": "2015-11",
            "price": "6.86",
            "revenue": 13057
        },
        "2015-12": {
            "month": "2015-12",
            "price": "6.16",
            "revenue": 23613
        },
        "2016-01": {
            "month": "2016-01",
            "price": "5.99",
            "revenue": 15778
        },
        "2016-02": {
            "month": "2016-02",
            "price": "6.17",
            "revenue": 14828
        },
        "2016-03": {
            "month": "2016-03",
            "price": "6.80",
            "revenue": 23847
        },
        "2016-04": {
            "month": "2016-04",
            "price": "6.95",
            "revenue": 13132
        },
        "2016-05": {
            "month": "2016-05",
            "price": "6.30",
            "revenue": 16976
        },
        "2016-06": {
            "month": "2016-06",
            "price": "5.99",
            "revenue": 10303
        },
        "2016-07": {
            "month": "2016-07",
            "price": "5.95",
            "revenue": 14338
        },
        "2016-08": {
            "month": "2016-08",
            "price": "5.45",
            "revenue": 14794
        },
        "2016-09": {
            "month": "2016-09",
            "price": "5.20",
            "revenue": 9287
        },
        "2016-10": {
            "month": "2016-10",
            "price": "5.15",
            "revenue": 11565
        },
        "2016-11": {
            "month": "2016-11",
            "price": "4.76",
            "revenue": 11212
        },
        "2016-12": {
            "month": "2016-12",
            "price": "4.77",
            "revenue": 13747
        },
        "2017-01": {
            "month": "2017-01",
            "price": "4.96",
            "revenue": 11661
        },
        "2017-02": {
            "month": "2017-02",
            "price": "5.16",
            "revenue": 7182
        },
        "2017-03": {
            "month": "2017-03",
            "price": "5.11",
            "revenue": 13698
        },
        "2017-04": {
            "month": "2017-04",
            "price": "4.91",
            "revenue": 12653
        },
        "2017-05": {
            "month": "2017-05",
            "price": "4.41",
            "revenue": 13345
        },
        "2017-06": {
            "month": "2017-06",
            "price": "4.36",
            "revenue": 11354
        },
        "2017-07": {
            "month": "2017-07",
            "price": "4.24",
            "revenue": 12630
        },
        "2017-08": {
            "month": "2017-08",
            "price": "4.15",
            "revenue": 22029
        },
        "2017-09": {
            "month": "2017-09",
            "price": "5.13",
            "revenue": 15858
        },
        "2017-10": {
            "month": "2017-10",
            "price": "5.29",
            "revenue": 19064
        },
        "2017-11": {
            "month": "2017-11",
            "price": "4.96",
            "revenue": 19649
        },
        "2017-12": {
            "month": "2017-12",
            "price": "4.59",
            "revenue": 12906
        },
        "2018-01": {
            "month": "2018-01",
            "price": "4.63",
            "revenue": 10725
        },
        "2018-02": {
            "month": "2018-02",
            "price": "4.58",
            "revenue": 10188
        },
        "2018-03": {
            "month": "2018-03",
            "price": "4.72",
            "revenue": 8298
        },
        "2018-04": {
            "month": "2018-04",
            "price": "5.44",
            "revenue": 10022
        },
        "2018-05": {
            "month": "2018-05",
            "price": "5.01",
            "revenue": 3951
        },
        "2018-06": {
            "month": "2018-06",
            "price": "5.02",
            "revenue": 8691
        },
        "2018-07": {
            "month": "2018-07",
            "price": "5.12",
            "revenue": 7336
        },
        "2018-08": {
            "month": "2018-08",
            "price": "5.17",
            "revenue": 5818
        },
        "2018-09": {
            "month": "2018-09",
            "price": "5.26",
            "revenue": 3520
        },
        "2018-10": {
            "month": "2018-10",
            "price": "4.79",
            "revenue": 6615
        },
        "2018-11": {
            "month": "2018-11",
            "price": "4.39",
            "revenue": 7159
        },
        "2018-12": {
            "month": "2018-12",
            "price": "3.85",
            "revenue": 4657
        },
        "2019-01": {
            "month": "2019-01",
            "price": "4.27",
            "revenue": 6855
        },
        "2019-02": {
            "month": "2019-02",
            "price": "5.35",
            "revenue": 4986
        },
        "2019-03": {
            "month": "2019-03",
            "price": "5.06",
            "revenue": 5898
        },
        "2019-04": {
            "month": "2019-04",
            "price": "4.90",
            "revenue": 3244
        },
        "2019-05": {
            "month": "2019-05",
            "price": "4.77",
            "revenue": 7063
        },
        "2019-06": {
            "month": "2019-06",
            "price": "4.75",
            "revenue": 3345
        },
        "2019-07": {
            "month": "2019-07",
            "price": "4.98",
            "revenue": 4037
        },
        "2019-08": {
            "month": "2019-08",
            "price": "4.89",
            "revenue": 2562
        },
        "2019-09": {
            "month": "2019-09",
            "price": "5.36",
            "revenue": 3412
        },
        "2019-10": {
            "month": "2019-10",
            "price": "5.31",
            "revenue": 2860
        },
        "2019-11": {
            "month": "2019-11",
            "price": "5.57",
            "revenue": 4531
        },
        "2019-12": {
            "month": "2019-12",
            "price": "5.89",
            "revenue": 3126
        },
        "2020-01": {
            "month": "2020-01",
            "price": "5.90",
            "revenue": 1934
        },
        "2020-02": {
            "month": "2020-02",
            "price": "5.88",
            "revenue": 1115
        },
        "2020-03": {
            "month": "2020-03",
            "price": "5.36",
            "revenue": 1111
        },
        "2020-04": {
            "month": "2020-04",
            "price": "3.67",
            "revenue": 1744
        },
        "2020-05": {
            "month": "2020-05",
            "price": "4.21",
            "revenue": 2402
        },
        "2020-06": {
            "month": "2020-06",
            "price": "4.85",
            "revenue": 3110
        },
        "2020-07": {
            "month": "2020-07",
            "price": "5.84",
            "revenue": 2601
        },
        "2020-08": {
            "month": "2020-08",
            "price": "6.00",
            "revenue": 1080
        },
        "2020-09": {
            "month": "2020-09",
            "price": "5.76",
            "revenue": 513
        },
        "2020-10": {
            "month": "2020-10",
            "price": "6.21",
            "revenue": 1084
        },
        "2020-11": {
            "month": "2020-11",
            "price": "6.10",
            "revenue": 1486
        },
        "2020-12": {
            "month": "2020-12",
            "price": "6.27",
            "revenue": 1609
        },
        "2021-01": {
            "month": "2021-01",
            "price": "6.27",
            "revenue": 2733
        },
        "2021-02": {
            "month": "2021-02",
            "price": "6.11",
            "revenue": 1446
        },
        "2021-03": {
            "month": "2021-03",
            "price": "6.65",
            "revenue": 3261
        },
        "2021-04": {
            "month": "2021-04",
            "price": "7.13",
            "revenue": 1677
        },
        "2021-05": {
            "month": "2021-05",
            "price": "5.65",
            "revenue": 408
        },
        "2021-06": {
            "month": "2021-06",
            "price": "6.03",
            "revenue": 1490
        },
        "2021-07": {
            "month": "2021-07",
            "price": "6.18",
            "revenue": 751
        },
        "2021-08": {
            "month": "2021-08",
            "price": "6.09",
            "revenue": 427
        },
        "2021-09": {
            "month": "2021-09",
            "price": "5.68",
            "revenue": 266
        },
        "2021-10": {
            "month": "2021-10",
            "price": "5.11",
            "revenue": 389
        },
        "2021-11": {
            "month": "2021-11",
            "price": "5.19",
            "revenue": 1089
        },
        "2021-12": {
            "month": "2021-12",
            "price": "5.88",
            "revenue": 53
        },
        "2022-01": {
            "month": "2022-01",
            "price": "5.69",
            "revenue": 49
        },
        "2022-02": {
            "month": "2022-02",
            "price": "5.50",
            "revenue": 96
        },
        "2022-03": {
            "month": "2022-03",
            "price": "5.27",
            "revenue": 1129
        },
        "2022-04": {
            "month": "2022-04",
            "price": "4.97",
            "revenue": 1799
        },
        "2022-05": {
            "month": "2022-05",
            "price": "4.55",
            "revenue": 606
        },
        "2022-06": {
            "month": "2022-06",
            "price": "4.43",
            "revenue": 14
        },
        "2022-07": {
            "month": "2022-07",
            "price": "4.18",
            "revenue": 128
        },
        "2022-08": {
            "month": "2022-08",
            "price": "4.16",
            "revenue": 489
        },
        "2022-09": {
            "month": "2022-09",
            "price": "4.28",
            "revenue": 1921
        },
        "2022-10": {
            "month": "2022-10",
            "price": "4.02",
            "revenue": 57
        },
        "2022-11": {
            "month": "2022-11",
            "price": "4.21",
            "revenue": 440
        },
        "2022-12": {
            "month": "2022-12",
            "price": "17.20",
            "revenue": 11678
        },
        "2023-01": {
            "month": "2023-01",
            "price": "16.30",
            "revenue": 95
        },
        "2023-02": {
            "month": "2023-02",
            "price": "17.52",
            "revenue": 4242
        },
        "2023-03": {
            "month": "2023-03",
            "price": "18.96",
            "revenue": 0
        },
        "2023-04": {
            "month": "2023-04",
            "price": "24.96",
            "revenue": 0
        }
    }
}
