{
    "summary": {
        "stock_name": "光聯",
        "stock_id": "5315",
        "category": "光電",
        "main_business": "LCM(Liquid Crystal Module )<br>LCD PANEL(Liquid Crystal Display  Panel)<br>Others",
        "website_url": "http://www.urt.com.tw",
        "ceo": "葉建文",
        "pe_ratio": 22,
        "report_year_from": 2001,
        "report_year_to": 2023,
        "age": 23,
        "eps_negative_percentage": 52,
        "eps_growth_avg": {
            "last_all": -14.33,
            "last_2y": 21.84,
            "last_4y": 2.18,
            "last_8y": 7.09,
            "last_12y": 7.09,
            "last_16y": -4.81,
            "last_20y": -14.33,
            "at_2006_last_3y": -100,
            "at_2007_last_3y": -100,
            "at_2008_last_3y": -100,
            "at_2009_last_3y": -100,
            "at_2010_last_3y": -100,
            "at_2011_last_3y": -100,
            "at_2012_last_3y": null,
            "at_2013_last_3y": null,
            "at_2014_last_3y": null,
            "at_2015_last_3y": null,
            "at_2016_last_3y": 21.41,
            "at_2017_last_3y": -27.1,
            "at_2018_last_3y": 15.27,
            "at_2019_last_3y": -2.76,
            "at_2020_last_3y": -7.55,
            "at_2021_last_3y": 34.41,
            "at_2022_last_3y": 18.8,
            "at_2023_last_3y": 16.95,
            "at_2024_last_3y": 16.95,
            "at_2006_last_all": -100,
            "at_2007_last_all": -100,
            "at_2008_last_all": -100,
            "at_2009_last_all": -100,
            "at_2010_last_all": -100,
            "at_2011_last_all": -100,
            "at_2012_last_all": -100,
            "at_2013_last_all": -100,
            "at_2014_last_all": -100,
            "at_2015_last_all": -100,
            "at_2016_last_all": -59.53,
            "at_2017_last_all": -63.55,
            "at_2018_last_all": -30.84,
            "at_2019_last_all": -35.18,
            "at_2020_last_all": -29.83,
            "at_2021_last_all": -14.57,
            "at_2022_last_all": -8.78,
            "at_2023_last_all": -14.33,
            "at_2024_last_all": -14.33
        },
        "latest_eps": 0.85,
        "latest_price": 18.5,
        "latest_roe": 5.72,
        "latest_gross_margin": 15.07,
        "latest_equity": 1556206,
        "latest_revenue": 287751,
        "latest_gross_profit": 43364,
        "latest_net_income": -8549,
        "latest_debt_ratio": 17.61,
        "latest_current_ratio": 559.86,
        "latest_account_receivable_turnover_ratio": 1.19,
        "latest_inventory_turnover_ratio": 1.03,
        "latest_reinvestment_rate": 8.78,
        "latest_research_to_sale_ratio": 2.61
    },
    "eps_dividends": {
        "1995": {
            "cash": 0,
            "stock": 1.5,
            "eps": 0
        },
        "1996": {
            "cash": 0,
            "stock": 2.3,
            "eps": 0
        },
        "1997": {
            "cash": 0,
            "stock": 1.8,
            "eps": 0
        },
        "1998": {
            "cash": 0,
            "stock": 3,
            "eps": 0
        },
        "1999": {
            "cash": 2.6,
            "stock": 2.6,
            "eps": 0
        },
        "2000": {
            "cash": 1,
            "stock": 1,
            "eps": 0
        },
        "2001": {
            "cash": 0,
            "stock": 0,
            "eps": -0.69
        },
        "2002": {
            "cash": 0,
            "stock": 0,
            "eps": -1.01
        },
        "2003": {
            "cash": 0,
            "stock": 0,
            "eps": -0.8
        },
        "2004": {
            "cash": 0,
            "stock": 0,
            "eps": 0.65
        },
        "2005": {
            "cash": 0,
            "stock": 0.2,
            "eps": -0.32
        },
        "2006": {
            "cash": 0,
            "stock": 0,
            "eps": -1.27
        },
        "2007": {
            "cash": 0,
            "stock": 0,
            "eps": 0.01
        },
        "2008": {
            "cash": 0,
            "stock": 0,
            "eps": -1.76
        },
        "2009": {
            "cash": 0,
            "stock": 0,
            "eps": -1.11
        },
        "2010": {
            "cash": 0,
            "stock": 0,
            "eps": -1.24
        },
        "2011": {
            "cash": 0,
            "stock": 0,
            "eps": -1.55
        },
        "2012": {
            "cash": 0,
            "stock": 0,
            "eps": -1.22
        },
        "2013": {
            "cash": 0,
            "stock": 0,
            "eps": -0.72
        },
        "2014": {
            "cash": 0,
            "stock": 0,
            "eps": -0.35
        },
        "2015": {
            "cash": 0,
            "stock": 0,
            "eps": 3.41
        },
        "2016": {
            "cash": 0,
            "stock": 0,
            "eps": 4.14
        },
        "2017": {
            "cash": 2.5,
            "stock": 0,
            "eps": 1.01
        },
        "2018": {
            "cash": 1,
            "stock": 0,
            "eps": 2.04
        },
        "2019": {
            "cash": 1.5,
            "stock": 0,
            "eps": 0.88
        },
        "2020": {
            "cash": 0.8,
            "stock": 0,
            "eps": 0.9
        },
        "2021": {
            "cash": 0.85,
            "stock": 0,
            "eps": 1.73
        },
        "2022": {
            "cash": 1.3,
            "stock": 0,
            "eps": 2.38
        },
        "2023": {
            "cash": 1.8,
            "stock": 0,
            "eps": 0.85
        },
        "2024": {
            "cash": 0.8,
            "stock": 0,
            "eps": 0
        }
    },
    "dividends": {
        "1995-04-08": {
            "cash": 0,
            "stock": 1.5
        },
        "1996-03-15": {
            "cash": 0,
            "stock": 2.3
        },
        "1997-05-17": {
            "cash": 0,
            "stock": 1.8
        },
        "1998-05-06": {
            "cash": 0,
            "stock": 3
        },
        "1999-05-25": {
            "cash": 2.6,
            "stock": 2.6
        },
        "2000-06-21": {
            "cash": 1,
            "stock": 1
        },
        "2005-03-08": {
            "cash": 0,
            "stock": 0.2
        },
        "2017-08-09": {
            "cash": 2.5,
            "stock": 0
        },
        "2018-08-09": {
            "cash": 1,
            "stock": 0
        },
        "2019-08-05": {
            "cash": 1.5,
            "stock": 0
        },
        "2020-07-30": {
            "cash": 0.8,
            "stock": 0
        },
        "2021-07-30": {
            "cash": 0.85,
            "stock": 0
        },
        "2022-07-29": {
            "cash": 1.3,
            "stock": 0
        },
        "2023-07-28": {
            "cash": 1.8,
            "stock": 0
        },
        "2024-02-23": {
            "cash": 0.8,
            "stock": 0
        }
    },
    "prices": {
        "200101": "9.09",
        "200102": "12.22",
        "200103": "12.25",
        "200104": "12.38",
        "200105": "9.25",
        "200106": "8.68",
        "200107": "6.38",
        "200108": "6.38",
        "200109": "5.72",
        "200110": "5.59",
        "200111": "7.37",
        "200112": "12.23",
        "200201": "15.99",
        "200202": "18.58",
        "200203": "17.60",
        "200204": "17.98",
        "200205": "14.96",
        "200206": "13.87",
        "200207": "11.42",
        "200208": "10.76",
        "200209": "10.44",
        "200210": "9.18",
        "200211": "8.45",
        "200212": "10.03",
        "200301": "12.44",
        "200302": "14.11",
        "200303": "12.49",
        "200304": "11.77",
        "200305": "9.60",
        "200306": "12.25",
        "200307": "12.68",
        "200308": "10.71",
        "200309": "9.50",
        "200310": "9.52",
        "200311": "10.23",
        "200312": "12.30",
        "200401": "14.27",
        "200402": "14.50",
        "200403": "15.98",
        "200404": "19.22",
        "200405": "16.92",
        "200406": "15.99",
        "200407": "15.79",
        "200408": "16.98",
        "200409": "17.41",
        "200410": "15.09",
        "200411": "12.70",
        "200412": "13.10",
        "200501": "12.37",
        "200502": "12.72",
        "200503": "13.57",
        "200504": "13.92",
        "200505": "11.24",
        "200506": "11.58",
        "200507": "12.20",
        "200508": "9.85",
        "200509": "8.85",
        "200510": "8.00",
        "200511": "9.12",
        "200512": "12.88",
        "200601": "15.96",
        "200602": "13.54",
        "200603": "9.57",
        "200604": "10.80",
        "200605": "10.78",
        "200606": "9.33",
        "200607": "8.92",
        "200608": "8.39",
        "200609": "7.02",
        "200610": "7.71",
        "200611": "7.92",
        "200612": "8.21",
        "200701": "7.83",
        "200702": "7.47",
        "200703": "7.36",
        "200704": "8.14",
        "200705": "8.03",
        "200706": "8.96",
        "200707": "11.68",
        "200708": "10.15",
        "200709": "9.46",
        "200710": "9.22",
        "200711": "8.92",
        "200712": "7.81",
        "200801": "7.11",
        "200802": "6.53",
        "200803": "7.09",
        "200804": "7.34",
        "200805": "6.92",
        "200806": "6.46",
        "200807": "4.41",
        "200808": "4.17",
        "200809": "3.16",
        "200810": "2.42",
        "200811": "1.92",
        "200812": "1.86",
        "200901": "1.92",
        "200902": "2.04",
        "200903": "3.08",
        "200904": "3.90",
        "200905": "4.00",
        "200906": "3.68",
        "200907": "4.65",
        "200908": "4.81",
        "200909": "5.24",
        "200910": "5.64",
        "200911": "5.34",
        "200912": "7.29",
        "201001": "7.24",
        "201002": "6.33",
        "201003": "6.45",
        "201004": "6.77",
        "201005": "5.85",
        "201006": "5.63",
        "201007": "5.87",
        "201008": "5.89",
        "201009": "9.57",
        "201010": "9.36",
        "201011": "8.01",
        "201012": "8.52",
        "201101": "9.09",
        "201102": "9.04",
        "201103": "8.60",
        "201104": "8.05",
        "201105": "6.85",
        "201106": "6.36",
        "201107": "6.63",
        "201108": "5.83",
        "201109": "4.87",
        "201110": "4.32",
        "201111": "3.36",
        "201112": "3.07",
        "201201": "3.31",
        "201202": "4.11",
        "201203": "4.65",
        "201204": "4.76",
        "201205": "4.47",
        "201206": "3.82",
        "201207": "3.61",
        "201208": "3.24",
        "201209": "3.22",
        "201210": "2.87",
        "201211": "2.60",
        "201212": "2.95",
        "201301": "3.04",
        "201302": "2.91",
        "201303": "2.95",
        "201304": "2.92",
        "201305": "3.36",
        "201306": "3.98",
        "201307": "3.47",
        "201308": "3.11",
        "201309": "3.49",
        "201310": "3.81",
        "201311": "3.77",
        "201312": "3.91",
        "201401": "4.98",
        "201402": "6.73",
        "201403": "6.56",
        "201404": "5.26",
        "201405": "4.42",
        "201406": "4.25",
        "201407": "4.18",
        "201408": "4.98",
        "201409": "5.31",
        "201410": "5.36",
        "201411": "6.68",
        "201412": "7.16",
        "201501": "7.98",
        "201502": "8.83",
        "201503": "9.94",
        "201504": "15.46",
        "201505": "15.66",
        "201506": "13.65",
        "201507": "14.89",
        "201508": "14.76",
        "201509": "14.97",
        "201510": "22.02",
        "201511": "24.19",
        "201512": "22.03",
        "201601": "22.15",
        "201602": "25.63",
        "201603": "31.40",
        "201604": "30.31",
        "201605": "29.19",
        "201606": "31.21",
        "201607": "31.64",
        "201608": "34.67",
        "201609": "29.97",
        "201610": "27.21",
        "201611": "26.54",
        "201612": "26.13",
        "201701": "27.26",
        "201702": "27.61",
        "201703": "28.15",
        "201704": "25.24",
        "201705": "22.72",
        "201706": "23.89",
        "201707": "21.50",
        "201708": "19.17",
        "201709": "18.36",
        "201710": "16.39",
        "201711": "15.90",
        "201712": "16.35",
        "201801": "18.83",
        "201802": "17.70",
        "201803": "18.04",
        "201804": "17.31",
        "201805": "16.94",
        "201806": "17.60",
        "201807": "16.96",
        "201808": "18.08",
        "201809": "18.07",
        "201810": "15.73",
        "201811": "15.81",
        "201812": "16.92",
        "201901": "18.50",
        "201902": "18.97",
        "201903": "20.56",
        "201904": "23.08",
        "201905": "20.13",
        "201906": "19.33",
        "201907": "18.72",
        "201908": "17.24",
        "201909": "17.34",
        "201910": "17.74",
        "201911": "17.45",
        "201912": "17.19",
        "202001": "17.02",
        "202002": "14.66",
        "202003": "12.80",
        "202004": "12.39",
        "202005": "13.44",
        "202006": "14.06",
        "202007": "13.47",
        "202008": "13.38",
        "202009": "14.01",
        "202010": "14.26",
        "202011": "14.25",
        "202012": "16.05",
        "202101": "15.45",
        "202102": "15.80",
        "202103": "16.70",
        "202104": "19.60",
        "202105": "18.09",
        "202106": "19.15",
        "202107": "18.98",
        "202108": "17.13",
        "202109": "15.42",
        "202110": "15.06",
        "202111": "17.04",
        "202112": "18.25",
        "202201": "17.76",
        "202202": "17.80",
        "202203": "18.20",
        "202204": "17.63",
        "202205": "17.72",
        "202206": "17.70",
        "202207": "15.45",
        "202208": "16.83",
        "202209": "16.47",
        "202210": "15.93",
        "202211": "17.60",
        "202212": "18.31",
        "202301": "18.37",
        "202302": "20.20",
        "202303": "23.36",
        "202304": "23.14",
        "202305": "21.80",
        "202306": "22.12",
        "202307": "19.95",
        "202308": "18.78",
        "202309": "18.88",
        "202310": "18.05",
        "202311": "18.04",
        "202312": "18.19"
    },
    "quarters": {
        "20011": {
            "year_quarter": 20011,
            "year": 2001,
            "quarter": 1,
            "eps": -0.16,
            "eps_growth_year": -206.67,
            "eps_4q": -0.93,
            "eps_4q_growth_year": null,
            "roe": -1.28,
            "roe_4q": -1.28,
            "gross_profit": -5851,
            "gross_margin": -1.85,
            "gross_margin_4q_avg": -1.85,
            "net_income": -24104,
            "net_income_4q": null,
            "revenue": 316638,
            "revenue_4q": null,
            "common_shares": 1484703,
            "book_valuer_per_share": 12.58,
            "book_valuer_per_share_4q_avg": 12.58,
            "equity": 1867016,
            "current_ratio": 469.44,
            "debt_ratio": 36.61,
            "inventory_turnover_ratio": 0.37,
            "account_receivable_turnover_ratio": null,
            "reinvestment_rate": null,
            "research_to_sale_ratio": null,
            "price_fair": 0,
            "eps_avg_yearly": 0,
            "eps_latest_yearly": 0,
            "eps_growth_yearly": 0
        },
        "20012": {
            "year_quarter": 20012,
            "year": 2001,
            "quarter": 2,
            "eps": -0.59,
            "eps_growth_year": null,
            "eps_4q": -1.48,
            "eps_4q_growth_year": null,
            "roe": -4.79,
            "roe_4q": -6.07,
            "gross_profit": -2588,
            "gross_margin": -0.72,
            "gross_margin_4q_avg": -1.29,
            "net_income": -87435,
            "net_income_4q": null,
            "revenue": 361444,
            "revenue_4q": null,
            "common_shares": 1484703,
            "book_valuer_per_share": 12.01,
            "book_valuer_per_share_4q_avg": 12.3,
            "equity": 1782472,
            "current_ratio": 269.45,
            "debt_ratio": 41.46,
            "inventory_turnover_ratio": 0.49,
            "account_receivable_turnover_ratio": null,
            "reinvestment_rate": null,
            "research_to_sale_ratio": null,
            "price_fair": 0,
            "eps_avg_yearly": 0,
            "eps_latest_yearly": 0,
            "eps_growth_yearly": 0
        },
        "20013": {
            "year_quarter": 20013,
            "year": 2001,
            "quarter": 3,
            "eps": -0.44,
            "eps_growth_year": null,
            "eps_4q": -1.68,
            "eps_4q_growth_year": null,
            "roe": -3.76,
            "roe_4q": -9.83,
            "gross_profit": 37109,
            "gross_margin": 8.4,
            "gross_margin_4q_avg": 1.94,
            "net_income": -65670,
            "net_income_4q": null,
            "revenue": 441865,
            "revenue_4q": null,
            "common_shares": 1484703,
            "book_valuer_per_share": 11.55,
            "book_valuer_per_share_4q_avg": 12.05,
            "equity": 1714408,
            "current_ratio": 260.72,
            "debt_ratio": 42.32,
            "inventory_turnover_ratio": 0.63,
            "account_receivable_turnover_ratio": null,
            "reinvestment_rate": null,
            "research_to_sale_ratio": null,
            "price_fair": 0,
            "eps_avg_yearly": 0,
            "eps_latest_yearly": 0,
            "eps_growth_yearly": 0
        },
        "20014": {
            "year_quarter": 20014,
            "year": 2001,
            "quarter": 4,
            "eps": 0.5,
            "eps_growth_year": null,
            "eps_4q": -0.69,
            "eps_4q_growth_year": null,
            "roe": 4.24,
            "roe_4q": -5.59,
            "gross_profit": 63621,
            "gross_margin": 13.64,
            "gross_margin_4q_avg": 4.87,
            "net_income": 74345,
            "net_income_4q": null,
            "revenue": 466419,
            "revenue_4q": null,
            "common_shares": 1484703,
            "book_valuer_per_share": 12.08,
            "book_valuer_per_share_4q_avg": 12.06,
            "equity": 1792831,
            "current_ratio": 214.88,
            "debt_ratio": 43.6,
            "inventory_turnover_ratio": 0.7,
            "account_receivable_turnover_ratio": null,
            "reinvestment_rate": null,
            "research_to_sale_ratio": null,
            "price_fair": 0,
            "eps_avg_yearly": 0,
            "eps_latest_yearly": 0,
            "eps_growth_yearly": 0
        },
        "20021": {
            "year_quarter": 20021,
            "year": 2002,
            "quarter": 1,
            "eps": 0.18,
            "eps_growth_year": null,
            "eps_4q": -0.35,
            "eps_4q_growth_year": null,
            "roe": 1.49,
            "roe_4q": -2.8199999999999994,
            "gross_profit": 11417,
            "gross_margin": 3.87,
            "gross_margin_4q_avg": 6.3,
            "net_income": 26764,
            "net_income_4q": null,
            "revenue": 295383,
            "revenue_4q": null,
            "common_shares": 1484703,
            "book_valuer_per_share": 12.14,
            "book_valuer_per_share_4q_avg": 11.95,
            "equity": 1802811,
            "current_ratio": 208.64,
            "debt_ratio": 42.85,
            "inventory_turnover_ratio": 0.52,
            "account_receivable_turnover_ratio": null,
            "reinvestment_rate": null,
            "research_to_sale_ratio": null,
            "price_fair": 2.16,
            "eps_avg_yearly": 0.72,
            "eps_latest_yearly": 0.72,
            "eps_growth_yearly": -256
        },
        "20022": {
            "year_quarter": 20022,
            "year": 2002,
            "quarter": 2,
            "eps": -0.44,
            "eps_growth_year": null,
            "eps_4q": -0.19,
            "eps_4q_growth_year": null,
            "roe": -3.57,
            "roe_4q": -1.5999999999999996,
            "gross_profit": 12509,
            "gross_margin": 4.28,
            "gross_margin_4q_avg": 7.55,
            "net_income": -64273,
            "net_income_4q": null,
            "revenue": 292048,
            "revenue_4q": null,
            "common_shares": 1484703,
            "book_valuer_per_share": 12.09,
            "book_valuer_per_share_4q_avg": 11.97,
            "equity": 1795033,
            "current_ratio": 216.34,
            "debt_ratio": 42.39,
            "inventory_turnover_ratio": 0.56,
            "account_receivable_turnover_ratio": null,
            "reinvestment_rate": null,
            "research_to_sale_ratio": null,
            "price_fair": 2.16,
            "eps_avg_yearly": 0.72,
            "eps_latest_yearly": 0.72,
            "eps_growth_yearly": -256
        },
        "20023": {
            "year_quarter": 20023,
            "year": 2002,
            "quarter": 3,
            "eps": -0.51,
            "eps_growth_year": null,
            "eps_4q": -0.23,
            "eps_4q_growth_year": null,
            "roe": -4.1,
            "roe_4q": -1.9399999999999995,
            "gross_profit": -13794,
            "gross_margin": -5.39,
            "gross_margin_4q_avg": 4.1,
            "net_income": -80275,
            "net_income_4q": null,
            "revenue": 256061,
            "revenue_4q": null,
            "common_shares": 1884703,
            "book_valuer_per_share": 11.24,
            "book_valuer_per_share_4q_avg": 11.89,
            "equity": 2118553,
            "current_ratio": 168.12,
            "debt_ratio": 33.16,
            "inventory_turnover_ratio": 0.57,
            "account_receivable_turnover_ratio": null,
            "reinvestment_rate": null,
            "research_to_sale_ratio": null,
            "price_fair": 2.16,
            "eps_avg_yearly": 0.72,
            "eps_latest_yearly": 0.72,
            "eps_growth_yearly": -256
        },
        "20024": {
            "year_quarter": 20024,
            "year": 2002,
            "quarter": 4,
            "eps": -0.24,
            "eps_growth_year": -148,
            "eps_4q": -0.96,
            "eps_4q_growth_year": null,
            "roe": -1.89,
            "roe_4q": -8.069999999999999,
            "gross_profit": 15902,
            "gross_margin": 5.04,
            "gross_margin_4q_avg": 1.95,
            "net_income": -39593,
            "net_income_4q": null,
            "revenue": 315275,
            "revenue_4q": null,
            "common_shares": 1884703,
            "book_valuer_per_share": 11.03,
            "book_valuer_per_share_4q_avg": 11.63,
            "equity": 2078733,
            "current_ratio": 165.52,
            "debt_ratio": 35.01,
            "inventory_turnover_ratio": 0.6,
            "account_receivable_turnover_ratio": null,
            "reinvestment_rate": null,
            "research_to_sale_ratio": null,
            "price_fair": 2.16,
            "eps_avg_yearly": 0.72,
            "eps_latest_yearly": 0.72,
            "eps_growth_yearly": -256
        },
        "20031": {
            "year_quarter": 20031,
            "year": 2003,
            "quarter": 1,
            "eps": -0.29,
            "eps_growth_year": -261.11,
            "eps_4q": -1.25,
            "eps_4q_growth_year": null,
            "roe": -2.7,
            "roe_4q": -12.26,
            "gross_profit": -4240,
            "gross_margin": -1.42,
            "gross_margin_4q_avg": 0.63,
            "net_income": -55414,
            "net_income_4q": null,
            "revenue": 299091,
            "revenue_4q": null,
            "common_shares": 1884703,
            "book_valuer_per_share": 10.73,
            "book_valuer_per_share_4q_avg": 11.27,
            "equity": 2022795,
            "current_ratio": 164.83,
            "debt_ratio": 35.54,
            "inventory_turnover_ratio": 0.56,
            "account_receivable_turnover_ratio": null,
            "reinvestment_rate": null,
            "research_to_sale_ratio": null,
            "price_fair": 2.16,
            "eps_avg_yearly": 0.72,
            "eps_latest_yearly": 0.72,
            "eps_growth_yearly": -256
        },
        "20032": {
            "year_quarter": 20032,
            "year": 2003,
            "quarter": 2,
            "eps": -0.06,
            "eps_growth_year": null,
            "eps_4q": -0.99,
            "eps_4q_growth_year": null,
            "roe": -0.53,
            "roe_4q": -9.219999999999999,
            "gross_profit": 42094,
            "gross_margin": 11.08,
            "gross_margin_4q_avg": 2.33,
            "net_income": -10707,
            "net_income_4q": null,
            "revenue": 379991,
            "revenue_4q": null,
            "common_shares": 1884703,
            "book_valuer_per_share": 10.68,
            "book_valuer_per_share_4q_avg": 10.92,
            "equity": 2011977,
            "current_ratio": 202.73,
            "debt_ratio": 41.05,
            "inventory_turnover_ratio": 0.6,
            "account_receivable_turnover_ratio": null,
            "reinvestment_rate": null,
            "research_to_sale_ratio": null,
            "price_fair": 2.16,
            "eps_avg_yearly": 0.72,
            "eps_latest_yearly": 0.72,
            "eps_growth_yearly": -256
        },
        "20033": {
            "year_quarter": 20033,
            "year": 2003,
            "quarter": 3,
            "eps": -0.14,
            "eps_growth_year": null,
            "eps_4q": -0.64,
            "eps_4q_growth_year": null,
            "roe": -1.29,
            "roe_4q": -6.41,
            "gross_profit": 3957,
            "gross_margin": 1.13,
            "gross_margin_4q_avg": 3.96,
            "net_income": -27361,
            "net_income_4q": null,
            "revenue": 351299,
            "revenue_4q": null,
            "common_shares": 2090136,
            "book_valuer_per_share": 10.66,
            "book_valuer_per_share_4q_avg": 10.78,
            "equity": 2227882,
            "current_ratio": 274.25,
            "debt_ratio": 29.92,
            "inventory_turnover_ratio": 0.58,
            "account_receivable_turnover_ratio": null,
            "reinvestment_rate": null,
            "research_to_sale_ratio": null,
            "price_fair": 2.16,
            "eps_avg_yearly": 0.72,
            "eps_latest_yearly": 0.72,
            "eps_growth_yearly": -256
        },
        "20034": {
            "year_quarter": 20034,
            "year": 2003,
            "quarter": 4,
            "eps": -0.31,
            "eps_growth_year": null,
            "eps_4q": -0.79,
            "eps_4q_growth_year": null,
            "roe": -2.78,
            "roe_4q": -7.300000000000001,
            "gross_profit": 10640,
            "gross_margin": 2.41,
            "gross_margin_4q_avg": 3.3,
            "net_income": -61025,
            "net_income_4q": null,
            "revenue": 440769,
            "revenue_4q": null,
            "common_shares": 2090136,
            "book_valuer_per_share": 10.37,
            "book_valuer_per_share_4q_avg": 10.61,
            "equity": 2167920,
            "current_ratio": 223.86,
            "debt_ratio": 36.12,
            "inventory_turnover_ratio": 0.62,
            "account_receivable_turnover_ratio": null,
            "reinvestment_rate": null,
            "research_to_sale_ratio": null,
            "price_fair": 2.16,
            "eps_avg_yearly": 0.72,
            "eps_latest_yearly": 0.72,
            "eps_growth_yearly": -256
        },
        "20041": {
            "year_quarter": 20041,
            "year": 2004,
            "quarter": 1,
            "eps": 0.01,
            "eps_growth_year": null,
            "eps_4q": -0.38,
            "eps_4q_growth_year": null,
            "roe": 0.12,
            "roe_4q": -4.4799999999999995,
            "gross_profit": 52990,
            "gross_margin": 9.09,
            "gross_margin_4q_avg": 5.93,
            "net_income": 2530,
            "net_income_4q": null,
            "revenue": 582979,
            "revenue_4q": null,
            "common_shares": 2090136,
            "book_valuer_per_share": 10.39,
            "book_valuer_per_share_4q_avg": 10.53,
            "equity": 2171027,
            "current_ratio": 255.82,
            "debt_ratio": 34.99,
            "inventory_turnover_ratio": 0.71,
            "account_receivable_turnover_ratio": null,
            "reinvestment_rate": null,
            "research_to_sale_ratio": null,
            "price_fair": 2.16,
            "eps_avg_yearly": 0.72,
            "eps_latest_yearly": 0.72,
            "eps_growth_yearly": -256
        },
        "20042": {
            "year_quarter": 20042,
            "year": 2004,
            "quarter": 2,
            "eps": 0.24,
            "eps_growth_year": null,
            "eps_4q": -0.18,
            "eps_4q_growth_year": null,
            "roe": 2.22,
            "roe_4q": -1.7299999999999995,
            "gross_profit": 118953,
            "gross_margin": 14.35,
            "gross_margin_4q_avg": 6.75,
            "net_income": 48692,
            "net_income_4q": null,
            "revenue": 828896,
            "revenue_4q": null,
            "common_shares": 2090136,
            "book_valuer_per_share": 10.62,
            "book_valuer_per_share_4q_avg": 10.51,
            "equity": 2220500,
            "current_ratio": 220.61,
            "debt_ratio": 37.08,
            "inventory_turnover_ratio": 0.97,
            "account_receivable_turnover_ratio": null,
            "reinvestment_rate": null,
            "research_to_sale_ratio": null,
            "price_fair": 29.4,
            "eps_avg_yearly": 0.84,
            "eps_latest_yearly": 0.96,
            "eps_growth_yearly": 4472
        },
        "20043": {
            "year_quarter": 20043,
            "year": 2004,
            "quarter": 3,
            "eps": 0.4,
            "eps_growth_year": null,
            "eps_4q": 0.35,
            "eps_4q_growth_year": null,
            "roe": 3.7,
            "roe_4q": 3.2600000000000002,
            "gross_profit": 136822,
            "gross_margin": 14.52,
            "gross_margin_4q_avg": 10.09,
            "net_income": 83712,
            "net_income_4q": null,
            "revenue": 942627,
            "revenue_4q": null,
            "common_shares": 2090136,
            "book_valuer_per_share": 11.03,
            "book_valuer_per_share_4q_avg": 10.6,
            "equity": 2304466,
            "current_ratio": 218.3,
            "debt_ratio": 47.51,
            "inventory_turnover_ratio": 1.08,
            "account_receivable_turnover_ratio": null,
            "reinvestment_rate": null,
            "research_to_sale_ratio": null,
            "price_fair": 38.27,
            "eps_avg_yearly": 1.09,
            "eps_latest_yearly": 1.6,
            "eps_growth_yearly": 3070.22
        },
        "20044": {
            "year_quarter": 20044,
            "year": 2004,
            "quarter": 4,
            "eps": 0,
            "eps_growth_year": null,
            "eps_4q": 0.65,
            "eps_4q_growth_year": null,
            "roe": 0.02,
            "roe_4q": 6.0600000000000005,
            "gross_profit": 154219,
            "gross_margin": 17.16,
            "gross_margin_4q_avg": 13.78,
            "net_income": 469,
            "net_income_4q": null,
            "revenue": 898779,
            "revenue_4q": null,
            "common_shares": 2091327,
            "book_valuer_per_share": 10.97,
            "book_valuer_per_share_4q_avg": 10.75,
            "equity": 2293768,
            "current_ratio": 220.18,
            "debt_ratio": 46.51,
            "inventory_turnover_ratio": 1,
            "account_receivable_turnover_ratio": null,
            "reinvestment_rate": null,
            "research_to_sale_ratio": null,
            "price_fair": 38.27,
            "eps_avg_yearly": 1.09,
            "eps_latest_yearly": 1.6,
            "eps_growth_yearly": 3070.22
        },
        "20051": {
            "year_quarter": 20051,
            "year": 2005,
            "quarter": 1,
            "eps": 0.02,
            "eps_growth_year": 100,
            "eps_4q": 0.79,
            "eps_4q_growth_year": null,
            "roe": 0.15,
            "roe_4q": 6.09,
            "gross_profit": 76264,
            "gross_margin": 12.03,
            "gross_margin_4q_avg": 14.52,
            "net_income": 3431,
            "net_income_4q": null,
            "revenue": 633916,
            "revenue_4q": null,
            "common_shares": 2091327,
            "book_valuer_per_share": 10.96,
            "book_valuer_per_share_4q_avg": 10.9,
            "equity": 2292597,
            "current_ratio": 269.87,
            "debt_ratio": 42.77,
            "inventory_turnover_ratio": 0.79,
            "account_receivable_turnover_ratio": null,
            "reinvestment_rate": null,
            "research_to_sale_ratio": null,
            "price_fair": 38.27,
            "eps_avg_yearly": 1.09,
            "eps_latest_yearly": 1.6,
            "eps_growth_yearly": 3070.22
        },
        "20052": {
            "year_quarter": 20052,
            "year": 2005,
            "quarter": 2,
            "eps": -0.07,
            "eps_growth_year": -129.17,
            "eps_4q": 0.35,
            "eps_4q_growth_year": null,
            "roe": -0.61,
            "roe_4q": 3.2600000000000002,
            "gross_profit": 78457,
            "gross_margin": 13.39,
            "gross_margin_4q_avg": 14.28,
            "net_income": -14000,
            "net_income_4q": null,
            "revenue": 586114,
            "revenue_4q": null,
            "common_shares": 2091327,
            "book_valuer_per_share": 10.89,
            "book_valuer_per_share_4q_avg": 10.96,
            "equity": 2278470,
            "current_ratio": 250.55,
            "debt_ratio": 43.12,
            "inventory_turnover_ratio": 0.79,
            "account_receivable_turnover_ratio": null,
            "reinvestment_rate": null,
            "research_to_sale_ratio": null,
            "price_fair": 38.27,
            "eps_avg_yearly": 1.09,
            "eps_latest_yearly": 1.6,
            "eps_growth_yearly": 3070.22
        },
        "20053": {
            "year_quarter": 20053,
            "year": 2005,
            "quarter": 3,
            "eps": 0.1,
            "eps_growth_year": -75,
            "eps_4q": 0.05,
            "eps_4q_growth_year": -85.16,
            "roe": 0.93,
            "roe_4q": 0.4900000000000001,
            "gross_profit": 63000,
            "gross_margin": 9.97,
            "gross_margin_4q_avg": 13.14,
            "net_income": 21226,
            "net_income_4q": null,
            "revenue": 631771,
            "revenue_4q": null,
            "common_shares": 2132913,
            "book_valuer_per_share": 10.73,
            "book_valuer_per_share_4q_avg": 10.89,
            "equity": 2287863,
            "current_ratio": 165.77,
            "debt_ratio": 42.74,
            "inventory_turnover_ratio": 0.97,
            "account_receivable_turnover_ratio": null,
            "reinvestment_rate": null,
            "research_to_sale_ratio": null,
            "price_fair": 38.27,
            "eps_avg_yearly": 1.09,
            "eps_latest_yearly": 1.6,
            "eps_growth_yearly": 3070.22
        },
        "20054": {
            "year_quarter": 20054,
            "year": 2005,
            "quarter": 4,
            "eps": -0.37,
            "eps_growth_year": null,
            "eps_4q": -0.32,
            "eps_4q_growth_year": -149.23,
            "roe": -3.47,
            "roe_4q": -3,
            "gross_profit": 67055,
            "gross_margin": 10.62,
            "gross_margin_4q_avg": 11.5,
            "net_income": -78057,
            "net_income_4q": null,
            "revenue": 631227,
            "revenue_4q": null,
            "common_shares": 2132913,
            "book_valuer_per_share": 10.35,
            "book_valuer_per_share_4q_avg": 10.73,
            "equity": 2207391,
            "current_ratio": 153.85,
            "debt_ratio": 44.81,
            "inventory_turnover_ratio": 0.95,
            "account_receivable_turnover_ratio": null,
            "reinvestment_rate": null,
            "research_to_sale_ratio": null,
            "price_fair": 38.27,
            "eps_avg_yearly": 1.09,
            "eps_latest_yearly": 1.6,
            "eps_growth_yearly": 3070.22
        },
        "20061": {
            "year_quarter": 20061,
            "year": 2006,
            "quarter": 1,
            "eps": -0.3,
            "eps_growth_year": -1600,
            "eps_4q": -0.61,
            "eps_4q_growth_year": -176.28,
            "roe": -2.95,
            "roe_4q": -6.1000000000000005,
            "gross_profit": -32698,
            "gross_margin": -5.71,
            "gross_margin_4q_avg": 7.07,
            "net_income": -69431,
            "net_income_4q": null,
            "revenue": 572552,
            "revenue_4q": null,
            "common_shares": 2400033,
            "book_valuer_per_share": 10.4,
            "book_valuer_per_share_4q_avg": 10.59,
            "equity": 2495349,
            "current_ratio": 206.46,
            "debt_ratio": 34.84,
            "inventory_turnover_ratio": 0.96,
            "account_receivable_turnover_ratio": null,
            "reinvestment_rate": null,
            "research_to_sale_ratio": null,
            "price_fair": 44.8,
            "eps_avg_yearly": 1.28,
            "eps_latest_yearly": 1.6,
            "eps_growth_yearly": 4733.33
        },
        "20062": {
            "year_quarter": 20062,
            "year": 2006,
            "quarter": 2,
            "eps": -0.57,
            "eps_growth_year": null,
            "eps_4q": -1.08,
            "eps_4q_growth_year": -407.79,
            "roe": -5.52,
            "roe_4q": -11.01,
            "gross_profit": 43131,
            "gross_margin": 6.53,
            "gross_margin_4q_avg": 5.35,
            "net_income": -133756,
            "net_income_4q": null,
            "revenue": 660141,
            "revenue_4q": null,
            "common_shares": 2400033,
            "book_valuer_per_share": 9.81,
            "book_valuer_per_share_4q_avg": 10.32,
            "equity": 2354315,
            "current_ratio": 198.76,
            "debt_ratio": 35.86,
            "inventory_turnover_ratio": 1,
            "account_receivable_turnover_ratio": null,
            "reinvestment_rate": null,
            "research_to_sale_ratio": null,
            "price_fair": 44.8,
            "eps_avg_yearly": 1.28,
            "eps_latest_yearly": 1.6,
            "eps_growth_yearly": 4733.33
        },
        "20063": {
            "year_quarter": 20063,
            "year": 2006,
            "quarter": 3,
            "eps": -0.19,
            "eps_growth_year": -290,
            "eps_4q": -1.36,
            "eps_4q_growth_year": -2695.54,
            "roe": -1.94,
            "roe_4q": -13.88,
            "gross_profit": 34507,
            "gross_margin": 5.43,
            "gross_margin_4q_avg": 4.22,
            "net_income": -45281,
            "net_income_4q": null,
            "revenue": 635873,
            "revenue_4q": null,
            "common_shares": 2400033,
            "book_valuer_per_share": 9.62,
            "book_valuer_per_share_4q_avg": 10.05,
            "equity": 2308358,
            "current_ratio": 219.13,
            "debt_ratio": 36.12,
            "inventory_turnover_ratio": 1.05,
            "account_receivable_turnover_ratio": null,
            "reinvestment_rate": null,
            "research_to_sale_ratio": null,
            "price_fair": 44.8,
            "eps_avg_yearly": 1.28,
            "eps_latest_yearly": 1.6,
            "eps_growth_yearly": 4733.33
        },
        "20064": {
            "year_quarter": 20064,
            "year": 2006,
            "quarter": 4,
            "eps": -0.21,
            "eps_growth_year": null,
            "eps_4q": -1.28,
            "eps_4q_growth_year": null,
            "roe": -2.19,
            "roe_4q": -12.599999999999998,
            "gross_profit": 69245,
            "gross_margin": 12.62,
            "gross_margin_4q_avg": 4.72,
            "net_income": -49974,
            "net_income_4q": null,
            "revenue": 548811,
            "revenue_4q": null,
            "common_shares": 2400033,
            "book_valuer_per_share": 9.42,
            "book_valuer_per_share_4q_avg": 9.81,
            "equity": 2260560,
            "current_ratio": 211.84,
            "debt_ratio": 33.96,
            "inventory_turnover_ratio": 0.86,
            "account_receivable_turnover_ratio": null,
            "reinvestment_rate": null,
            "research_to_sale_ratio": null,
            "price_fair": 44.8,
            "eps_avg_yearly": 1.28,
            "eps_latest_yearly": 1.6,
            "eps_growth_yearly": 4733.33
        },
        "20071": {
            "year_quarter": 20071,
            "year": 2007,
            "quarter": 1,
            "eps": -0.15,
            "eps_growth_year": null,
            "eps_4q": -1.13,
            "eps_4q_growth_year": null,
            "roe": -1.56,
            "roe_4q": -11.209999999999999,
            "gross_profit": 27296,
            "gross_margin": 5.18,
            "gross_margin_4q_avg": 7.44,
            "net_income": -35046,
            "net_income_4q": null,
            "revenue": 527182,
            "revenue_4q": null,
            "common_shares": 2400033,
            "book_valuer_per_share": 9.28,
            "book_valuer_per_share_4q_avg": 9.53,
            "equity": 2227310,
            "current_ratio": 221.92,
            "debt_ratio": 35.47,
            "inventory_turnover_ratio": 0.96,
            "account_receivable_turnover_ratio": null,
            "reinvestment_rate": null,
            "research_to_sale_ratio": null,
            "price_fair": 44.8,
            "eps_avg_yearly": 1.28,
            "eps_latest_yearly": 1.6,
            "eps_growth_yearly": 4733.33
        },
        "20072": {
            "year_quarter": 20072,
            "year": 2007,
            "quarter": 2,
            "eps": -0.23,
            "eps_growth_year": null,
            "eps_4q": -0.76,
            "eps_4q_growth_year": null,
            "roe": -2.42,
            "roe_4q": -8.11,
            "gross_profit": 41575,
            "gross_margin": 9.5,
            "gross_margin_4q_avg": 8.18,
            "net_income": -53224,
            "net_income_4q": null,
            "revenue": 437502,
            "revenue_4q": null,
            "common_shares": 2400033,
            "book_valuer_per_share": 9.05,
            "book_valuer_per_share_4q_avg": 9.34,
            "equity": 2172496,
            "current_ratio": 216.06,
            "debt_ratio": 34.71,
            "inventory_turnover_ratio": 0.83,
            "account_receivable_turnover_ratio": null,
            "reinvestment_rate": null,
            "research_to_sale_ratio": null,
            "price_fair": 44.8,
            "eps_avg_yearly": 1.28,
            "eps_latest_yearly": 1.6,
            "eps_growth_yearly": 4733.33
        },
        "20073": {
            "year_quarter": 20073,
            "year": 2007,
            "quarter": 3,
            "eps": 0.11,
            "eps_growth_year": null,
            "eps_4q": -0.5,
            "eps_4q_growth_year": null,
            "roe": 1.14,
            "roe_4q": -5.029999999999999,
            "gross_profit": 75694,
            "gross_margin": 14.47,
            "gross_margin_4q_avg": 10.44,
            "net_income": 24973,
            "net_income_4q": null,
            "revenue": 523067,
            "revenue_4q": null,
            "common_shares": 2400033,
            "book_valuer_per_share": 9.15,
            "book_valuer_per_share_4q_avg": 9.23,
            "equity": 2197193,
            "current_ratio": 212.37,
            "debt_ratio": 33.25,
            "inventory_turnover_ratio": 0.91,
            "account_receivable_turnover_ratio": null,
            "reinvestment_rate": null,
            "research_to_sale_ratio": null,
            "price_fair": 44.8,
            "eps_avg_yearly": 1.28,
            "eps_latest_yearly": 1.6,
            "eps_growth_yearly": 4733.33
        },
        "20074": {
            "year_quarter": 20074,
            "year": 2007,
            "quarter": 4,
            "eps": 0.28,
            "eps_growth_year": null,
            "eps_4q": 0.01,
            "eps_4q_growth_year": null,
            "roe": 2.98,
            "roe_4q": 0.14000000000000012,
            "gross_profit": 89406,
            "gross_margin": 15.85,
            "gross_margin_4q_avg": 11.25,
            "net_income": 66439,
            "net_income_4q": null,
            "revenue": 564213,
            "revenue_4q": null,
            "common_shares": 2400033,
            "book_valuer_per_share": 9.44,
            "book_valuer_per_share_4q_avg": 9.23,
            "equity": 2266163,
            "current_ratio": 218.57,
            "debt_ratio": 32.67,
            "inventory_turnover_ratio": 0.9,
            "account_receivable_turnover_ratio": null,
            "reinvestment_rate": null,
            "research_to_sale_ratio": null,
            "price_fair": 42.93,
            "eps_avg_yearly": 1.23,
            "eps_latest_yearly": 1.12,
            "eps_growth_yearly": 3361.62
        },
        "20081": {
            "year_quarter": 20081,
            "year": 2008,
            "quarter": 1,
            "eps": -0.17,
            "eps_growth_year": null,
            "eps_4q": -0.01,
            "eps_4q_growth_year": null,
            "roe": -1.77,
            "roe_4q": -0.07000000000000028,
            "gross_profit": 35665,
            "gross_margin": 7.28,
            "gross_margin_4q_avg": 11.78,
            "net_income": -39793,
            "net_income_4q": null,
            "revenue": 489682,
            "revenue_4q": null,
            "common_shares": 2388033,
            "book_valuer_per_share": 9.3,
            "book_valuer_per_share_4q_avg": 9.24,
            "equity": 2221509,
            "current_ratio": 220.57,
            "debt_ratio": 33.26,
            "inventory_turnover_ratio": 0.79,
            "account_receivable_turnover_ratio": null,
            "reinvestment_rate": null,
            "research_to_sale_ratio": null,
            "price_fair": 42.93,
            "eps_avg_yearly": 1.23,
            "eps_latest_yearly": 1.12,
            "eps_growth_yearly": 3361.62
        },
        "20082": {
            "year_quarter": 20082,
            "year": 2008,
            "quarter": 2,
            "eps": -0.22,
            "eps_growth_year": null,
            "eps_4q": 0,
            "eps_4q_growth_year": null,
            "roe": -2.34,
            "roe_4q": 0.010000000000000453,
            "gross_profit": -975,
            "gross_margin": -0.22,
            "gross_margin_4q_avg": 9.35,
            "net_income": -51316,
            "net_income_4q": null,
            "revenue": 449090,
            "revenue_4q": null,
            "common_shares": 2388033,
            "book_valuer_per_share": 9.09,
            "book_valuer_per_share_4q_avg": 9.25,
            "equity": 2171740,
            "current_ratio": 229.4,
            "debt_ratio": 31.65,
            "inventory_turnover_ratio": 0.79,
            "account_receivable_turnover_ratio": null,
            "reinvestment_rate": null,
            "research_to_sale_ratio": null,
            "price_fair": 47.6,
            "eps_avg_yearly": 1.36,
            "eps_latest_yearly": 1.12,
            "eps_growth_yearly": 442.42
        },
        "20083": {
            "year_quarter": 20083,
            "year": 2008,
            "quarter": 3,
            "eps": -0.1,
            "eps_growth_year": -190.91,
            "eps_4q": -0.2,
            "eps_4q_growth_year": null,
            "roe": -1.12,
            "roe_4q": -2.2500000000000004,
            "gross_profit": -16573,
            "gross_margin": -3.93,
            "gross_margin_4q_avg": 4.75,
            "net_income": -24186,
            "net_income_4q": null,
            "revenue": 422016,
            "revenue_4q": null,
            "common_shares": 2388033,
            "book_valuer_per_share": 9.04,
            "book_valuer_per_share_4q_avg": 9.22,
            "equity": 2158390,
            "current_ratio": 350.11,
            "debt_ratio": 20.57,
            "inventory_turnover_ratio": 0.83,
            "account_receivable_turnover_ratio": null,
            "reinvestment_rate": null,
            "research_to_sale_ratio": null,
            "price_fair": 39.2,
            "eps_avg_yearly": 1.12,
            "eps_latest_yearly": 1.12,
            "eps_growth_yearly": 618.18
        },
        "20084": {
            "year_quarter": 20084,
            "year": 2008,
            "quarter": 4,
            "eps": -1.27,
            "eps_growth_year": -553.57,
            "eps_4q": -1.76,
            "eps_4q_growth_year": -13391.04,
            "roe": -14.82,
            "roe_4q": -20.05,
            "gross_profit": -174877,
            "gross_margin": -39.09,
            "gross_margin_4q_avg": -8.99,
            "net_income": -298140,
            "net_income_4q": null,
            "revenue": 447330,
            "revenue_4q": null,
            "common_shares": 2363033,
            "book_valuer_per_share": 7.89,
            "book_valuer_per_share_4q_avg": 8.83,
            "equity": 1864282,
            "current_ratio": 326.19,
            "debt_ratio": 21.72,
            "inventory_turnover_ratio": 1.58,
            "account_receivable_turnover_ratio": 3.16,
            "reinvestment_rate": null,
            "research_to_sale_ratio": null,
            "price_fair": 39.2,
            "eps_avg_yearly": 1.12,
            "eps_latest_yearly": 1.12,
            "eps_growth_yearly": 618.18
        },
        "20091": {
            "year_quarter": 20091,
            "year": 2009,
            "quarter": 1,
            "eps": -0.21,
            "eps_growth_year": null,
            "eps_4q": -1.79,
            "eps_4q_growth_year": null,
            "roe": -2.65,
            "roe_4q": -20.93,
            "gross_profit": -19944,
            "gross_margin": -6.75,
            "gross_margin_4q_avg": -12.5,
            "net_income": -48955,
            "net_income_4q": null,
            "revenue": 295350,
            "revenue_4q": null,
            "common_shares": 2363033,
            "book_valuer_per_share": 7.72,
            "book_valuer_per_share_4q_avg": 8.44,
            "equity": 1823886,
            "current_ratio": 430.09,
            "debt_ratio": 16.64,
            "inventory_turnover_ratio": 1.24,
            "account_receivable_turnover_ratio": 1.19,
            "reinvestment_rate": null,
            "research_to_sale_ratio": null,
            "price_fair": 39.2,
            "eps_avg_yearly": 1.12,
            "eps_latest_yearly": 1.12,
            "eps_growth_yearly": 618.18
        },
        "20092": {
            "year_quarter": 20092,
            "year": 2009,
            "quarter": 2,
            "eps": -0.53,
            "eps_growth_year": null,
            "eps_4q": -2.09,
            "eps_4q_growth_year": -165074.47,
            "roe": -7.02,
            "roe_4q": -25.610000000000003,
            "gross_profit": -51559,
            "gross_margin": -18.44,
            "gross_margin_4q_avg": -17.05,
            "net_income": -123429,
            "net_income_4q": null,
            "revenue": 279577,
            "revenue_4q": null,
            "common_shares": 2363033,
            "book_valuer_per_share": 7.17,
            "book_valuer_per_share_4q_avg": 7.96,
            "equity": 1694286,
            "current_ratio": 421.29,
            "debt_ratio": 16.28,
            "inventory_turnover_ratio": 1.61,
            "account_receivable_turnover_ratio": 1.36,
            "reinvestment_rate": null,
            "research_to_sale_ratio": null,
            "price_fair": 39.2,
            "eps_avg_yearly": 1.12,
            "eps_latest_yearly": 1.12,
            "eps_growth_yearly": 618.18
        },
        "20093": {
            "year_quarter": 20093,
            "year": 2009,
            "quarter": 3,
            "eps": -0.22,
            "eps_growth_year": null,
            "eps_4q": -2.22,
            "eps_4q_growth_year": null,
            "roe": -3.06,
            "roe_4q": -27.55,
            "gross_profit": -7519,
            "gross_margin": -2.16,
            "gross_margin_4q_avg": -16.61,
            "net_income": -50966,
            "net_income_4q": null,
            "revenue": 347960,
            "revenue_4q": null,
            "common_shares": 2351583,
            "book_valuer_per_share": 6.97,
            "book_valuer_per_share_4q_avg": 7.44,
            "equity": 1639342,
            "current_ratio": 308.81,
            "debt_ratio": 21.45,
            "inventory_turnover_ratio": 1.87,
            "account_receivable_turnover_ratio": 1.6,
            "reinvestment_rate": null,
            "research_to_sale_ratio": null,
            "price_fair": 39.2,
            "eps_avg_yearly": 1.12,
            "eps_latest_yearly": 1.12,
            "eps_growth_yearly": 618.18
        },
        "20094": {
            "year_quarter": 20094,
            "year": 2009,
            "quarter": 4,
            "eps": -0.15,
            "eps_growth_year": null,
            "eps_4q": -1.1,
            "eps_4q_growth_year": null,
            "roe": -2.1,
            "roe_4q": -14.83,
            "gross_profit": -12465,
            "gross_margin": -3.23,
            "gross_margin_4q_avg": -7.65,
            "net_income": -34454,
            "net_income_4q": null,
            "revenue": 386001,
            "revenue_4q": null,
            "common_shares": 2351583,
            "book_valuer_per_share": 6.98,
            "book_valuer_per_share_4q_avg": 7.21,
            "equity": 1636198,
            "current_ratio": 334.24,
            "debt_ratio": 27.67,
            "inventory_turnover_ratio": 1.89,
            "account_receivable_turnover_ratio": 3.05,
            "reinvestment_rate": null,
            "research_to_sale_ratio": null,
            "price_fair": 39.2,
            "eps_avg_yearly": 1.12,
            "eps_latest_yearly": 1.12,
            "eps_growth_yearly": 618.18
        },
        "20101": {
            "year_quarter": 20101,
            "year": 2010,
            "quarter": 1,
            "eps": -0.29,
            "eps_growth_year": null,
            "eps_4q": -1.18,
            "eps_4q_growth_year": null,
            "roe": -4.29,
            "roe_4q": -16.47,
            "gross_profit": -4009,
            "gross_margin": -0.98,
            "gross_margin_4q_avg": -6.2,
            "net_income": -68673,
            "net_income_4q": null,
            "revenue": 406998,
            "revenue_4q": null,
            "common_shares": 2351583,
            "book_valuer_per_share": 6.68,
            "book_valuer_per_share_4q_avg": 6.95,
            "equity": 1564346,
            "current_ratio": 306.17,
            "debt_ratio": 28.93,
            "inventory_turnover_ratio": 1.87,
            "account_receivable_turnover_ratio": 1.47,
            "reinvestment_rate": null,
            "research_to_sale_ratio": 0.74,
            "price_fair": 39.2,
            "eps_avg_yearly": 1.12,
            "eps_latest_yearly": 1.12,
            "eps_growth_yearly": 618.18
        },
        "20102": {
            "year_quarter": 20102,
            "year": 2010,
            "quarter": 2,
            "eps": -0.33,
            "eps_growth_year": null,
            "eps_4q": -1.3,
            "eps_4q_growth_year": null,
            "roe": -3.36,
            "roe_4q": -12.81,
            "gross_profit": 16067,
            "gross_margin": 3.75,
            "gross_margin_4q_avg": -0.66,
            "net_income": -51887,
            "net_income_4q": null,
            "revenue": 427936,
            "revenue_4q": null,
            "common_shares": 1589486,
            "book_valuer_per_share": 9.61,
            "book_valuer_per_share_4q_avg": 7.56,
            "equity": 1521590,
            "current_ratio": 251.62,
            "debt_ratio": 32.42,
            "inventory_turnover_ratio": 1.59,
            "account_receivable_turnover_ratio": 1.37,
            "reinvestment_rate": null,
            "research_to_sale_ratio": 1.14,
            "price_fair": 39.2,
            "eps_avg_yearly": 1.12,
            "eps_latest_yearly": 1.12,
            "eps_growth_yearly": 618.18
        },
        "20103": {
            "year_quarter": 20103,
            "year": 2010,
            "quarter": 3,
            "eps": -0.22,
            "eps_growth_year": null,
            "eps_4q": -1.2,
            "eps_4q_growth_year": null,
            "roe": -2.29,
            "roe_4q": -12.040000000000001,
            "gross_profit": 25236,
            "gross_margin": 5.03,
            "gross_margin_4q_avg": 1.14,
            "net_income": -34346,
            "net_income_4q": null,
            "revenue": 501623,
            "revenue_4q": null,
            "common_shares": 1589486,
            "book_valuer_per_share": 9.35,
            "book_valuer_per_share_4q_avg": 8.16,
            "equity": 1478546,
            "current_ratio": 197.39,
            "debt_ratio": 35.21,
            "inventory_turnover_ratio": 1.51,
            "account_receivable_turnover_ratio": 1.57,
            "reinvestment_rate": null,
            "research_to_sale_ratio": 0.6,
            "price_fair": 39.2,
            "eps_avg_yearly": 1.12,
            "eps_latest_yearly": 1.12,
            "eps_growth_yearly": 618.18
        },
        "20104": {
            "year_quarter": 20104,
            "year": 2010,
            "quarter": 4,
            "eps": -0.4,
            "eps_growth_year": null,
            "eps_4q": -1.37,
            "eps_4q_growth_year": null,
            "roe": -4.38,
            "roe_4q": -14.32,
            "gross_profit": 8087,
            "gross_margin": 1.82,
            "gross_margin_4q_avg": 2.41,
            "net_income": -62717,
            "net_income_4q": null,
            "revenue": 445326,
            "revenue_4q": null,
            "common_shares": 1589486,
            "book_valuer_per_share": 8.73,
            "book_valuer_per_share_4q_avg": 8.59,
            "equity": 1382227,
            "current_ratio": 184.18,
            "debt_ratio": 34.84,
            "inventory_turnover_ratio": 1.43,
            "account_receivable_turnover_ratio": 1.51,
            "reinvestment_rate": null,
            "research_to_sale_ratio": 0.65,
            "price_fair": 39.2,
            "eps_avg_yearly": 1.12,
            "eps_latest_yearly": 1.12,
            "eps_growth_yearly": 618.18
        },
        "20111": {
            "year_quarter": 20111,
            "year": 2011,
            "quarter": 1,
            "eps": -0.24,
            "eps_growth_year": null,
            "eps_4q": -1.18,
            "eps_4q_growth_year": null,
            "roe": -2.73,
            "roe_4q": -12.759999999999998,
            "gross_profit": 11363,
            "gross_margin": 3.07,
            "gross_margin_4q_avg": 3.42,
            "net_income": -37356,
            "net_income_4q": null,
            "revenue": 370373,
            "revenue_4q": null,
            "common_shares": 1589486,
            "book_valuer_per_share": 8.57,
            "book_valuer_per_share_4q_avg": 9.07,
            "equity": 1356897,
            "current_ratio": 196.57,
            "debt_ratio": 34.91,
            "inventory_turnover_ratio": 1.41,
            "account_receivable_turnover_ratio": 1.35,
            "reinvestment_rate": null,
            "research_to_sale_ratio": 0.93,
            "price_fair": 39.2,
            "eps_avg_yearly": 1.12,
            "eps_latest_yearly": 1.12,
            "eps_growth_yearly": 618.18
        },
        "20112": {
            "year_quarter": 20112,
            "year": 2011,
            "quarter": 2,
            "eps": -0.32,
            "eps_growth_year": null,
            "eps_4q": -1.17,
            "eps_4q_growth_year": null,
            "roe": -3.87,
            "roe_4q": -13.27,
            "gross_profit": 15773,
            "gross_margin": 3.76,
            "gross_margin_4q_avg": 3.42,
            "net_income": -51390,
            "net_income_4q": null,
            "revenue": 419458,
            "revenue_4q": null,
            "common_shares": 1589486,
            "book_valuer_per_share": 8.19,
            "book_valuer_per_share_4q_avg": 8.71,
            "equity": 1296528,
            "current_ratio": 178.92,
            "debt_ratio": 42.15,
            "inventory_turnover_ratio": 1.6,
            "account_receivable_turnover_ratio": 1.38,
            "reinvestment_rate": null,
            "research_to_sale_ratio": 0.66,
            "price_fair": 39.2,
            "eps_avg_yearly": 1.12,
            "eps_latest_yearly": 1.12,
            "eps_growth_yearly": 618.18
        },
        "20113": {
            "year_quarter": 20113,
            "year": 2011,
            "quarter": 3,
            "eps": -0.32,
            "eps_growth_year": null,
            "eps_4q": -1.28,
            "eps_4q_growth_year": null,
            "roe": -3.98,
            "roe_4q": -14.96,
            "gross_profit": -10046,
            "gross_margin": -2.22,
            "gross_margin_4q_avg": 1.61,
            "net_income": -51429,
            "net_income_4q": null,
            "revenue": 452418,
            "revenue_4q": null,
            "common_shares": 1589486,
            "book_valuer_per_share": 8.12,
            "book_valuer_per_share_4q_avg": 8.4,
            "equity": 1286274,
            "current_ratio": 165.25,
            "debt_ratio": 43.29,
            "inventory_turnover_ratio": 1.69,
            "account_receivable_turnover_ratio": 1.38,
            "reinvestment_rate": null,
            "research_to_sale_ratio": 0.67,
            "price_fair": 39.2,
            "eps_avg_yearly": 1.12,
            "eps_latest_yearly": 1.12,
            "eps_growth_yearly": 618.18
        },
        "20114": {
            "year_quarter": 20114,
            "year": 2011,
            "quarter": 4,
            "eps": -0.67,
            "eps_growth_year": null,
            "eps_4q": -1.56,
            "eps_4q_growth_year": null,
            "roe": -8.64,
            "roe_4q": -19.220000000000002,
            "gross_profit": -13088,
            "gross_margin": -3.58,
            "gross_margin_4q_avg": 0.26,
            "net_income": -106591,
            "net_income_4q": null,
            "revenue": 365602,
            "revenue_4q": null,
            "common_shares": 1589486,
            "book_valuer_per_share": 7.45,
            "book_valuer_per_share_4q_avg": 8.08,
            "equity": 1179911,
            "current_ratio": 130.92,
            "debt_ratio": 46.66,
            "inventory_turnover_ratio": 1.36,
            "account_receivable_turnover_ratio": 1.16,
            "reinvestment_rate": null,
            "research_to_sale_ratio": 0.62,
            "price_fair": 0,
            "eps_avg_yearly": 0,
            "eps_latest_yearly": 0,
            "eps_growth_yearly": 0
        },
        "20121": {
            "year_quarter": 20121,
            "year": 2012,
            "quarter": 1,
            "eps": -0.36,
            "eps_growth_year": null,
            "eps_4q": -1.68,
            "eps_4q_growth_year": null,
            "roe": -4.91,
            "roe_4q": -21.400000000000002,
            "gross_profit": 1103,
            "gross_margin": 0.26,
            "gross_margin_4q_avg": -0.45,
            "net_income": -56268,
            "net_income_4q": null,
            "revenue": 417835,
            "revenue_4q": null,
            "common_shares": 1589486,
            "book_valuer_per_share": 7.01,
            "book_valuer_per_share_4q_avg": 7.69,
            "equity": 1110789,
            "current_ratio": 136.27,
            "debt_ratio": 42.16,
            "inventory_turnover_ratio": 1.46,
            "account_receivable_turnover_ratio": 1.36,
            "reinvestment_rate": null,
            "research_to_sale_ratio": 0.56,
            "price_fair": 0,
            "eps_avg_yearly": 0,
            "eps_latest_yearly": 0,
            "eps_growth_yearly": 0
        },
        "20122": {
            "year_quarter": 20122,
            "year": 2012,
            "quarter": 2,
            "eps": -0.21,
            "eps_growth_year": null,
            "eps_4q": -1.57,
            "eps_4q_growth_year": null,
            "roe": -3.1,
            "roe_4q": -20.63,
            "gross_profit": 3001,
            "gross_margin": 0.7,
            "gross_margin_4q_avg": -1.21,
            "net_income": -33966,
            "net_income_4q": null,
            "revenue": 426971,
            "revenue_4q": null,
            "common_shares": 1589486,
            "book_valuer_per_share": 6.82,
            "book_valuer_per_share_4q_avg": 7.35,
            "equity": 1080528,
            "current_ratio": 140.5,
            "debt_ratio": 41.49,
            "inventory_turnover_ratio": 1.49,
            "account_receivable_turnover_ratio": 1.4,
            "reinvestment_rate": null,
            "research_to_sale_ratio": 0.53,
            "price_fair": 0,
            "eps_avg_yearly": 0,
            "eps_latest_yearly": 0,
            "eps_growth_yearly": 0
        },
        "20123": {
            "year_quarter": 20123,
            "year": 2012,
            "quarter": 3,
            "eps": -0.24,
            "eps_growth_year": null,
            "eps_4q": -1.48,
            "eps_4q_growth_year": null,
            "roe": -3.52,
            "roe_4q": -20.17,
            "gross_profit": 13821,
            "gross_margin": 3.63,
            "gross_margin_4q_avg": 0.25,
            "net_income": -37225,
            "net_income_4q": null,
            "revenue": 380446,
            "revenue_4q": null,
            "common_shares": 1589486,
            "book_valuer_per_share": 6.52,
            "book_valuer_per_share_4q_avg": 6.95,
            "equity": 1031723,
            "current_ratio": 142.94,
            "debt_ratio": 39.7,
            "inventory_turnover_ratio": 1.36,
            "account_receivable_turnover_ratio": 1.32,
            "reinvestment_rate": null,
            "research_to_sale_ratio": 0.52,
            "price_fair": 0,
            "eps_avg_yearly": 0,
            "eps_latest_yearly": 0,
            "eps_growth_yearly": 0
        },
        "20124": {
            "year_quarter": 20124,
            "year": 2012,
            "quarter": 4,
            "eps": -0.41,
            "eps_growth_year": null,
            "eps_4q": -1.21,
            "eps_4q_growth_year": null,
            "roe": -6.42,
            "roe_4q": -17.95,
            "gross_profit": -18462,
            "gross_margin": -5.19,
            "gross_margin_4q_avg": -0.15,
            "net_income": -64140,
            "net_income_4q": null,
            "revenue": 355777,
            "revenue_4q": null,
            "common_shares": 1589486,
            "book_valuer_per_share": 6.11,
            "book_valuer_per_share_4q_avg": 6.62,
            "equity": 967587,
            "current_ratio": 135.45,
            "debt_ratio": 39.57,
            "inventory_turnover_ratio": 1.55,
            "account_receivable_turnover_ratio": 1.34,
            "reinvestment_rate": null,
            "research_to_sale_ratio": 0.52,
            "price_fair": 0,
            "eps_avg_yearly": 0,
            "eps_latest_yearly": 0,
            "eps_growth_yearly": 0
        },
        "20131": {
            "year_quarter": 20131,
            "year": 2013,
            "quarter": 1,
            "eps": -0.22,
            "eps_growth_year": null,
            "eps_4q": -1.08,
            "eps_4q_growth_year": null,
            "roe": -3.87,
            "roe_4q": -16.91,
            "gross_profit": 773,
            "gross_margin": 0.21,
            "gross_margin_4q_avg": -0.16,
            "net_income": -35407,
            "net_income_4q": null,
            "revenue": 361968,
            "revenue_4q": null,
            "common_shares": 1589486,
            "book_valuer_per_share": 5.44,
            "book_valuer_per_share_4q_avg": 6.22,
            "equity": 861518,
            "current_ratio": 127.98,
            "debt_ratio": 43.71,
            "inventory_turnover_ratio": 1.63,
            "account_receivable_turnover_ratio": 1.44,
            "reinvestment_rate": null,
            "research_to_sale_ratio": 0.66,
            "price_fair": 0,
            "eps_avg_yearly": 0,
            "eps_latest_yearly": 0,
            "eps_growth_yearly": 0
        },
        "20132": {
            "year_quarter": 20132,
            "year": 2013,
            "quarter": 2,
            "eps": -0.27,
            "eps_growth_year": null,
            "eps_4q": -1.13,
            "eps_4q_growth_year": null,
            "roe": -5.02,
            "roe_4q": -18.830000000000002,
            "gross_profit": 3873,
            "gross_margin": 1.01,
            "gross_margin_4q_avg": -0.09,
            "net_income": -42404,
            "net_income_4q": null,
            "revenue": 383217,
            "revenue_4q": null,
            "common_shares": 1589486,
            "book_valuer_per_share": 5.23,
            "book_valuer_per_share_4q_avg": 5.83,
            "equity": 828758,
            "current_ratio": 125.18,
            "debt_ratio": 44.45,
            "inventory_turnover_ratio": 1.78,
            "account_receivable_turnover_ratio": 1.66,
            "reinvestment_rate": null,
            "research_to_sale_ratio": 0.75,
            "price_fair": 0,
            "eps_avg_yearly": 0,
            "eps_latest_yearly": 0,
            "eps_growth_yearly": 0
        },
        "20133": {
            "year_quarter": 20133,
            "year": 2013,
            "quarter": 3,
            "eps": -0.01,
            "eps_growth_year": null,
            "eps_4q": -0.91,
            "eps_4q_growth_year": null,
            "roe": -0.21,
            "roe_4q": -15.52,
            "gross_profit": 24828,
            "gross_margin": 5.92,
            "gross_margin_4q_avg": 0.49,
            "net_income": -1711,
            "net_income_4q": null,
            "revenue": 419147,
            "revenue_4q": null,
            "common_shares": 1589486,
            "book_valuer_per_share": 5.2,
            "book_valuer_per_share_4q_avg": 5.5,
            "equity": 822705,
            "current_ratio": 124.18,
            "debt_ratio": 48.06,
            "inventory_turnover_ratio": 1.68,
            "account_receivable_turnover_ratio": 1.87,
            "reinvestment_rate": null,
            "research_to_sale_ratio": 0.44,
            "price_fair": 0,
            "eps_avg_yearly": 0,
            "eps_latest_yearly": 0,
            "eps_growth_yearly": 0
        },
        "20134": {
            "year_quarter": 20134,
            "year": 2013,
            "quarter": 4,
            "eps": -0.22,
            "eps_growth_year": null,
            "eps_4q": -0.72,
            "eps_4q_growth_year": null,
            "roe": -4.22,
            "roe_4q": -13.32,
            "gross_profit": 7703,
            "gross_margin": 1.48,
            "gross_margin_4q_avg": 2.16,
            "net_income": -34100,
            "net_income_4q": null,
            "revenue": 521452,
            "revenue_4q": null,
            "common_shares": 1583518,
            "book_valuer_per_share": 5.02,
            "book_valuer_per_share_4q_avg": 5.22,
            "equity": 795054,
            "current_ratio": 121.52,
            "debt_ratio": 47.61,
            "inventory_turnover_ratio": 1.94,
            "account_receivable_turnover_ratio": 2.09,
            "reinvestment_rate": null,
            "research_to_sale_ratio": 0.43,
            "price_fair": 0,
            "eps_avg_yearly": 0,
            "eps_latest_yearly": 0,
            "eps_growth_yearly": 0
        },
        "20141": {
            "year_quarter": 20141,
            "year": 2014,
            "quarter": 1,
            "eps": -0.26,
            "eps_growth_year": null,
            "eps_4q": -0.76,
            "eps_4q_growth_year": null,
            "roe": -5.38,
            "roe_4q": -14.83,
            "gross_profit": 19359,
            "gross_margin": 4.52,
            "gross_margin_4q_avg": 3.23,
            "net_income": -41835,
            "net_income_4q": null,
            "revenue": 428764,
            "revenue_4q": null,
            "common_shares": 1583518,
            "book_valuer_per_share": 4.8,
            "book_valuer_per_share_4q_avg": 5.06,
            "equity": 760127,
            "current_ratio": 116.26,
            "debt_ratio": 49.06,
            "inventory_turnover_ratio": 1.68,
            "account_receivable_turnover_ratio": 1.46,
            "reinvestment_rate": null,
            "research_to_sale_ratio": 2.52,
            "price_fair": 0,
            "eps_avg_yearly": 0,
            "eps_latest_yearly": 0,
            "eps_growth_yearly": 0
        },
        "20142": {
            "year_quarter": 20142,
            "year": 2014,
            "quarter": 2,
            "eps": -0.43,
            "eps_growth_year": null,
            "eps_4q": -1.16,
            "eps_4q_growth_year": null,
            "roe": -6.19,
            "roe_4q": -16,
            "gross_profit": 43409,
            "gross_margin": 7.37,
            "gross_margin_4q_avg": 4.82,
            "net_income": -45390,
            "net_income_4q": null,
            "revenue": 588669,
            "revenue_4q": null,
            "common_shares": 1063518,
            "book_valuer_per_share": 6.64,
            "book_valuer_per_share_4q_avg": 5.42,
            "equity": 706099,
            "current_ratio": 110.76,
            "debt_ratio": 53.92,
            "inventory_turnover_ratio": 2.28,
            "account_receivable_turnover_ratio": 1.65,
            "reinvestment_rate": null,
            "research_to_sale_ratio": 1.53,
            "price_fair": 0,
            "eps_avg_yearly": 0,
            "eps_latest_yearly": 0,
            "eps_growth_yearly": 0
        },
        "20143": {
            "year_quarter": 20143,
            "year": 2014,
            "quarter": 3,
            "eps": 0.29,
            "eps_growth_year": null,
            "eps_4q": -0.85,
            "eps_4q_growth_year": null,
            "roe": 4.32,
            "roe_4q": -11.469999999999999,
            "gross_profit": 66769,
            "gross_margin": 10.64,
            "gross_margin_4q_avg": 6,
            "net_income": 31323,
            "net_income_4q": null,
            "revenue": 627446,
            "revenue_4q": null,
            "common_shares": 1063518,
            "book_valuer_per_share": 7,
            "book_valuer_per_share_4q_avg": 5.87,
            "equity": 743940,
            "current_ratio": 119.13,
            "debt_ratio": 52.63,
            "inventory_turnover_ratio": 2.15,
            "account_receivable_turnover_ratio": 1.58,
            "reinvestment_rate": null,
            "research_to_sale_ratio": 1.6,
            "price_fair": 0,
            "eps_avg_yearly": 0,
            "eps_latest_yearly": 0,
            "eps_growth_yearly": 0
        },
        "20144": {
            "year_quarter": 20144,
            "year": 2014,
            "quarter": 4,
            "eps": 0.05,
            "eps_growth_year": null,
            "eps_4q": -0.47,
            "eps_4q_growth_year": null,
            "roe": 0.75,
            "roe_4q": -6.5,
            "gross_profit": 153913,
            "gross_margin": 25.28,
            "gross_margin_4q_avg": 11.95,
            "net_income": 5580,
            "net_income_4q": null,
            "revenue": 608712,
            "revenue_4q": null,
            "common_shares": 1063518,
            "book_valuer_per_share": 7.02,
            "book_valuer_per_share_4q_avg": 6.37,
            "equity": 746569,
            "current_ratio": 187.14,
            "debt_ratio": 50.43,
            "inventory_turnover_ratio": 1.68,
            "account_receivable_turnover_ratio": 1.58,
            "reinvestment_rate": null,
            "research_to_sale_ratio": 1.39,
            "price_fair": 0.6,
            "eps_avg_yearly": 0.2,
            "eps_latest_yearly": 0.2,
            "eps_growth_yearly": -331.03
        },
        "20151": {
            "year_quarter": 20151,
            "year": 2015,
            "quarter": 1,
            "eps": 0.54,
            "eps_growth_year": null,
            "eps_4q": 0.46,
            "eps_4q_growth_year": null,
            "roe": 7.37,
            "roe_4q": 6.250000000000001,
            "gross_profit": 118706,
            "gross_margin": 19.45,
            "gross_margin_4q_avg": 15.69,
            "net_income": 56963,
            "net_income_4q": null,
            "revenue": 610413,
            "revenue_4q": null,
            "common_shares": 1063518,
            "book_valuer_per_share": 7.51,
            "book_valuer_per_share_4q_avg": 7.04,
            "equity": 799102,
            "current_ratio": 213.4,
            "debt_ratio": 45.05,
            "inventory_turnover_ratio": 1.91,
            "account_receivable_turnover_ratio": 1.79,
            "reinvestment_rate": null,
            "research_to_sale_ratio": 1,
            "price_fair": 41.3,
            "eps_avg_yearly": 1.18,
            "eps_latest_yearly": 2.16,
            "eps_growth_yearly": 1794.48
        },
        "20152": {
            "year_quarter": 20152,
            "year": 2015,
            "quarter": 2,
            "eps": 0.56,
            "eps_growth_year": null,
            "eps_4q": 1.44,
            "eps_4q_growth_year": null,
            "roe": 7.22,
            "roe_4q": 19.66,
            "gross_profit": 119986,
            "gross_margin": 17.86,
            "gross_margin_4q_avg": 18.31,
            "net_income": 59754,
            "net_income_4q": null,
            "revenue": 671890,
            "revenue_4q": null,
            "common_shares": 1063518,
            "book_valuer_per_share": 8.05,
            "book_valuer_per_share_4q_avg": 7.4,
            "equity": 855934,
            "current_ratio": 218.46,
            "debt_ratio": 41.25,
            "inventory_turnover_ratio": 2.26,
            "account_receivable_turnover_ratio": 2.1,
            "reinvestment_rate": null,
            "research_to_sale_ratio": 1.08,
            "price_fair": 53.67,
            "eps_avg_yearly": 1.53,
            "eps_latest_yearly": 2.24,
            "eps_growth_yearly": 1201.26
        },
        "20153": {
            "year_quarter": 20153,
            "year": 2015,
            "quarter": 3,
            "eps": 1.15,
            "eps_growth_year": 296.55,
            "eps_4q": 2.3,
            "eps_4q_growth_year": null,
            "roe": 13.27,
            "roe_4q": 28.61,
            "gross_profit": 162538,
            "gross_margin": 23.84,
            "gross_margin_4q_avg": 21.61,
            "net_income": 122064,
            "net_income_4q": null,
            "revenue": 681784,
            "revenue_4q": null,
            "common_shares": 1063518,
            "book_valuer_per_share": 9.25,
            "book_valuer_per_share_4q_avg": 7.96,
            "equity": 983960,
            "current_ratio": 257.59,
            "debt_ratio": 36.15,
            "inventory_turnover_ratio": 2.13,
            "account_receivable_turnover_ratio": 1.98,
            "reinvestment_rate": null,
            "research_to_sale_ratio": 0.93,
            "price_fair": 80.5,
            "eps_avg_yearly": 2.3,
            "eps_latest_yearly": 4.6,
            "eps_growth_yearly": 1006.3
        },
        "20154": {
            "year_quarter": 20154,
            "year": 2015,
            "quarter": 4,
            "eps": 1.16,
            "eps_growth_year": 2107.02,
            "eps_4q": 3.4,
            "eps_4q_growth_year": null,
            "roe": 11.92,
            "roe_4q": 39.779999999999994,
            "gross_profit": 144271,
            "gross_margin": 20.68,
            "gross_margin_4q_avg": 20.46,
            "net_income": 123150,
            "net_income_4q": null,
            "revenue": 697595,
            "revenue_4q": null,
            "common_shares": 1063518,
            "book_valuer_per_share": 10.18,
            "book_valuer_per_share_4q_avg": 8.75,
            "equity": 1082886,
            "current_ratio": 290.32,
            "debt_ratio": 33.71,
            "inventory_turnover_ratio": 2.2,
            "account_receivable_turnover_ratio": 1.99,
            "reinvestment_rate": -11264.36,
            "research_to_sale_ratio": 0.93,
            "price_fair": 96.88,
            "eps_avg_yearly": 2.77,
            "eps_latest_yearly": 4.64,
            "eps_growth_yearly": 805.74
        },
        "20161": {
            "year_quarter": 20161,
            "year": 2016,
            "quarter": 1,
            "eps": 0.94,
            "eps_growth_year": 74.07,
            "eps_4q": 3.81,
            "eps_4q_growth_year": 735.13,
            "roe": 8.82,
            "roe_4q": 41.230000000000004,
            "gross_profit": 156938,
            "gross_margin": 23.97,
            "gross_margin_4q_avg": 21.59,
            "net_income": 99868,
            "net_income_4q": null,
            "revenue": 654693,
            "revenue_4q": null,
            "common_shares": 1063518,
            "book_valuer_per_share": 11.12,
            "book_valuer_per_share_4q_avg": 9.65,
            "equity": 1182171,
            "current_ratio": 292.71,
            "debt_ratio": 33.72,
            "inventory_turnover_ratio": 1.79,
            "account_receivable_turnover_ratio": 1.99,
            "reinvestment_rate": -425.99,
            "research_to_sale_ratio": 1.56,
            "price_fair": 102.67,
            "eps_avg_yearly": 2.93,
            "eps_latest_yearly": 3.76,
            "eps_growth_yearly": 658.8
        },
        "20162": {
            "year_quarter": 20162,
            "year": 2016,
            "quarter": 2,
            "eps": 1.18,
            "eps_growth_year": 110.71,
            "eps_4q": 4.42,
            "eps_4q_growth_year": 206.1,
            "roe": 10.09,
            "roe_4q": 44.099999999999994,
            "gross_profit": 173900,
            "gross_margin": 24.82,
            "gross_margin_4q_avg": 23.33,
            "net_income": 125139,
            "net_income_4q": null,
            "revenue": 700638,
            "revenue_4q": null,
            "common_shares": 1063518,
            "book_valuer_per_share": 12.22,
            "book_valuer_per_share_4q_avg": 10.69,
            "equity": 1299439,
            "current_ratio": 308.17,
            "debt_ratio": 32.39,
            "inventory_turnover_ratio": 1.75,
            "account_receivable_turnover_ratio": 2.07,
            "reinvestment_rate": -209.77,
            "research_to_sale_ratio": 1.38,
            "price_fair": 111.6,
            "eps_avg_yearly": 3.19,
            "eps_latest_yearly": 4.72,
            "eps_growth_yearly": 579.28
        },
        "20163": {
            "year_quarter": 20163,
            "year": 2016,
            "quarter": 3,
            "eps": 0.89,
            "eps_growth_year": -22.61,
            "eps_4q": 4.16,
            "eps_4q_growth_year": 81.16,
            "roe": 7.01,
            "roe_4q": 37.84,
            "gross_profit": 151125,
            "gross_margin": 22.92,
            "gross_margin_4q_avg": 23.1,
            "net_income": 94536,
            "net_income_4q": null,
            "revenue": 659405,
            "revenue_4q": null,
            "common_shares": 1063518,
            "book_valuer_per_share": 13.13,
            "book_valuer_per_share_4q_avg": 11.66,
            "equity": 1395933,
            "current_ratio": 346.14,
            "debt_ratio": 29.12,
            "inventory_turnover_ratio": 1.81,
            "account_receivable_turnover_ratio": 1.91,
            "reinvestment_rate": -141.28,
            "research_to_sale_ratio": 1.11,
            "price_fair": 113.23,
            "eps_avg_yearly": 3.24,
            "eps_latest_yearly": 3.56,
            "eps_growth_yearly": 494.58
        },
        "20164": {
            "year_quarter": 20164,
            "year": 2016,
            "quarter": 4,
            "eps": 1.13,
            "eps_growth_year": -2.82,
            "eps_4q": 4.13,
            "eps_4q_growth_year": 21.36,
            "roe": 8.28,
            "roe_4q": 34.2,
            "gross_profit": 138154,
            "gross_margin": 22.94,
            "gross_margin_4q_avg": 23.66,
            "net_income": 119684,
            "net_income_4q": null,
            "revenue": 602317,
            "revenue_4q": null,
            "common_shares": 1063518,
            "book_valuer_per_share": 14.04,
            "book_valuer_per_share_4q_avg": 12.63,
            "equity": 1493423,
            "current_ratio": 372.19,
            "debt_ratio": 28.8,
            "inventory_turnover_ratio": 1.76,
            "account_receivable_turnover_ratio": 1.75,
            "reinvestment_rate": -98.06,
            "research_to_sale_ratio": 1.33,
            "price_fair": 118.22,
            "eps_avg_yearly": 3.38,
            "eps_latest_yearly": 4.52,
            "eps_growth_yearly": 451.61
        },
        "20171": {
            "year_quarter": 20171,
            "year": 2017,
            "quarter": 1,
            "eps": 0.11,
            "eps_growth_year": -88.3,
            "eps_4q": 3.3,
            "eps_4q_growth_year": -13.31,
            "roe": 0.78,
            "roe_4q": 26.16,
            "gross_profit": 103415,
            "gross_margin": 20.11,
            "gross_margin_4q_avg": 22.7,
            "net_income": 11596,
            "net_income_4q": null,
            "revenue": 514348,
            "revenue_4q": null,
            "common_shares": 1063518,
            "book_valuer_per_share": 14,
            "book_valuer_per_share_4q_avg": 13.35,
            "equity": 1489016,
            "current_ratio": 413.62,
            "debt_ratio": 26.46,
            "inventory_turnover_ratio": 1.55,
            "account_receivable_turnover_ratio": 1.59,
            "reinvestment_rate": -94.52,
            "research_to_sale_ratio": 1.56,
            "price_fair": 107.94,
            "eps_avg_yearly": 3.08,
            "eps_latest_yearly": 0.44,
            "eps_growth_yearly": 370.35
        },
        "20172": {
            "year_quarter": 20172,
            "year": 2017,
            "quarter": 2,
            "eps": 0.43,
            "eps_growth_year": -63.56,
            "eps_4q": 2.56,
            "eps_4q_growth_year": -42.1,
            "roe": 3.34,
            "roe_4q": 19.409999999999997,
            "gross_profit": 97127,
            "gross_margin": 19.04,
            "gross_margin_4q_avg": 21.25,
            "net_income": 45928,
            "net_income_4q": null,
            "revenue": 509999,
            "revenue_4q": null,
            "common_shares": 1063518,
            "book_valuer_per_share": 11.92,
            "book_valuer_per_share_4q_avg": 13.27,
            "equity": 1265253,
            "current_ratio": 262.28,
            "debt_ratio": 38.66,
            "inventory_turnover_ratio": 1.61,
            "account_receivable_turnover_ratio": 1.91,
            "reinvestment_rate": -80.18,
            "research_to_sale_ratio": 1.74,
            "price_fair": 103.6,
            "eps_avg_yearly": 2.96,
            "eps_latest_yearly": 1.72,
            "eps_growth_yearly": 442.46
        },
        "20173": {
            "year_quarter": 20173,
            "year": 2017,
            "quarter": 3,
            "eps": 0.34,
            "eps_growth_year": -61.8,
            "eps_4q": 2.06,
            "eps_4q_growth_year": -50.6,
            "roe": 2.82,
            "roe_4q": 15.219999999999999,
            "gross_profit": 78634,
            "gross_margin": 16.98,
            "gross_margin_4q_avg": 19.77,
            "net_income": 35299,
            "net_income_4q": null,
            "revenue": 462991,
            "revenue_4q": null,
            "common_shares": 1063518,
            "book_valuer_per_share": 12,
            "book_valuer_per_share_4q_avg": 12.99,
            "equity": 1240543,
            "current_ratio": 275.96,
            "debt_ratio": 37.27,
            "inventory_turnover_ratio": 1.67,
            "account_receivable_turnover_ratio": 2.01,
            "reinvestment_rate": -71.16,
            "research_to_sale_ratio": 1.72,
            "price_fair": 98.93,
            "eps_avg_yearly": 2.83,
            "eps_latest_yearly": 1.36,
            "eps_growth_yearly": 398.61
        },
        "20174": {
            "year_quarter": 20174,
            "year": 2017,
            "quarter": 4,
            "eps": 0.13,
            "eps_growth_year": -88.78,
            "eps_4q": 1.02,
            "eps_4q_growth_year": -75.2,
            "roe": 1.05,
            "roe_4q": 7.99,
            "gross_profit": 50360,
            "gross_margin": 15.15,
            "gross_margin_4q_avg": 17.82,
            "net_income": 13047,
            "net_income_4q": null,
            "revenue": 332373,
            "revenue_4q": null,
            "common_shares": 1063518,
            "book_valuer_per_share": 12.04,
            "book_valuer_per_share_4q_avg": 12.49,
            "equity": 1244725,
            "current_ratio": 282.42,
            "debt_ratio": 36.51,
            "inventory_turnover_ratio": 1.22,
            "account_receivable_turnover_ratio": 1.61,
            "reinvestment_rate": -62.81,
            "research_to_sale_ratio": 2.38,
            "price_fair": 92.72,
            "eps_avg_yearly": 2.65,
            "eps_latest_yearly": 0.52,
            "eps_growth_yearly": 348.95
        },
        "20181": {
            "year_quarter": 20181,
            "year": 2018,
            "quarter": 1,
            "eps": 0.44,
            "eps_growth_year": 300,
            "eps_4q": 1.35,
            "eps_4q_growth_year": -59.09,
            "roe": 3.58,
            "roe_4q": 10.79,
            "gross_profit": 77187,
            "gross_margin": 16.2,
            "gross_margin_4q_avg": 16.84,
            "net_income": 45259,
            "net_income_4q": null,
            "revenue": 476359,
            "revenue_4q": null,
            "common_shares": 1063518,
            "book_valuer_per_share": 12.44,
            "book_valuer_per_share_4q_avg": 12.1,
            "equity": 1285563,
            "current_ratio": 278.52,
            "debt_ratio": 36.97,
            "inventory_turnover_ratio": 1.5,
            "account_receivable_turnover_ratio": 2.24,
            "reinvestment_rate": -61.08,
            "research_to_sale_ratio": 1.9,
            "price_fair": 90.5,
            "eps_avg_yearly": 2.59,
            "eps_latest_yearly": 1.76,
            "eps_growth_yearly": 392.15
        },
        "20182": {
            "year_quarter": 20182,
            "year": 2018,
            "quarter": 2,
            "eps": 0.7,
            "eps_growth_year": 62.79,
            "eps_4q": 1.61,
            "eps_4q_growth_year": -37.23,
            "roe": 5.68,
            "roe_4q": 13.13,
            "gross_profit": 69936,
            "gross_margin": 16.88,
            "gross_margin_4q_avg": 16.3,
            "net_income": 72475,
            "net_income_4q": null,
            "revenue": 414269,
            "revenue_4q": null,
            "common_shares": 1063518,
            "book_valuer_per_share": 12.27,
            "book_valuer_per_share_4q_avg": 12.19,
            "equity": 1268388,
            "current_ratio": 347.79,
            "debt_ratio": 30.75,
            "inventory_turnover_ratio": 1.16,
            "account_receivable_turnover_ratio": 1.85,
            "reinvestment_rate": -50.57,
            "research_to_sale_ratio": 2.33,
            "price_fair": 91,
            "eps_avg_yearly": 2.6,
            "eps_latest_yearly": 2.8,
            "eps_growth_yearly": 381.77
        },
        "20183": {
            "year_quarter": 20183,
            "year": 2018,
            "quarter": 3,
            "eps": 0.47,
            "eps_growth_year": 38.24,
            "eps_4q": 1.73,
            "eps_4q_growth_year": -15.68,
            "roe": 3.75,
            "roe_4q": 14.06,
            "gross_profit": 90443,
            "gross_margin": 20.49,
            "gross_margin_4q_avg": 17.18,
            "net_income": 48412,
            "net_income_4q": null,
            "revenue": 441379,
            "revenue_4q": null,
            "common_shares": 1063518,
            "book_valuer_per_share": 12.74,
            "book_valuer_per_share_4q_avg": 12.37,
            "equity": 1316871,
            "current_ratio": 419.98,
            "debt_ratio": 26.47,
            "inventory_turnover_ratio": 1.05,
            "account_receivable_turnover_ratio": 1.8,
            "reinvestment_rate": -47.59,
            "research_to_sale_ratio": 2.15,
            "price_fair": 89.43,
            "eps_avg_yearly": 2.56,
            "eps_latest_yearly": 1.88,
            "eps_growth_yearly": 349.69
        },
        "20184": {
            "year_quarter": 20184,
            "year": 2018,
            "quarter": 4,
            "eps": 0.43,
            "eps_growth_year": 241.62,
            "eps_4q": 2.04,
            "eps_4q_growth_year": 99.03,
            "roe": 3.36,
            "roe_4q": 16.369999999999997,
            "gross_profit": 94530,
            "gross_margin": 19.35,
            "gross_margin_4q_avg": 18.23,
            "net_income": 44571,
            "net_income_4q": null,
            "revenue": 488408,
            "revenue_4q": null,
            "common_shares": 1063518,
            "book_valuer_per_share": 12.94,
            "book_valuer_per_share_4q_avg": 12.6,
            "equity": 1337349,
            "current_ratio": 393.9,
            "debt_ratio": 28.04,
            "inventory_turnover_ratio": 1.08,
            "account_receivable_turnover_ratio": 1.92,
            "reinvestment_rate": -10.3,
            "research_to_sale_ratio": 1.85,
            "price_fair": 92.75,
            "eps_avg_yearly": 2.65,
            "eps_latest_yearly": 1.72,
            "eps_growth_yearly": 368.26
        },
        "20191": {
            "year_quarter": 20191,
            "year": 2019,
            "quarter": 1,
            "eps": 0.29,
            "eps_growth_year": -34.09,
            "eps_4q": 1.89,
            "eps_4q_growth_year": 40.27,
            "roe": 2.24,
            "roe_4q": 15.03,
            "gross_profit": 68350,
            "gross_margin": 14.29,
            "gross_margin_4q_avg": 17.75,
            "net_income": 30268,
            "net_income_4q": null,
            "revenue": 478375,
            "revenue_4q": null,
            "common_shares": 1063518,
            "book_valuer_per_share": 13.24,
            "book_valuer_per_share_4q_avg": 12.8,
            "equity": 1368631,
            "current_ratio": 438.71,
            "debt_ratio": 24.66,
            "inventory_turnover_ratio": 1.18,
            "account_receivable_turnover_ratio": 1.94,
            "reinvestment_rate": -10.86,
            "research_to_sale_ratio": 2.05,
            "price_fair": 90.56,
            "eps_avg_yearly": 2.59,
            "eps_latest_yearly": 1.16,
            "eps_growth_yearly": 115.12
        },
        "20192": {
            "year_quarter": 20192,
            "year": 2019,
            "quarter": 2,
            "eps": 0.23,
            "eps_growth_year": -67.14,
            "eps_4q": 1.39,
            "eps_4q_growth_year": -13.46,
            "roe": 1.78,
            "roe_4q": 11.13,
            "gross_profit": 63603,
            "gross_margin": 13.53,
            "gross_margin_4q_avg": 16.92,
            "net_income": 23749,
            "net_income_4q": null,
            "revenue": 470222,
            "revenue_4q": null,
            "common_shares": 1063518,
            "book_valuer_per_share": 12.26,
            "book_valuer_per_share_4q_avg": 12.8,
            "equity": 1296124,
            "current_ratio": 308.46,
            "debt_ratio": 33.01,
            "inventory_turnover_ratio": 1.24,
            "account_receivable_turnover_ratio": 1.97,
            "reinvestment_rate": -10.46,
            "research_to_sale_ratio": 1.64,
            "price_fair": 87.68,
            "eps_avg_yearly": 2.51,
            "eps_latest_yearly": 0.92,
            "eps_growth_yearly": 109.02
        },
        "20193": {
            "year_quarter": 20193,
            "year": 2019,
            "quarter": 3,
            "eps": 0.25,
            "eps_growth_year": -46.81,
            "eps_4q": 1.18,
            "eps_4q_growth_year": -31.98,
            "roe": 1.99,
            "roe_4q": 9.37,
            "gross_profit": 65093,
            "gross_margin": 14.06,
            "gross_margin_4q_avg": 15.31,
            "net_income": 26068,
            "net_income_4q": null,
            "revenue": 463074,
            "revenue_4q": null,
            "common_shares": 1063518,
            "book_valuer_per_share": 12.51,
            "book_valuer_per_share_4q_avg": 12.74,
            "equity": 1322140,
            "current_ratio": 492.1,
            "debt_ratio": 22.52,
            "inventory_turnover_ratio": 1.4,
            "account_receivable_turnover_ratio": 1.99,
            "reinvestment_rate": -10.38,
            "research_to_sale_ratio": 1.95,
            "price_fair": 79.8,
            "eps_avg_yearly": 2.28,
            "eps_latest_yearly": 1,
            "eps_growth_yearly": 84.85
        },
        "20194": {
            "year_quarter": 20194,
            "year": 2019,
            "quarter": 4,
            "eps": 0.11,
            "eps_growth_year": -73.83,
            "eps_4q": 0.87,
            "eps_4q_growth_year": -57.3,
            "roe": 0.9,
            "roe_4q": 6.91,
            "gross_profit": 62993,
            "gross_margin": 13.59,
            "gross_margin_4q_avg": 13.87,
            "net_income": 11931,
            "net_income_4q": null,
            "revenue": 463538,
            "revenue_4q": null,
            "common_shares": 1063518,
            "book_valuer_per_share": 12.48,
            "book_valuer_per_share_4q_avg": 12.62,
            "equity": 1319104,
            "current_ratio": 411.27,
            "debt_ratio": 26.46,
            "inventory_turnover_ratio": 1.52,
            "account_receivable_turnover_ratio": 2.1,
            "reinvestment_rate": -11.44,
            "research_to_sale_ratio": 1.99,
            "price_fair": 70.61,
            "eps_avg_yearly": 2.02,
            "eps_latest_yearly": 0.44,
            "eps_growth_yearly": 70.63
        },
        "20201": {
            "year_quarter": 20201,
            "year": 2020,
            "quarter": 1,
            "eps": 0.17,
            "eps_growth_year": -41.38,
            "eps_4q": 0.76,
            "eps_4q_growth_year": -59.84,
            "roe": 1.37,
            "roe_4q": 6.04,
            "gross_profit": 50374,
            "gross_margin": 13.38,
            "gross_margin_4q_avg": 13.64,
            "net_income": 17498,
            "net_income_4q": null,
            "revenue": 376569,
            "revenue_4q": null,
            "common_shares": 1063518,
            "book_valuer_per_share": 11.89,
            "book_valuer_per_share_4q_avg": 12.29,
            "equity": 1239411,
            "current_ratio": 368.98,
            "debt_ratio": 28.97,
            "inventory_turnover_ratio": 1.15,
            "account_receivable_turnover_ratio": 1.68,
            "reinvestment_rate": -11.56,
            "research_to_sale_ratio": 2.35,
            "price_fair": 63.88,
            "eps_avg_yearly": 1.83,
            "eps_latest_yearly": 0.68,
            "eps_growth_yearly": 89.01
        },
        "20202": {
            "year_quarter": 20202,
            "year": 2020,
            "quarter": 2,
            "eps": 0.06,
            "eps_growth_year": -73.91,
            "eps_4q": 0.6,
            "eps_4q_growth_year": -56.76,
            "roe": 0.5,
            "roe_4q": 4.76,
            "gross_profit": 51268,
            "gross_margin": 13.36,
            "gross_margin_4q_avg": 13.6,
            "net_income": 6263,
            "net_income_4q": null,
            "revenue": 383617,
            "revenue_4q": null,
            "common_shares": 1063518,
            "book_valuer_per_share": 12.33,
            "book_valuer_per_share_4q_avg": 12.3,
            "equity": 1266815,
            "current_ratio": 369.09,
            "debt_ratio": 28.96,
            "inventory_turnover_ratio": 1.12,
            "account_receivable_turnover_ratio": 1.58,
            "reinvestment_rate": -13.12,
            "research_to_sale_ratio": 2.17,
            "price_fair": 54.08,
            "eps_avg_yearly": 1.55,
            "eps_latest_yearly": 0.24,
            "eps_growth_yearly": 66.45
        },
        "20203": {
            "year_quarter": 20203,
            "year": 2020,
            "quarter": 3,
            "eps": 0.38,
            "eps_growth_year": 52,
            "eps_4q": 0.73,
            "eps_4q_growth_year": -38.12,
            "roe": 3.07,
            "roe_4q": 5.84,
            "gross_profit": 73056,
            "gross_margin": 14.52,
            "gross_margin_4q_avg": 13.71,
            "net_income": 39254,
            "net_income_4q": null,
            "revenue": 503094,
            "revenue_4q": null,
            "common_shares": 1063518,
            "book_valuer_per_share": 12.58,
            "book_valuer_per_share_4q_avg": 12.32,
            "equity": 1292435,
            "current_ratio": 420.91,
            "debt_ratio": 26.49,
            "inventory_turnover_ratio": 1.47,
            "account_receivable_turnover_ratio": 1.86,
            "reinvestment_rate": -13.52,
            "research_to_sale_ratio": 1.79,
            "price_fair": 49.61,
            "eps_avg_yearly": 1.42,
            "eps_latest_yearly": 1.52,
            "eps_growth_yearly": 205.93
        },
        "20204": {
            "year_quarter": 20204,
            "year": 2020,
            "quarter": 4,
            "eps": 0.29,
            "eps_growth_year": 156.25,
            "eps_4q": 0.9,
            "eps_4q_growth_year": 3.71,
            "roe": 2.27,
            "roe_4q": 7.21,
            "gross_profit": 81050,
            "gross_margin": 15.34,
            "gross_margin_4q_avg": 14.15,
            "net_income": 29705,
            "net_income_4q": null,
            "revenue": 528292,
            "revenue_4q": null,
            "common_shares": 1063518,
            "book_valuer_per_share": 12.89,
            "book_valuer_per_share_4q_avg": 12.42,
            "equity": 1323855,
            "current_ratio": 337.14,
            "debt_ratio": 31.39,
            "inventory_turnover_ratio": 1.33,
            "account_receivable_turnover_ratio": 1.84,
            "reinvestment_rate": -14.68,
            "research_to_sale_ratio": 1.77,
            "price_fair": 42.26,
            "eps_avg_yearly": 1.21,
            "eps_latest_yearly": 1.16,
            "eps_growth_yearly": 193.27
        },
        "20211": {
            "year_quarter": 20211,
            "year": 2021,
            "quarter": 1,
            "eps": 0.46,
            "eps_growth_year": 170.59,
            "eps_4q": 1.2,
            "eps_4q_growth_year": 57.41,
            "roe": 3.64,
            "roe_4q": 9.48,
            "gross_profit": 84212,
            "gross_margin": 16.45,
            "gross_margin_4q_avg": 14.92,
            "net_income": 47727,
            "net_income_4q": null,
            "revenue": 512019,
            "revenue_4q": null,
            "common_shares": 1063518,
            "book_valuer_per_share": 12.63,
            "book_valuer_per_share_4q_avg": 12.61,
            "equity": 1297268,
            "current_ratio": 312.58,
            "debt_ratio": 33.32,
            "inventory_turnover_ratio": 1.03,
            "account_receivable_turnover_ratio": 1.91,
            "reinvestment_rate": -12,
            "research_to_sale_ratio": 1.89,
            "price_fair": 45.33,
            "eps_avg_yearly": 1.3,
            "eps_latest_yearly": 1.84,
            "eps_growth_yearly": 230.49
        },
        "20212": {
            "year_quarter": 20212,
            "year": 2021,
            "quarter": 2,
            "eps": 0.17,
            "eps_growth_year": 183.33,
            "eps_4q": 1.27,
            "eps_4q_growth_year": 111.09,
            "roe": 1.34,
            "roe_4q": 10.32,
            "gross_profit": 89413,
            "gross_margin": 16.27,
            "gross_margin_4q_avg": 15.65,
            "net_income": 18317,
            "net_income_4q": null,
            "revenue": 549553,
            "revenue_4q": null,
            "common_shares": 1063518,
            "book_valuer_per_share": 13.52,
            "book_valuer_per_share_4q_avg": 12.91,
            "equity": 1437696,
            "current_ratio": 326.88,
            "debt_ratio": 30.25,
            "inventory_turnover_ratio": 1.1,
            "account_receivable_turnover_ratio": 2.34,
            "reinvestment_rate": -13.94,
            "research_to_sale_ratio": 1.77,
            "price_fair": 43.05,
            "eps_avg_yearly": 1.23,
            "eps_latest_yearly": 0.68,
            "eps_growth_yearly": 142
        },
        "20213": {
            "year_quarter": 20213,
            "year": 2021,
            "quarter": 3,
            "eps": 0.63,
            "eps_growth_year": 65.79,
            "eps_4q": 1.53,
            "eps_4q_growth_year": 109.83,
            "roe": 4.52,
            "roe_4q": 11.77,
            "gross_profit": 87491,
            "gross_margin": 16.37,
            "gross_margin_4q_avg": 16.11,
            "net_income": 67097,
            "net_income_4q": null,
            "revenue": 534587,
            "revenue_4q": null,
            "common_shares": 1063518,
            "book_valuer_per_share": 14.4,
            "book_valuer_per_share_4q_avg": 13.36,
            "equity": 1531001,
            "current_ratio": 343.3,
            "debt_ratio": 28.96,
            "inventory_turnover_ratio": 1.15,
            "account_receivable_turnover_ratio": 2,
            "reinvestment_rate": -14.57,
            "research_to_sale_ratio": 1.89,
            "price_fair": 45.59,
            "eps_avg_yearly": 1.3,
            "eps_latest_yearly": 2.52,
            "eps_growth_yearly": 214.88
        },
        "20214": {
            "year_quarter": 20214,
            "year": 2021,
            "quarter": 4,
            "eps": 0.47,
            "eps_growth_year": 62.51,
            "eps_4q": 1.72,
            "eps_4q_growth_year": 90.73,
            "roe": 3.21,
            "roe_4q": 12.71,
            "gross_profit": 75490,
            "gross_margin": 15.94,
            "gross_margin_4q_avg": 16.26,
            "net_income": 49989,
            "net_income_4q": null,
            "revenue": 473553,
            "revenue_4q": null,
            "common_shares": 1063518,
            "book_valuer_per_share": 14.86,
            "book_valuer_per_share_4q_avg": 13.85,
            "equity": 1580182,
            "current_ratio": 412.77,
            "debt_ratio": 24.71,
            "inventory_turnover_ratio": 1.09,
            "account_receivable_turnover_ratio": 1.59,
            "reinvestment_rate": -9.56,
            "research_to_sale_ratio": 2.13,
            "price_fair": 48.56,
            "eps_avg_yearly": 1.39,
            "eps_latest_yearly": 1.88,
            "eps_growth_yearly": 223.97
        },
        "20221": {
            "year_quarter": 20221,
            "year": 2022,
            "quarter": 1,
            "eps": 0.52,
            "eps_growth_year": 13.04,
            "eps_4q": 1.79,
            "eps_4q_growth_year": 49.39,
            "roe": 3.55,
            "roe_4q": 12.62,
            "gross_profit": 89597,
            "gross_margin": 19.98,
            "gross_margin_4q_avg": 17.14,
            "net_income": 54802,
            "net_income_4q": null,
            "revenue": 448507,
            "revenue_4q": null,
            "common_shares": 1063518,
            "book_valuer_per_share": 14.2,
            "book_valuer_per_share_4q_avg": 14.25,
            "equity": 1509943,
            "current_ratio": 317.17,
            "debt_ratio": 30.5,
            "inventory_turnover_ratio": 0.97,
            "account_receivable_turnover_ratio": 1.7,
            "reinvestment_rate": -0.12,
            "research_to_sale_ratio": 2.25,
            "price_fair": 49.26,
            "eps_avg_yearly": 1.41,
            "eps_latest_yearly": 2.08,
            "eps_growth_yearly": 167.02
        },
        "20222": {
            "year_quarter": 20222,
            "year": 2022,
            "quarter": 2,
            "eps": 0.58,
            "eps_growth_year": 241.18,
            "eps_4q": 2.2,
            "eps_4q_growth_year": 73.26,
            "roe": 4.16,
            "roe_4q": 15.44,
            "gross_profit": 106675,
            "gross_margin": 21.15,
            "gross_margin_4q_avg": 18.36,
            "net_income": 62012,
            "net_income_4q": null,
            "revenue": 504425,
            "revenue_4q": null,
            "common_shares": 1063518,
            "book_valuer_per_share": 13.87,
            "book_valuer_per_share_4q_avg": 14.33,
            "equity": 1474722,
            "current_ratio": 306.94,
            "debt_ratio": 31.2,
            "inventory_turnover_ratio": 1.04,
            "account_receivable_turnover_ratio": 1.63,
            "reinvestment_rate": 4.07,
            "research_to_sale_ratio": 2,
            "price_fair": 48.21,
            "eps_avg_yearly": 1.38,
            "eps_latest_yearly": 2.32,
            "eps_growth_yearly": 155.13
        },
        "20223": {
            "year_quarter": 20223,
            "year": 2022,
            "quarter": 3,
            "eps": 0.84,
            "eps_growth_year": 33.33,
            "eps_4q": 2.41,
            "eps_4q_growth_year": 57.6,
            "roe": 6.02,
            "roe_4q": 16.94,
            "gross_profit": 104408,
            "gross_margin": 21.22,
            "gross_margin_4q_avg": 19.57,
            "net_income": 89841,
            "net_income_4q": null,
            "revenue": 492082,
            "revenue_4q": null,
            "common_shares": 1063518,
            "book_valuer_per_share": 14.22,
            "book_valuer_per_share_4q_avg": 14.29,
            "equity": 1512177,
            "current_ratio": 358.87,
            "debt_ratio": 27.27,
            "inventory_turnover_ratio": 0.95,
            "account_receivable_turnover_ratio": 1.59,
            "reinvestment_rate": 2.9,
            "research_to_sale_ratio": 2.19,
            "price_fair": 51.45,
            "eps_avg_yearly": 1.47,
            "eps_latest_yearly": 3.36,
            "eps_growth_yearly": 174.55
        },
        "20224": {
            "year_quarter": 20224,
            "year": 2022,
            "quarter": 4,
            "eps": 0.44,
            "eps_growth_year": -7.11,
            "eps_4q": 2.38,
            "eps_4q_growth_year": 38.2,
            "roe": 2.99,
            "roe_4q": 16.72,
            "gross_profit": 109811,
            "gross_margin": 21.8,
            "gross_margin_4q_avg": 21.04,
            "net_income": 46434,
            "net_income_4q": null,
            "revenue": 503667,
            "revenue_4q": null,
            "common_shares": 1063518,
            "book_valuer_per_share": 15.01,
            "book_valuer_per_share_4q_avg": 14.33,
            "equity": 1596267,
            "current_ratio": 448.58,
            "debt_ratio": 21.6,
            "inventory_turnover_ratio": 0.97,
            "account_receivable_turnover_ratio": 2.09,
            "reinvestment_rate": 0.37,
            "research_to_sale_ratio": 1.99,
            "price_fair": 51.54,
            "eps_avg_yearly": 1.47,
            "eps_latest_yearly": 1.76,
            "eps_growth_yearly": 164.77
        },
        "20231": {
            "year_quarter": 20231,
            "year": 2023,
            "quarter": 1,
            "eps": 0.31,
            "eps_growth_year": -40.38,
            "eps_4q": 2.18,
            "eps_4q_growth_year": 21.68,
            "roe": 2.17,
            "roe_4q": 15.34,
            "gross_profit": 87478,
            "gross_margin": 19.26,
            "gross_margin_4q_avg": 20.86,
            "net_income": 33156,
            "net_income_4q": null,
            "revenue": 454243,
            "revenue_4q": null,
            "common_shares": 1063518,
            "book_valuer_per_share": 13.67,
            "book_valuer_per_share_4q_avg": 14.19,
            "equity": 1454312,
            "current_ratio": 297.37,
            "debt_ratio": 30.88,
            "inventory_turnover_ratio": 1.04,
            "account_receivable_turnover_ratio": 2.01,
            "reinvestment_rate": 2.8,
            "research_to_sale_ratio": 1.97,
            "price_fair": 51.71,
            "eps_avg_yearly": 1.48,
            "eps_latest_yearly": 1.24,
            "eps_growth_yearly": 165.53
        },
        "20232": {
            "year_quarter": 20232,
            "year": 2023,
            "quarter": 2,
            "eps": 0.39,
            "eps_growth_year": -32.76,
            "eps_4q": 1.98,
            "eps_4q_growth_year": -10.06,
            "roe": 2.74,
            "roe_4q": 13.92,
            "gross_profit": 78433,
            "gross_margin": 16.95,
            "gross_margin_4q_avg": 19.81,
            "net_income": 40946,
            "net_income_4q": null,
            "revenue": 462818,
            "revenue_4q": null,
            "common_shares": 1063518,
            "book_valuer_per_share": 14.42,
            "book_valuer_per_share_4q_avg": 14.33,
            "equity": 1533298,
            "current_ratio": 325.13,
            "debt_ratio": 28.55,
            "inventory_turnover_ratio": 1.28,
            "account_receivable_turnover_ratio": 1.96,
            "reinvestment_rate": 6.67,
            "research_to_sale_ratio": 2.02,
            "price_fair": 53.11,
            "eps_avg_yearly": 1.52,
            "eps_latest_yearly": 1.56,
            "eps_growth_yearly": 177.15
        },
        "20233": {
            "year_quarter": 20233,
            "year": 2023,
            "quarter": 3,
            "eps": 0.23,
            "eps_growth_year": -72.62,
            "eps_4q": 1.37,
            "eps_4q_growth_year": -43.42,
            "roe": 1.6,
            "roe_4q": 9.5,
            "gross_profit": 50978,
            "gross_margin": 14.44,
            "gross_margin_4q_avg": 18.11,
            "net_income": 24668,
            "net_income_4q": null,
            "revenue": 353011,
            "revenue_4q": null,
            "common_shares": 1063518,
            "book_valuer_per_share": 14.49,
            "book_valuer_per_share_4q_avg": 14.4,
            "equity": 1540968,
            "current_ratio": 510.41,
            "debt_ratio": 18.93,
            "inventory_turnover_ratio": 1.16,
            "account_receivable_turnover_ratio": 1.44,
            "reinvestment_rate": 6.43,
            "research_to_sale_ratio": 2.64,
            "price_fair": 52.94,
            "eps_avg_yearly": 1.51,
            "eps_latest_yearly": 0.92,
            "eps_growth_yearly": 164.72
        },
        "20234": {
            "year_quarter": 20234,
            "year": 2023,
            "quarter": 4,
            "eps": -0.08,
            "eps_growth_year": -118.41,
            "eps_4q": 0.85,
            "eps_4q_growth_year": -64.35,
            "roe": -0.55,
            "roe_4q": 5.96,
            "gross_profit": 43364,
            "gross_margin": 15.07,
            "gross_margin_4q_avg": 16.43,
            "net_income": -8549,
            "net_income_4q": null,
            "revenue": 287751,
            "revenue_4q": null,
            "common_shares": 1063518,
            "book_valuer_per_share": 14.63,
            "book_valuer_per_share_4q_avg": 14.3,
            "equity": 1556206,
            "current_ratio": 559.86,
            "debt_ratio": 17.61,
            "inventory_turnover_ratio": 1.03,
            "account_receivable_turnover_ratio": 1.19,
            "reinvestment_rate": 8.78,
            "research_to_sale_ratio": 2.61,
            "price_fair": 55.44,
            "eps_avg_yearly": 1.58,
            "eps_latest_yearly": 0.92,
            "eps_growth_yearly": 190.63
        }
    },
    "months": {
        "2001-06": {
            "month": "2001-06",
            "price": "8.68",
            "revenue": 123846
        },
        "2001-07": {
            "month": "2001-07",
            "price": "6.38",
            "revenue": 121210
        },
        "2001-08": {
            "month": "2001-08",
            "price": "6.38",
            "revenue": 161013
        },
        "2001-09": {
            "month": "2001-09",
            "price": "5.72",
            "revenue": 160877
        },
        "2001-10": {
            "month": "2001-10",
            "price": "5.59",
            "revenue": 154051
        },
        "2001-11": {
            "month": "2001-11",
            "price": "7.37",
            "revenue": 172272
        },
        "2001-12": {
            "month": "2001-12",
            "price": "12.23",
            "revenue": 140097
        },
        "2002-01": {
            "month": "2002-01",
            "price": "15.99",
            "revenue": 83478
        },
        "2002-02": {
            "month": "2002-02",
            "price": "18.58",
            "revenue": 90490
        },
        "2002-03": {
            "month": "2002-03",
            "price": "17.60",
            "revenue": 121414
        },
        "2002-04": {
            "month": "2002-04",
            "price": "17.98",
            "revenue": 107451
        },
        "2002-05": {
            "month": "2002-05",
            "price": "14.96",
            "revenue": 104404
        },
        "2002-06": {
            "month": "2002-06",
            "price": "13.87",
            "revenue": 80193
        },
        "2002-07": {
            "month": "2002-07",
            "price": "11.42",
            "revenue": 81935
        },
        "2002-08": {
            "month": "2002-08",
            "price": "10.76",
            "revenue": 93651
        },
        "2002-09": {
            "month": "2002-09",
            "price": "10.44",
            "revenue": 80417
        },
        "2002-10": {
            "month": "2002-10",
            "price": "9.18",
            "revenue": 91301
        },
        "2002-11": {
            "month": "2002-11",
            "price": "8.45",
            "revenue": 100750
        },
        "2002-12": {
            "month": "2002-12",
            "price": "10.03",
            "revenue": 123229
        },
        "2003-01": {
            "month": "2003-01",
            "price": "12.44",
            "revenue": 100398
        },
        "2003-02": {
            "month": "2003-02",
            "price": "14.11",
            "revenue": 91347
        },
        "2003-03": {
            "month": "2003-03",
            "price": "12.49",
            "revenue": 107346
        },
        "2003-04": {
            "month": "2003-04",
            "price": "11.77",
            "revenue": 103505
        },
        "2003-05": {
            "month": "2003-05",
            "price": "9.60",
            "revenue": 131949
        },
        "2003-06": {
            "month": "2003-06",
            "price": "12.25",
            "revenue": 144510
        },
        "2003-07": {
            "month": "2003-07",
            "price": "12.68",
            "revenue": 103160
        },
        "2003-08": {
            "month": "2003-08",
            "price": "10.71",
            "revenue": 131213
        },
        "2003-09": {
            "month": "2003-09",
            "price": "9.50",
            "revenue": 116926
        },
        "2003-10": {
            "month": "2003-10",
            "price": "9.52",
            "revenue": 144042
        },
        "2003-11": {
            "month": "2003-11",
            "price": "10.23",
            "revenue": 120968
        },
        "2003-12": {
            "month": "2003-12",
            "price": "12.30",
            "revenue": 175874
        },
        "2004-01": {
            "month": "2004-01",
            "price": "14.27",
            "revenue": 174618
        },
        "2004-02": {
            "month": "2004-02",
            "price": "14.50",
            "revenue": 192642
        },
        "2004-03": {
            "month": "2004-03",
            "price": "15.98",
            "revenue": 215885
        },
        "2004-04": {
            "month": "2004-04",
            "price": "19.22",
            "revenue": 246876
        },
        "2004-05": {
            "month": "2004-05",
            "price": "16.92",
            "revenue": 280500
        },
        "2004-06": {
            "month": "2004-06",
            "price": "15.99",
            "revenue": 301680
        },
        "2004-07": {
            "month": "2004-07",
            "price": "15.79",
            "revenue": 348518
        },
        "2004-08": {
            "month": "2004-08",
            "price": "16.98",
            "revenue": 272025
        },
        "2004-09": {
            "month": "2004-09",
            "price": "17.41",
            "revenue": 322074
        },
        "2004-10": {
            "month": "2004-10",
            "price": "15.09",
            "revenue": 328310
        },
        "2004-11": {
            "month": "2004-11",
            "price": "12.70",
            "revenue": 311189
        },
        "2004-12": {
            "month": "2004-12",
            "price": "13.10",
            "revenue": 260856
        },
        "2005-01": {
            "month": "2005-01",
            "price": "12.37",
            "revenue": 240550
        },
        "2005-02": {
            "month": "2005-02",
            "price": "12.72",
            "revenue": 190481
        },
        "2005-03": {
            "month": "2005-03",
            "price": "13.57",
            "revenue": 222276
        },
        "2005-04": {
            "month": "2005-04",
            "price": "13.92",
            "revenue": 207604
        },
        "2005-05": {
            "month": "2005-05",
            "price": "11.24",
            "revenue": 208490
        },
        "2005-06": {
            "month": "2005-06",
            "price": "11.58",
            "revenue": 170264
        },
        "2005-07": {
            "month": "2005-07",
            "price": "12.20",
            "revenue": 187641
        },
        "2005-08": {
            "month": "2005-08",
            "price": "9.85",
            "revenue": 213886
        },
        "2005-09": {
            "month": "2005-09",
            "price": "8.85",
            "revenue": 230245
        },
        "2005-10": {
            "month": "2005-10",
            "price": "8.00",
            "revenue": 218458
        },
        "2005-11": {
            "month": "2005-11",
            "price": "9.12",
            "revenue": 230644
        },
        "2005-12": {
            "month": "2005-12",
            "price": "12.88",
            "revenue": 196686
        },
        "2006-01": {
            "month": "2006-01",
            "price": "15.96",
            "revenue": 194433
        },
        "2006-02": {
            "month": "2006-02",
            "price": "13.54",
            "revenue": 178758
        },
        "2006-03": {
            "month": "2006-03",
            "price": "9.57",
            "revenue": 244916
        },
        "2006-04": {
            "month": "2006-04",
            "price": "10.80",
            "revenue": 220458
        },
        "2006-05": {
            "month": "2006-05",
            "price": "10.78",
            "revenue": 250773
        },
        "2006-06": {
            "month": "2006-06",
            "price": "9.33",
            "revenue": 188910
        },
        "2006-07": {
            "month": "2006-07",
            "price": "8.92",
            "revenue": 226491
        },
        "2006-08": {
            "month": "2006-08",
            "price": "8.39",
            "revenue": 209858
        },
        "2006-09": {
            "month": "2006-09",
            "price": "7.02",
            "revenue": 200322
        },
        "2006-10": {
            "month": "2006-10",
            "price": "7.71",
            "revenue": 219226
        },
        "2006-11": {
            "month": "2006-11",
            "price": "7.92",
            "revenue": 190366
        },
        "2006-12": {
            "month": "2006-12",
            "price": "8.21",
            "revenue": 139219
        },
        "2007-01": {
            "month": "2007-01",
            "price": "7.83",
            "revenue": 182542
        },
        "2007-02": {
            "month": "2007-02",
            "price": "7.47",
            "revenue": 146098
        },
        "2007-03": {
            "month": "2007-03",
            "price": "7.36",
            "revenue": 200958
        },
        "2007-04": {
            "month": "2007-04",
            "price": "8.14",
            "revenue": 140643
        },
        "2007-05": {
            "month": "2007-05",
            "price": "8.03",
            "revenue": 149646
        },
        "2007-06": {
            "month": "2007-06",
            "price": "8.96",
            "revenue": 144299
        },
        "2007-07": {
            "month": "2007-07",
            "price": "11.68",
            "revenue": 167870
        },
        "2007-08": {
            "month": "2007-08",
            "price": "10.15",
            "revenue": 175125
        },
        "2007-09": {
            "month": "2007-09",
            "price": "9.46",
            "revenue": 180073
        },
        "2007-10": {
            "month": "2007-10",
            "price": "9.22",
            "revenue": 191202
        },
        "2007-11": {
            "month": "2007-11",
            "price": "8.92",
            "revenue": 201121
        },
        "2007-12": {
            "month": "2007-12",
            "price": "7.81",
            "revenue": 171889
        },
        "2008-01": {
            "month": "2008-01",
            "price": "7.11",
            "revenue": 176381
        },
        "2008-02": {
            "month": "2008-02",
            "price": "6.53",
            "revenue": 151682
        },
        "2008-03": {
            "month": "2008-03",
            "price": "7.09",
            "revenue": 145066
        },
        "2008-04": {
            "month": "2008-04",
            "price": "7.34",
            "revenue": 162257
        },
        "2008-05": {
            "month": "2008-05",
            "price": "6.92",
            "revenue": 138479
        },
        "2008-06": {
            "month": "2008-06",
            "price": "6.46",
            "revenue": 140555
        },
        "2008-07": {
            "month": "2008-07",
            "price": "4.41",
            "revenue": 143125
        },
        "2008-08": {
            "month": "2008-08",
            "price": "4.17",
            "revenue": 124003
        },
        "2008-09": {
            "month": "2008-09",
            "price": "3.16",
            "revenue": 133965
        },
        "2008-10": {
            "month": "2008-10",
            "price": "2.42",
            "revenue": 155202
        },
        "2008-11": {
            "month": "2008-11",
            "price": "1.92",
            "revenue": 162030
        },
        "2008-12": {
            "month": "2008-12",
            "price": "1.86",
            "revenue": 130514
        },
        "2009-01": {
            "month": "2009-01",
            "price": "1.92",
            "revenue": 95613
        },
        "2009-02": {
            "month": "2009-02",
            "price": "2.04",
            "revenue": 90269
        },
        "2009-03": {
            "month": "2009-03",
            "price": "3.08",
            "revenue": 93901
        },
        "2009-04": {
            "month": "2009-04",
            "price": "3.90",
            "revenue": 93246
        },
        "2009-05": {
            "month": "2009-05",
            "price": "4.00",
            "revenue": 83878
        },
        "2009-06": {
            "month": "2009-06",
            "price": "3.68",
            "revenue": 102048
        },
        "2009-07": {
            "month": "2009-07",
            "price": "4.65",
            "revenue": 106387
        },
        "2009-08": {
            "month": "2009-08",
            "price": "4.81",
            "revenue": 110756
        },
        "2009-09": {
            "month": "2009-09",
            "price": "5.24",
            "revenue": 120975
        },
        "2009-10": {
            "month": "2009-10",
            "price": "5.64",
            "revenue": 130619
        },
        "2009-11": {
            "month": "2009-11",
            "price": "5.34",
            "revenue": 131095
        },
        "2009-12": {
            "month": "2009-12",
            "price": "7.29",
            "revenue": 122636
        },
        "2010-01": {
            "month": "2010-01",
            "price": "7.24",
            "revenue": 125025
        },
        "2010-02": {
            "month": "2010-02",
            "price": "6.33",
            "revenue": 120486
        },
        "2010-03": {
            "month": "2010-03",
            "price": "6.45",
            "revenue": 153977
        },
        "2010-04": {
            "month": "2010-04",
            "price": "6.77",
            "revenue": 172214
        },
        "2010-05": {
            "month": "2010-05",
            "price": "5.85",
            "revenue": 140175
        },
        "2010-06": {
            "month": "2010-06",
            "price": "5.63",
            "revenue": 112578
        },
        "2010-07": {
            "month": "2010-07",
            "price": "5.87",
            "revenue": 146051
        },
        "2010-08": {
            "month": "2010-08",
            "price": "5.89",
            "revenue": 167647
        },
        "2010-09": {
            "month": "2010-09",
            "price": "9.57",
            "revenue": 168933
        },
        "2010-10": {
            "month": "2010-10",
            "price": "9.36",
            "revenue": 181157
        },
        "2010-11": {
            "month": "2010-11",
            "price": "8.01",
            "revenue": 131201
        },
        "2010-12": {
            "month": "2010-12",
            "price": "8.52",
            "revenue": 140027
        },
        "2011-01": {
            "month": "2011-01",
            "price": "9.09",
            "revenue": 141396
        },
        "2011-02": {
            "month": "2011-02",
            "price": "9.04",
            "revenue": 100637
        },
        "2011-03": {
            "month": "2011-03",
            "price": "8.60",
            "revenue": 120066
        },
        "2011-04": {
            "month": "2011-04",
            "price": "8.05",
            "revenue": 130664
        },
        "2011-05": {
            "month": "2011-05",
            "price": "6.85",
            "revenue": 140947
        },
        "2011-06": {
            "month": "2011-06",
            "price": "6.36",
            "revenue": 171097
        },
        "2011-07": {
            "month": "2011-07",
            "price": "6.63",
            "revenue": 134003
        },
        "2011-08": {
            "month": "2011-08",
            "price": "5.83",
            "revenue": 150611
        },
        "2011-09": {
            "month": "2011-09",
            "price": "4.87",
            "revenue": 132241
        },
        "2011-10": {
            "month": "2011-10",
            "price": "4.32",
            "revenue": 152228
        },
        "2011-11": {
            "month": "2011-11",
            "price": "3.36",
            "revenue": 143066
        },
        "2011-12": {
            "month": "2011-12",
            "price": "3.07",
            "revenue": 130542
        },
        "2012-01": {
            "month": "2012-01",
            "price": "3.31",
            "revenue": 125273
        },
        "2012-02": {
            "month": "2012-02",
            "price": "4.11",
            "revenue": 132473
        },
        "2012-03": {
            "month": "2012-03",
            "price": "4.65",
            "revenue": 152748
        },
        "2012-04": {
            "month": "2012-04",
            "price": "4.76",
            "revenue": 163760
        },
        "2012-05": {
            "month": "2012-05",
            "price": "4.47",
            "revenue": 128277
        },
        "2012-06": {
            "month": "2012-06",
            "price": "3.82",
            "revenue": 118722
        },
        "2012-07": {
            "month": "2012-07",
            "price": "3.61",
            "revenue": 131921
        },
        "2012-08": {
            "month": "2012-08",
            "price": "3.24",
            "revenue": 120111
        },
        "2012-09": {
            "month": "2012-09",
            "price": "3.22",
            "revenue": 110848
        },
        "2012-10": {
            "month": "2012-10",
            "price": "2.87",
            "revenue": 120395
        },
        "2012-11": {
            "month": "2012-11",
            "price": "2.60",
            "revenue": 120513
        },
        "2012-12": {
            "month": "2012-12",
            "price": "2.95",
            "revenue": 102362
        },
        "2013-01": {
            "month": "2013-01",
            "price": "3.04",
            "revenue": 126837
        },
        "2013-02": {
            "month": "2013-02",
            "price": "2.91",
            "revenue": 102681
        },
        "2013-03": {
            "month": "2013-03",
            "price": "2.95",
            "revenue": 128194
        },
        "2013-04": {
            "month": "2013-04",
            "price": "2.92",
            "revenue": 145423
        },
        "2013-05": {
            "month": "2013-05",
            "price": "3.36",
            "revenue": 132081
        },
        "2013-06": {
            "month": "2013-06",
            "price": "3.98",
            "revenue": 105028
        },
        "2013-07": {
            "month": "2013-07",
            "price": "3.47",
            "revenue": 116968
        },
        "2013-08": {
            "month": "2013-08",
            "price": "3.11",
            "revenue": 119866
        },
        "2013-09": {
            "month": "2013-09",
            "price": "3.49",
            "revenue": 185255
        },
        "2013-10": {
            "month": "2013-10",
            "price": "3.81",
            "revenue": 191711
        },
        "2013-11": {
            "month": "2013-11",
            "price": "3.77",
            "revenue": 169704
        },
        "2013-12": {
            "month": "2013-12",
            "price": "3.91",
            "revenue": 162136
        },
        "2014-01": {
            "month": "2014-01",
            "price": "4.98",
            "revenue": 152760
        },
        "2014-02": {
            "month": "2014-02",
            "price": "6.73",
            "revenue": 128586
        },
        "2014-03": {
            "month": "2014-03",
            "price": "6.56",
            "revenue": 147192
        },
        "2014-04": {
            "month": "2014-04",
            "price": "5.26",
            "revenue": 182314
        },
        "2014-05": {
            "month": "2014-05",
            "price": "4.42",
            "revenue": 201189
        },
        "2014-06": {
            "month": "2014-06",
            "price": "4.25",
            "revenue": 205024
        },
        "2014-07": {
            "month": "2014-07",
            "price": "4.18",
            "revenue": 205616
        },
        "2014-08": {
            "month": "2014-08",
            "price": "4.98",
            "revenue": 210089
        },
        "2014-09": {
            "month": "2014-09",
            "price": "5.31",
            "revenue": 211534
        },
        "2014-10": {
            "month": "2014-10",
            "price": "5.36",
            "revenue": 204366
        },
        "2014-11": {
            "month": "2014-11",
            "price": "6.68",
            "revenue": 202447
        },
        "2014-12": {
            "month": "2014-12",
            "price": "7.16",
            "revenue": 201999
        },
        "2015-01": {
            "month": "2015-01",
            "price": "7.98",
            "revenue": 229775
        },
        "2015-02": {
            "month": "2015-02",
            "price": "8.83",
            "revenue": 173138
        },
        "2015-03": {
            "month": "2015-03",
            "price": "9.94",
            "revenue": 207512
        },
        "2015-04": {
            "month": "2015-04",
            "price": "15.46",
            "revenue": 222080
        },
        "2015-05": {
            "month": "2015-05",
            "price": "15.66",
            "revenue": 223873
        },
        "2015-06": {
            "month": "2015-06",
            "price": "13.65",
            "revenue": 225993
        },
        "2015-07": {
            "month": "2015-07",
            "price": "14.89",
            "revenue": 226491
        },
        "2015-08": {
            "month": "2015-08",
            "price": "14.76",
            "revenue": 227050
        },
        "2015-09": {
            "month": "2015-09",
            "price": "14.97",
            "revenue": 228159
        },
        "2015-10": {
            "month": "2015-10",
            "price": "22.02",
            "revenue": 230783
        },
        "2015-11": {
            "month": "2015-11",
            "price": "24.19",
            "revenue": 232756
        },
        "2015-12": {
            "month": "2015-12",
            "price": "22.03",
            "revenue": 233809
        },
        "2016-01": {
            "month": "2016-01",
            "price": "22.15",
            "revenue": 230045
        },
        "2016-02": {
            "month": "2016-02",
            "price": "25.63",
            "revenue": 192894
        },
        "2016-03": {
            "month": "2016-03",
            "price": "31.40",
            "revenue": 231754
        },
        "2016-04": {
            "month": "2016-04",
            "price": "30.31",
            "revenue": 232611
        },
        "2016-05": {
            "month": "2016-05",
            "price": "29.19",
            "revenue": 233860
        },
        "2016-06": {
            "month": "2016-06",
            "price": "31.21",
            "revenue": 234166
        },
        "2016-07": {
            "month": "2016-07",
            "price": "31.64",
            "revenue": 234553
        },
        "2016-08": {
            "month": "2016-08",
            "price": "34.67",
            "revenue": 220419
        },
        "2016-09": {
            "month": "2016-09",
            "price": "29.97",
            "revenue": 204434
        },
        "2016-10": {
            "month": "2016-10",
            "price": "27.21",
            "revenue": 200278
        },
        "2016-11": {
            "month": "2016-11",
            "price": "26.54",
            "revenue": 200463
        },
        "2016-12": {
            "month": "2016-12",
            "price": "26.13",
            "revenue": 201576
        },
        "2017-01": {
            "month": "2017-01",
            "price": "27.26",
            "revenue": 170091
        },
        "2017-02": {
            "month": "2017-02",
            "price": "27.61",
            "revenue": 171013
        },
        "2017-03": {
            "month": "2017-03",
            "price": "28.15",
            "revenue": 173244
        },
        "2017-04": {
            "month": "2017-04",
            "price": "25.24",
            "revenue": 173562
        },
        "2017-05": {
            "month": "2017-05",
            "price": "22.72",
            "revenue": 165882
        },
        "2017-06": {
            "month": "2017-06",
            "price": "23.89",
            "revenue": 170555
        },
        "2017-07": {
            "month": "2017-07",
            "price": "21.50",
            "revenue": 171548
        },
        "2017-08": {
            "month": "2017-08",
            "price": "19.17",
            "revenue": 151179
        },
        "2017-09": {
            "month": "2017-09",
            "price": "18.36",
            "revenue": 140264
        },
        "2017-10": {
            "month": "2017-10",
            "price": "16.39",
            "revenue": 116518
        },
        "2017-11": {
            "month": "2017-11",
            "price": "15.90",
            "revenue": 102088
        },
        "2017-12": {
            "month": "2017-12",
            "price": "16.35",
            "revenue": 113767
        },
        "2018-01": {
            "month": "2018-01",
            "price": "18.83",
            "revenue": 171415
        },
        "2018-02": {
            "month": "2018-02",
            "price": "17.70",
            "revenue": 137704
        },
        "2018-03": {
            "month": "2018-03",
            "price": "18.04",
            "revenue": 167240
        },
        "2018-04": {
            "month": "2018-04",
            "price": "17.31",
            "revenue": 151272
        },
        "2018-05": {
            "month": "2018-05",
            "price": "16.94",
            "revenue": 130812
        },
        "2018-06": {
            "month": "2018-06",
            "price": "17.60",
            "revenue": 132185
        },
        "2018-07": {
            "month": "2018-07",
            "price": "16.96",
            "revenue": 133455
        },
        "2018-08": {
            "month": "2018-08",
            "price": "18.08",
            "revenue": 152702
        },
        "2018-09": {
            "month": "2018-09",
            "price": "18.07",
            "revenue": 155222
        },
        "2018-10": {
            "month": "2018-10",
            "price": "15.73",
            "revenue": 157845
        },
        "2018-11": {
            "month": "2018-11",
            "price": "15.81",
            "revenue": 159550
        },
        "2018-12": {
            "month": "2018-12",
            "price": "16.92",
            "revenue": 171013
        },
        "2019-01": {
            "month": "2019-01",
            "price": "18.50",
            "revenue": 171864
        },
        "2019-02": {
            "month": "2019-02",
            "price": "18.97",
            "revenue": 138742
        },
        "2019-03": {
            "month": "2019-03",
            "price": "20.56",
            "revenue": 167769
        },
        "2019-04": {
            "month": "2019-04",
            "price": "23.08",
            "revenue": 169059
        },
        "2019-05": {
            "month": "2019-05",
            "price": "20.13",
            "revenue": 150239
        },
        "2019-06": {
            "month": "2019-06",
            "price": "19.33",
            "revenue": 150924
        },
        "2019-07": {
            "month": "2019-07",
            "price": "18.72",
            "revenue": 152371
        },
        "2019-08": {
            "month": "2019-08",
            "price": "17.24",
            "revenue": 154448
        },
        "2019-09": {
            "month": "2019-09",
            "price": "17.34",
            "revenue": 156255
        },
        "2019-10": {
            "month": "2019-10",
            "price": "17.74",
            "revenue": 158257
        },
        "2019-11": {
            "month": "2019-11",
            "price": "17.45",
            "revenue": 159613
        },
        "2019-12": {
            "month": "2019-12",
            "price": "17.19",
            "revenue": 145668
        },
        "2020-01": {
            "month": "2020-01",
            "price": "17.02",
            "revenue": 130202
        },
        "2020-02": {
            "month": "2020-02",
            "price": "14.66",
            "revenue": 115065
        },
        "2020-03": {
            "month": "2020-03",
            "price": "12.80",
            "revenue": 131302
        },
        "2020-04": {
            "month": "2020-04",
            "price": "12.39",
            "revenue": 115633
        },
        "2020-05": {
            "month": "2020-05",
            "price": "13.44",
            "revenue": 132631
        },
        "2020-06": {
            "month": "2020-06",
            "price": "14.06",
            "revenue": 135353
        },
        "2020-07": {
            "month": "2020-07",
            "price": "13.47",
            "revenue": 158657
        },
        "2020-08": {
            "month": "2020-08",
            "price": "13.38",
            "revenue": 170233
        },
        "2020-09": {
            "month": "2020-09",
            "price": "14.01",
            "revenue": 174204
        },
        "2020-10": {
            "month": "2020-10",
            "price": "14.26",
            "revenue": 174887
        },
        "2020-11": {
            "month": "2020-11",
            "price": "14.25",
            "revenue": 175619
        },
        "2020-12": {
            "month": "2020-12",
            "price": "16.05",
            "revenue": 177786
        },
        "2021-01": {
            "month": "2021-01",
            "price": "15.45",
            "revenue": 180155
        },
        "2021-02": {
            "month": "2021-02",
            "price": "15.80",
            "revenue": 150526
        },
        "2021-03": {
            "month": "2021-03",
            "price": "16.70",
            "revenue": 181338
        },
        "2021-04": {
            "month": "2021-04",
            "price": "19.60",
            "revenue": 182363
        },
        "2021-05": {
            "month": "2021-05",
            "price": "18.09",
            "revenue": 183182
        },
        "2021-06": {
            "month": "2021-06",
            "price": "19.15",
            "revenue": 184008
        },
        "2021-07": {
            "month": "2021-07",
            "price": "18.98",
            "revenue": 185122
        },
        "2021-08": {
            "month": "2021-08",
            "price": "17.13",
            "revenue": 173791
        },
        "2021-09": {
            "month": "2021-09",
            "price": "15.42",
            "revenue": 175674
        },
        "2021-10": {
            "month": "2021-10",
            "price": "15.06",
            "revenue": 176291
        },
        "2021-11": {
            "month": "2021-11",
            "price": "17.04",
            "revenue": 150203
        },
        "2021-12": {
            "month": "2021-12",
            "price": "18.25",
            "revenue": 151485
        },
        "2022-01": {
            "month": "2022-01",
            "price": "17.76",
            "revenue": 152306
        },
        "2022-02": {
            "month": "2022-02",
            "price": "17.80",
            "revenue": 140933
        },
        "2022-03": {
            "month": "2022-03",
            "price": "18.20",
            "revenue": 155268
        },
        "2022-04": {
            "month": "2022-04",
            "price": "17.63",
            "revenue": 168400
        },
        "2022-05": {
            "month": "2022-05",
            "price": "17.72",
            "revenue": 166983
        },
        "2022-06": {
            "month": "2022-06",
            "price": "17.70",
            "revenue": 169042
        },
        "2022-07": {
            "month": "2022-07",
            "price": "15.45",
            "revenue": 170659
        },
        "2022-08": {
            "month": "2022-08",
            "price": "16.83",
            "revenue": 150382
        },
        "2022-09": {
            "month": "2022-09",
            "price": "16.47",
            "revenue": 171041
        },
        "2022-10": {
            "month": "2022-10",
            "price": "15.93",
            "revenue": 172689
        },
        "2022-11": {
            "month": "2022-11",
            "price": "17.60",
            "revenue": 169903
        },
        "2022-12": {
            "month": "2022-12",
            "price": "18.31",
            "revenue": 161075
        },
        "2023-01": {
            "month": "2023-01",
            "price": "18.37",
            "revenue": 144192
        },
        "2023-02": {
            "month": "2023-02",
            "price": "20.20",
            "revenue": 153360
        },
        "2023-03": {
            "month": "2023-03",
            "price": "23.36",
            "revenue": 156691
        },
        "2023-04": {
            "month": "2023-04",
            "price": "23.14",
            "revenue": 157728
        },
        "2023-05": {
            "month": "2023-05",
            "price": "21.80",
            "revenue": 151543
        },
        "2023-06": {
            "month": "2023-06",
            "price": "22.12",
            "revenue": 153547
        },
        "2023-07": {
            "month": "2023-07",
            "price": "19.95",
            "revenue": 132463
        },
        "2023-08": {
            "month": "2023-08",
            "price": "18.78",
            "revenue": 120387
        },
        "2023-09": {
            "month": "2023-09",
            "price": "18.88",
            "revenue": 100161
        },
        "2023-10": {
            "month": "2023-10",
            "price": "18.05",
            "revenue": 96349
        },
        "2023-11": {
            "month": "2023-11",
            "price": "18.04",
            "revenue": 95247
        },
        "2023-12": {
            "month": "2023-12",
            "price": "18.19",
            "revenue": 96155
        }
    }
}
