{
    "summary": {
        "stock_name": "凱美",
        "stock_id": "5317",
        "category": "電子零組件",
        "main_business": "鋁質電解電容器<br>直流馬達風扇、電子安定器",
        "website_url": "",
        "ceo": "翁啟勝",
        "pe_ratio": 25,
        "report_year_from": 2001,
        "report_year_to": 2019,
        "age": 22,
        "eps_negative_percentage": 51,
        "eps_growth_avg": {
            "last_all": -42.74,
            "last_2y": 5.28,
            "last_4y": -29.81,
            "last_8y": -45.59,
            "last_12y": -44.99,
            "last_16y": -42.74,
            "last_20y": null,
            "at_2006_last_3y": -32.58,
            "at_2007_last_3y": -16.72,
            "at_2008_last_3y": 1.15,
            "at_2009_last_3y": -24.14,
            "at_2010_last_3y": -43.79,
            "at_2011_last_3y": -72.32,
            "at_2012_last_3y": -90.2,
            "at_2013_last_3y": -85.29,
            "at_2014_last_3y": -61.37,
            "at_2015_last_3y": -71.17,
            "at_2016_last_3y": -56.76,
            "at_2017_last_3y": -56.76,
            "at_2018_last_3y": 0,
            "at_2019_last_3y": 5.28,
            "at_2020_last_3y": 5.28,
            "at_2021_last_3y": 5.28,
            "at_2022_last_3y": 5.28,
            "at_2023_last_3y": 5.28,
            "at_2006_last_all": -32.58,
            "at_2007_last_all": -16.72,
            "at_2008_last_all": -24.14,
            "at_2009_last_all": -39.31,
            "at_2010_last_all": -39.31,
            "at_2011_last_all": -44.52,
            "at_2012_last_all": -52.45,
            "at_2013_last_all": -52.45,
            "at_2014_last_all": -47.58,
            "at_2015_last_all": -53.41,
            "at_2016_last_all": -53.41,
            "at_2017_last_all": -53.41,
            "at_2018_last_all": -38.06,
            "at_2019_last_all": -42.74,
            "at_2020_last_all": -42.74,
            "at_2021_last_all": -42.74,
            "at_2022_last_all": -42.74,
            "at_2023_last_all": -42.74
        },
        "latest_eps": 1.92,
        "latest_price": 47.3,
        "latest_roe": 5.93,
        "latest_gross_margin": 26.67,
        "latest_equity": 6443656,
        "latest_revenue": 829663,
        "latest_gross_profit": 221308,
        "latest_net_income": -71647,
        "latest_debt_ratio": 43.38,
        "latest_current_ratio": 169.22,
        "latest_account_receivable_turnover_ratio": 0.76,
        "latest_inventory_turnover_ratio": 0.96,
        "latest_reinvestment_rate": 69.04,
        "latest_research_to_sale_ratio": 2.98
    },
    "eps_dividends": {
        "1994": {
            "cash": 0,
            "stock": 1,
            "eps": 0
        },
        "1995": {
            "cash": 0,
            "stock": 1,
            "eps": 0
        },
        "1996": {
            "cash": 0,
            "stock": 1,
            "eps": 0
        },
        "1997": {
            "cash": 0,
            "stock": 1,
            "eps": 0
        },
        "1998": {
            "cash": 0,
            "stock": 2,
            "eps": 0
        },
        "1999": {
            "cash": 0,
            "stock": 1,
            "eps": 0
        },
        "2001": {
            "cash": 0,
            "stock": 0,
            "eps": -0.17
        },
        "2002": {
            "cash": 0,
            "stock": 0,
            "eps": -0.74
        },
        "2003": {
            "cash": 0,
            "stock": 0,
            "eps": 0.09
        },
        "2004": {
            "cash": 0,
            "stock": 0,
            "eps": -1.22
        },
        "2005": {
            "cash": 0,
            "stock": 0,
            "eps": 0.89
        },
        "2006": {
            "cash": 1,
            "stock": 0,
            "eps": 1.2
        },
        "2007": {
            "cash": 1,
            "stock": 0,
            "eps": 1.38
        },
        "2008": {
            "cash": 1,
            "stock": 0,
            "eps": 0.74
        },
        "2009": {
            "cash": 0,
            "stock": 0,
            "eps": -0.64
        },
        "2010": {
            "cash": 0,
            "stock": 0,
            "eps": 0.51
        },
        "2011": {
            "cash": 1,
            "stock": 0,
            "eps": 0.15
        },
        "2012": {
            "cash": 0,
            "stock": 0,
            "eps": -0.37
        },
        "2013": {
            "cash": 0,
            "stock": 0,
            "eps": 0.74
        },
        "2014": {
            "cash": 1,
            "stock": 0,
            "eps": 0.64
        },
        "2015": {
            "cash": 1,
            "stock": 0,
            "eps": -0.32
        },
        "2016": {
            "cash": 0,
            "stock": 0,
            "eps": -1.21
        },
        "2017": {
            "cash": 0,
            "stock": 0,
            "eps": 2.23
        },
        "2018": {
            "cash": 1,
            "stock": 0,
            "eps": 21.98
        },
        "2019": {
            "cash": 4,
            "stock": 0,
            "eps": 2.32
        }
    },
    "dividends": {
        "1994-06-22": {
            "cash": 0,
            "stock": 1.3
        },
        "1995-06-15": {
            "cash": 0,
            "stock": 0.5
        },
        "1996-05-29": {
            "cash": 0,
            "stock": 1
        },
        "1997-05-07": {
            "cash": 0,
            "stock": 1
        },
        "1998-06-25": {
            "cash": 0,
            "stock": 1.5
        },
        "1999-06-25": {
            "cash": 0,
            "stock": 1
        },
        "2006-03-24": {
            "cash": 0.5,
            "stock": 0
        },
        "2007-03-23": {
            "cash": 0.8,
            "stock": 0.2
        },
        "2008-03-20": {
            "cash": 0.8,
            "stock": 0.2
        },
        "2009-03-24": {
            "cash": 0.3,
            "stock": 0
        },
        "2011-03-18": {
            "cash": 0.5,
            "stock": 0
        },
        "2012-07-31": {
            "cash": 0.1,
            "stock": 0
        },
        "2014-07-31": {
            "cash": 0.5,
            "stock": 0
        },
        "2015-08-13": {
            "cash": 0.5,
            "stock": 0
        },
        "2018-07-17": {
            "cash": 1.3,
            "stock": 0
        },
        "2019-08-02": {
            "cash": 4,
            "stock": 0
        }
    },
    "prices": {
        "200101": "7.61",
        "200102": "10.45",
        "200103": "11.79",
        "200104": "14.22",
        "200105": "10.51",
        "200106": "9.42",
        "200107": "7.19",
        "200108": "6.98",
        "200109": "5.81",
        "200110": "4.92",
        "200111": "6.41",
        "200112": "9.82",
        "200201": "10.53",
        "200202": "9.92",
        "200203": "10.24",
        "200204": "13.60",
        "200205": "12.16",
        "200206": "10.27",
        "200207": "8.38",
        "200208": "8.59",
        "200209": "7.53",
        "200210": "7.08",
        "200211": "7.04",
        "200212": "6.80",
        "200301": "6.99",
        "200302": "7.42",
        "200303": "7.27",
        "200304": "6.78",
        "200305": "5.56",
        "200306": "7.42",
        "200307": "7.63",
        "200308": "6.81",
        "200309": "6.44",
        "200310": "6.45",
        "200311": "7.73",
        "200312": "7.75",
        "200401": "7.88",
        "200402": "9.00",
        "200403": "8.72",
        "200404": "9.15",
        "200405": "7.70",
        "200406": "6.95",
        "200407": "6.34",
        "200408": "6.01",
        "200409": "5.00",
        "200410": "4.74",
        "200411": "4.38",
        "200412": "4.05",
        "200501": "3.86",
        "200502": "4.01",
        "200503": "4.36",
        "200504": "4.85",
        "200505": "5.67",
        "200506": "5.44",
        "200507": "6.22",
        "200508": "5.62",
        "200509": "7.00",
        "200510": "6.81",
        "200511": "7.60",
        "200512": "8.76",
        "200601": "10.25",
        "200602": "9.99",
        "200603": "8.55",
        "200604": "9.63",
        "200605": "9.87",
        "200606": "8.44",
        "200607": "9.00",
        "200608": "9.78",
        "200609": "11.51",
        "200610": "12.64",
        "200611": "13.10",
        "200612": "13.16",
        "200701": "15.18",
        "200702": "15.84",
        "200703": "15.94",
        "200704": "15.80",
        "200705": "14.35",
        "200706": "15.65",
        "200707": "16.11",
        "200708": "14.76",
        "200709": "14.18",
        "200710": "13.58",
        "200711": "13.08",
        "200712": "11.66",
        "200801": "10.76",
        "200802": "10.36",
        "200803": "10.96",
        "200804": "12.40",
        "200805": "12.39",
        "200806": "10.99",
        "200807": "9.37",
        "200808": "9.63",
        "200809": "7.64",
        "200810": "6.62",
        "200811": "5.85",
        "200812": "5.27",
        "200901": "5.00",
        "200902": "5.08",
        "200903": "6.12",
        "200904": "6.82",
        "200905": "6.66",
        "200906": "6.27",
        "200907": "6.51",
        "200908": "7.20",
        "200909": "7.04",
        "200910": "7.50",
        "200911": "7.06",
        "200912": "8.39",
        "201001": "8.60",
        "201002": "7.82",
        "201003": "9.06",
        "201004": "10.89",
        "201005": "12.02",
        "201006": "10.91",
        "201007": "11.02",
        "201008": "13.11",
        "201009": "12.15",
        "201010": "12.01",
        "201011": "10.80",
        "201012": "11.62",
        "201101": "11.38",
        "201102": "10.86",
        "201103": "10.58",
        "201104": "10.66",
        "201105": "10.60",
        "201106": "10.37",
        "201107": "9.95",
        "201108": "8.18",
        "201109": "7.70",
        "201110": "7.51",
        "201111": "6.89",
        "201112": "5.87",
        "201201": "6.08",
        "201202": "7.24",
        "201203": "7.74",
        "201204": "7.39",
        "201205": "6.16",
        "201206": "5.75",
        "201207": "5.54",
        "201208": "5.70",
        "201209": "6.03",
        "201210": "6.10",
        "201211": "6.12",
        "201212": "6.57",
        "201301": "6.99",
        "201302": "7.00",
        "201303": "6.94",
        "201304": "7.07",
        "201305": "7.30",
        "201306": "7.71",
        "201307": "7.69",
        "201308": "7.94",
        "201309": "8.20",
        "201310": "8.65",
        "201311": "9.07",
        "201312": "9.32",
        "201401": "10.23",
        "201402": "10.38",
        "201403": "10.40",
        "201404": "10.56",
        "201405": "10.33",
        "201406": "10.57",
        "201407": "10.36",
        "201408": "10.85",
        "201409": "11.09",
        "201410": "11.07",
        "201411": "11.44",
        "201412": "11.98",
        "201501": "12.17",
        "201502": "12.19",
        "201503": "13.93",
        "201504": "14.00",
        "201505": "12.61",
        "201506": "11.68",
        "201507": "13.25",
        "201508": "13.49",
        "201509": "14.38",
        "201510": "14.36",
        "201511": "14.69",
        "201512": "16.23",
        "201601": "16.54",
        "201602": "16.06",
        "201603": "14.28",
        "201604": "14.19",
        "201605": "14.55",
        "201606": "13.89",
        "201607": "13.72",
        "201608": "14.51",
        "201609": "15.85",
        "201610": "17.95",
        "201611": "17.76",
        "201612": "16.89",
        "201701": "15.55",
        "201702": "15.81",
        "201703": "15.69",
        "201704": "21.44",
        "201705": "26.32",
        "201706": "27.13",
        "201707": "27.16",
        "201708": "27.42",
        "201709": "30.58",
        "201710": "31.12",
        "201711": "33.61",
        "201712": "49.87",
        "201801": "61.27",
        "201802": "55.70",
        "201803": "62.74",
        "201804": "59.34",
        "201805": "63.44",
        "201806": "83.86",
        "201807": "82.50",
        "201808": "69.77",
        "201809": "54.38",
        "201810": "42.36",
        "201811": "41.68",
        "201812": "45.20",
        "201901": "51.67",
        "201902": "57.55",
        "201903": "54.92",
        "201904": "55.02",
        "201905": "52.72",
        "201906": "52.55",
        "201907": "53.53",
        "201908": "41.35",
        "201909": "46.38",
        "201910": "無",
        "201911": "無",
        "201912": "無",
        "202001": "無",
        "202002": "無",
        "202003": "無",
        "202004": "無",
        "202005": "無",
        "202006": "無",
        "202007": "無",
        "202008": "無",
        "202009": "無",
        "202010": "無",
        "202011": "無",
        "202012": "無",
        "202101": "無",
        "202102": "無",
        "202103": "無",
        "202104": "無",
        "202105": "無",
        "202106": "無",
        "202107": "無",
        "202108": "無",
        "202109": "無",
        "202110": "無",
        "202111": "無",
        "202112": "無",
        "202201": "無",
        "202202": "無",
        "202203": "無",
        "202204": "無",
        "202205": "無",
        "202206": "無",
        "202207": "無",
        "202208": "無",
        "202209": "無",
        "202210": "無",
        "202211": "無",
        "202212": "無",
        "202301": "無",
        "202302": "無",
        "202303": "無",
        "202304": "無",
        "202305": "無"
    },
    "quarters": {
        "20011": {
            "year_quarter": 20011,
            "year": 2001,
            "quarter": 1,
            "eps": 0.26,
            "eps_growth_year": -25.71,
            "eps_4q": 0.43,
            "eps_4q_growth_year": null,
            "roe": 1.8,
            "gross_profit": 62380,
            "gross_margin": 15.98,
            "net_income": 31971,
            "revenue": 390448,
            "common_shares": 1230933,
            "equity": 1664835,
            "current_ratio": 96.75,
            "debt_ratio": 49.93,
            "inventory_turnover_ratio": 0.65,
            "account_receivable_turnover_ratio": null,
            "reinvestment_rate": null,
            "research_to_sale_ratio": null,
            "price_fair": 0,
            "eps_avg_yearly": 0,
            "eps_latest_yearly": 0,
            "eps_growth_yearly": 0
        },
        "20012": {
            "year_quarter": 20012,
            "year": 2001,
            "quarter": 2,
            "eps": -0.17,
            "eps_growth_year": -200,
            "eps_4q": 0.08,
            "eps_4q_growth_year": null,
            "roe": -1.28,
            "gross_profit": 45518,
            "gross_margin": 13.4,
            "net_income": -21954,
            "revenue": 339580,
            "common_shares": 1310933,
            "equity": 1764870,
            "current_ratio": 108.03,
            "debt_ratio": 48.37,
            "inventory_turnover_ratio": 0.74,
            "account_receivable_turnover_ratio": null,
            "reinvestment_rate": null,
            "research_to_sale_ratio": null,
            "price_fair": 0,
            "eps_avg_yearly": 0,
            "eps_latest_yearly": 0,
            "eps_growth_yearly": 0
        },
        "20013": {
            "year_quarter": 20013,
            "year": 2001,
            "quarter": 3,
            "eps": -0.12,
            "eps_growth_year": -160,
            "eps_4q": -0.22,
            "eps_4q_growth_year": -225.23,
            "roe": -0.88,
            "gross_profit": 51065,
            "gross_margin": 15.87,
            "net_income": -15576,
            "revenue": 321697,
            "common_shares": 1310933,
            "equity": 1757482,
            "current_ratio": 93.88,
            "debt_ratio": 47.46,
            "inventory_turnover_ratio": 0.68,
            "account_receivable_turnover_ratio": null,
            "reinvestment_rate": null,
            "research_to_sale_ratio": null,
            "price_fair": 0,
            "eps_avg_yearly": 0,
            "eps_latest_yearly": 0,
            "eps_growth_yearly": 0
        },
        "20014": {
            "year_quarter": 20014,
            "year": 2001,
            "quarter": 4,
            "eps": -0.14,
            "eps_growth_year": null,
            "eps_4q": -0.37,
            "eps_4q_growth_year": -169.39,
            "roe": -1.01,
            "gross_profit": 21647,
            "gross_margin": 6.22,
            "net_income": -18554,
            "revenue": 347877,
            "common_shares": 1310933,
            "equity": 1920880,
            "current_ratio": 124.41,
            "debt_ratio": 45.08,
            "inventory_turnover_ratio": 0.65,
            "account_receivable_turnover_ratio": null,
            "reinvestment_rate": null,
            "research_to_sale_ratio": null,
            "price_fair": 0,
            "eps_avg_yearly": 0,
            "eps_latest_yearly": 0,
            "eps_growth_yearly": 0
        },
        "20021": {
            "year_quarter": 20021,
            "year": 2002,
            "quarter": 1,
            "eps": 0,
            "eps_growth_year": -100,
            "eps_4q": -0.43,
            "eps_4q_growth_year": -199.19,
            "roe": -0.02,
            "gross_profit": 40674,
            "gross_margin": 12.72,
            "net_income": -293,
            "revenue": 319691,
            "common_shares": 1310933,
            "equity": 1722749,
            "current_ratio": 86.03,
            "debt_ratio": 44.09,
            "inventory_turnover_ratio": 0.59,
            "account_receivable_turnover_ratio": null,
            "reinvestment_rate": null,
            "research_to_sale_ratio": null,
            "price_fair": 0,
            "eps_avg_yearly": 0,
            "eps_latest_yearly": 0,
            "eps_growth_yearly": 0
        },
        "20022": {
            "year_quarter": 20022,
            "year": 2002,
            "quarter": 2,
            "eps": -0.05,
            "eps_growth_year": null,
            "eps_4q": -0.31,
            "eps_4q_growth_year": -474.83,
            "roe": -0.4,
            "gross_profit": 58374,
            "gross_margin": 13.28,
            "net_income": -6816,
            "revenue": 439730,
            "common_shares": 1310933,
            "equity": 1675985,
            "current_ratio": 81.27,
            "debt_ratio": 46.75,
            "inventory_turnover_ratio": 1.08,
            "account_receivable_turnover_ratio": null,
            "reinvestment_rate": null,
            "research_to_sale_ratio": null,
            "price_fair": 0,
            "eps_avg_yearly": 0,
            "eps_latest_yearly": 0,
            "eps_growth_yearly": 0
        },
        "20023": {
            "year_quarter": 20023,
            "year": 2002,
            "quarter": 3,
            "eps": 0.06,
            "eps_growth_year": null,
            "eps_4q": -0.13,
            "eps_4q_growth_year": null,
            "roe": 0.48,
            "gross_profit": 60877,
            "gross_margin": 15.32,
            "net_income": 8158,
            "revenue": 397282,
            "common_shares": 1310933,
            "equity": 1726987,
            "current_ratio": 103.7,
            "debt_ratio": 44.5,
            "inventory_turnover_ratio": 0.96,
            "account_receivable_turnover_ratio": null,
            "reinvestment_rate": null,
            "research_to_sale_ratio": null,
            "price_fair": 0,
            "eps_avg_yearly": 0,
            "eps_latest_yearly": 0,
            "eps_growth_yearly": 0
        },
        "20024": {
            "year_quarter": 20024,
            "year": 2002,
            "quarter": 4,
            "eps": -0.75,
            "eps_growth_year": null,
            "eps_4q": -0.64,
            "eps_4q_growth_year": null,
            "roe": -5.36,
            "gross_profit": 41521,
            "gross_margin": 11.73,
            "net_income": -96544,
            "revenue": 354064,
            "common_shares": 1310933,
            "equity": 1873933,
            "current_ratio": 156.73,
            "debt_ratio": 45.04,
            "inventory_turnover_ratio": 0.61,
            "account_receivable_turnover_ratio": null,
            "reinvestment_rate": null,
            "research_to_sale_ratio": null,
            "price_fair": 0,
            "eps_avg_yearly": 0,
            "eps_latest_yearly": 0,
            "eps_growth_yearly": 0
        },
        "20031": {
            "year_quarter": 20031,
            "year": 2003,
            "quarter": 1,
            "eps": 0.07,
            "eps_growth_year": null,
            "eps_4q": -0.64,
            "eps_4q_growth_year": null,
            "roe": 0.54,
            "gross_profit": 42259,
            "gross_margin": 12.43,
            "net_income": 9390,
            "revenue": 339974,
            "common_shares": 1310933,
            "equity": 1628140,
            "current_ratio": 107.15,
            "debt_ratio": 43.48,
            "inventory_turnover_ratio": 0.6,
            "account_receivable_turnover_ratio": null,
            "reinvestment_rate": null,
            "research_to_sale_ratio": null,
            "price_fair": 0,
            "eps_avg_yearly": 0,
            "eps_latest_yearly": 0,
            "eps_growth_yearly": 0
        },
        "20032": {
            "year_quarter": 20032,
            "year": 2003,
            "quarter": 2,
            "eps": -0.05,
            "eps_growth_year": null,
            "eps_4q": -0.65,
            "eps_4q_growth_year": null,
            "roe": -0.38,
            "gross_profit": 55892,
            "gross_margin": 14.5,
            "net_income": -6213,
            "revenue": 385591,
            "common_shares": 1310933,
            "equity": 1618551,
            "current_ratio": 99.22,
            "debt_ratio": 44.23,
            "inventory_turnover_ratio": 1.14,
            "account_receivable_turnover_ratio": null,
            "reinvestment_rate": null,
            "research_to_sale_ratio": null,
            "price_fair": 0,
            "eps_avg_yearly": 0,
            "eps_latest_yearly": 0,
            "eps_growth_yearly": 0
        },
        "20033": {
            "year_quarter": 20033,
            "year": 2003,
            "quarter": 3,
            "eps": 0.02,
            "eps_growth_year": -66.67,
            "eps_4q": -0.56,
            "eps_4q_growth_year": null,
            "roe": 0.2,
            "gross_profit": 54923,
            "gross_margin": 14.01,
            "net_income": 3195,
            "revenue": 392090,
            "common_shares": 1310933,
            "equity": 1600394,
            "current_ratio": 99.94,
            "debt_ratio": 44.1,
            "inventory_turnover_ratio": 1.22,
            "account_receivable_turnover_ratio": null,
            "reinvestment_rate": null,
            "research_to_sale_ratio": null,
            "price_fair": 0,
            "eps_avg_yearly": 0,
            "eps_latest_yearly": 0,
            "eps_growth_yearly": 0
        },
        "20034": {
            "year_quarter": 20034,
            "year": 2003,
            "quarter": 4,
            "eps": 0.05,
            "eps_growth_year": null,
            "eps_4q": 0.1,
            "eps_4q_growth_year": null,
            "roe": 0.37,
            "gross_profit": 49826,
            "gross_margin": 12,
            "net_income": 6198,
            "revenue": 415174,
            "common_shares": 1310933,
            "equity": 1727913,
            "current_ratio": 143.75,
            "debt_ratio": 49.87,
            "inventory_turnover_ratio": 0.78,
            "account_receivable_turnover_ratio": null,
            "reinvestment_rate": null,
            "research_to_sale_ratio": null,
            "price_fair": 7,
            "eps_avg_yearly": 0.2,
            "eps_latest_yearly": 0.2,
            "eps_growth_yearly": 600
        },
        "20041": {
            "year_quarter": 20041,
            "year": 2004,
            "quarter": 1,
            "eps": -0.04,
            "eps_growth_year": -157.14,
            "eps_4q": -0.01,
            "eps_4q_growth_year": null,
            "roe": -0.28,
            "gross_profit": 44802,
            "gross_margin": 11.62,
            "net_income": -4622,
            "revenue": 385623,
            "common_shares": 1310933,
            "equity": 1572330,
            "current_ratio": 95.84,
            "debt_ratio": 43.81,
            "inventory_turnover_ratio": 0.75,
            "account_receivable_turnover_ratio": null,
            "reinvestment_rate": null,
            "research_to_sale_ratio": null,
            "price_fair": 7,
            "eps_avg_yearly": 0.2,
            "eps_latest_yearly": 0.2,
            "eps_growth_yearly": 600
        },
        "20042": {
            "year_quarter": 20042,
            "year": 2004,
            "quarter": 2,
            "eps": -0.89,
            "eps_growth_year": null,
            "eps_4q": -0.84,
            "eps_4q_growth_year": null,
            "roe": -7.56,
            "gross_profit": 61256,
            "gross_margin": 12.62,
            "net_income": -115109,
            "revenue": 485392,
            "common_shares": 1310933,
            "equity": 1473375,
            "current_ratio": 91.24,
            "debt_ratio": 48.24,
            "inventory_turnover_ratio": 1.53,
            "account_receivable_turnover_ratio": null,
            "reinvestment_rate": null,
            "research_to_sale_ratio": null,
            "price_fair": 7,
            "eps_avg_yearly": 0.2,
            "eps_latest_yearly": 0.2,
            "eps_growth_yearly": 600
        },
        "20043": {
            "year_quarter": 20043,
            "year": 2004,
            "quarter": 3,
            "eps": 0.74,
            "eps_growth_year": 3600,
            "eps_4q": -0.14,
            "eps_4q_growth_year": null,
            "roe": 6.25,
            "gross_profit": 68053,
            "gross_margin": 15.13,
            "net_income": 95429,
            "revenue": 449703,
            "common_shares": 1310933,
            "equity": 1581392,
            "current_ratio": 89.86,
            "debt_ratio": 45.86,
            "inventory_turnover_ratio": 1.23,
            "account_receivable_turnover_ratio": null,
            "reinvestment_rate": null,
            "research_to_sale_ratio": null,
            "price_fair": 7,
            "eps_avg_yearly": 0.2,
            "eps_latest_yearly": 0.2,
            "eps_growth_yearly": 600
        },
        "20044": {
            "year_quarter": 20044,
            "year": 2004,
            "quarter": 4,
            "eps": -1.03,
            "eps_growth_year": -2160,
            "eps_4q": -1.05,
            "eps_4q_growth_year": -1131.8,
            "roe": -8.94,
            "gross_profit": 49053,
            "gross_margin": 12.95,
            "net_income": -133277,
            "revenue": 378740,
            "common_shares": 1310933,
            "equity": 1398809,
            "current_ratio": 130.66,
            "debt_ratio": 53.16,
            "inventory_turnover_ratio": 0.77,
            "account_receivable_turnover_ratio": null,
            "reinvestment_rate": null,
            "research_to_sale_ratio": null,
            "price_fair": 7,
            "eps_avg_yearly": 0.2,
            "eps_latest_yearly": 0.2,
            "eps_growth_yearly": 600
        },
        "20051": {
            "year_quarter": 20051,
            "year": 2005,
            "quarter": 1,
            "eps": 0.13,
            "eps_growth_year": null,
            "eps_4q": -1.04,
            "eps_4q_growth_year": null,
            "roe": 1.22,
            "gross_profit": 44839,
            "gross_margin": 10.6,
            "net_income": 16961,
            "revenue": 422997,
            "common_shares": 1310933,
            "equity": 1373648,
            "current_ratio": 92.22,
            "debt_ratio": 43.37,
            "inventory_turnover_ratio": 0.98,
            "account_receivable_turnover_ratio": null,
            "reinvestment_rate": null,
            "research_to_sale_ratio": null,
            "price_fair": 7,
            "eps_avg_yearly": 0.2,
            "eps_latest_yearly": 0.2,
            "eps_growth_yearly": 600
        },
        "20052": {
            "year_quarter": 20052,
            "year": 2005,
            "quarter": 2,
            "eps": 0.53,
            "eps_growth_year": null,
            "eps_4q": 0.37,
            "eps_4q_growth_year": null,
            "roe": 4.79,
            "gross_profit": 51703,
            "gross_margin": 12.94,
            "net_income": 68055,
            "revenue": 399579,
            "common_shares": 1310933,
            "equity": 1470097,
            "current_ratio": 94.46,
            "debt_ratio": 43.21,
            "inventory_turnover_ratio": 1.4,
            "account_receivable_turnover_ratio": null,
            "reinvestment_rate": null,
            "research_to_sale_ratio": null,
            "price_fair": 40.6,
            "eps_avg_yearly": 1.16,
            "eps_latest_yearly": 2.12,
            "eps_growth_yearly": 915.38
        },
        "20053": {
            "year_quarter": 20053,
            "year": 2005,
            "quarter": 3,
            "eps": 0.35,
            "eps_growth_year": -52.7,
            "eps_4q": -0.03,
            "eps_4q_growth_year": null,
            "roe": 2.93,
            "gross_profit": 57684,
            "gross_margin": 13.09,
            "net_income": 44818,
            "revenue": 440639,
            "common_shares": 1310933,
            "equity": 1584760,
            "current_ratio": 95.91,
            "debt_ratio": 42.21,
            "inventory_turnover_ratio": 1.44,
            "account_receivable_turnover_ratio": null,
            "reinvestment_rate": null,
            "research_to_sale_ratio": null,
            "price_fair": 43.4,
            "eps_avg_yearly": 1.24,
            "eps_latest_yearly": 1.4,
            "eps_growth_yearly": 564.97
        },
        "20054": {
            "year_quarter": 20054,
            "year": 2005,
            "quarter": 4,
            "eps": -0.12,
            "eps_growth_year": null,
            "eps_4q": 0.83,
            "eps_4q_growth_year": null,
            "roe": -1.01,
            "gross_profit": 44923,
            "gross_margin": 9.63,
            "net_income": -16073,
            "revenue": 466446,
            "common_shares": 1310933,
            "equity": 1596613,
            "current_ratio": 154.18,
            "debt_ratio": 45.9,
            "inventory_turnover_ratio": 1.03,
            "account_receivable_turnover_ratio": null,
            "reinvestment_rate": null,
            "research_to_sale_ratio": null,
            "price_fair": 43.4,
            "eps_avg_yearly": 1.24,
            "eps_latest_yearly": 1.4,
            "eps_growth_yearly": 564.97
        },
        "20061": {
            "year_quarter": 20061,
            "year": 2006,
            "quarter": 1,
            "eps": 0.23,
            "eps_growth_year": 76.92,
            "eps_4q": 0.98,
            "eps_4q_growth_year": null,
            "roe": 1.86,
            "gross_profit": 57050,
            "gross_margin": 13.04,
            "net_income": 29537,
            "revenue": 437531,
            "common_shares": 1310933,
            "equity": 1574632,
            "current_ratio": 107.68,
            "debt_ratio": 38.88,
            "inventory_turnover_ratio": 0.98,
            "account_receivable_turnover_ratio": null,
            "reinvestment_rate": null,
            "research_to_sale_ratio": null,
            "price_fair": 43.4,
            "eps_avg_yearly": 1.24,
            "eps_latest_yearly": 1.4,
            "eps_growth_yearly": 564.97
        },
        "20062": {
            "year_quarter": 20062,
            "year": 2006,
            "quarter": 2,
            "eps": 0.38,
            "eps_growth_year": -28.3,
            "eps_4q": 0.83,
            "eps_4q_growth_year": 124.69,
            "roe": 3.19,
            "gross_profit": 76982,
            "gross_margin": 14.38,
            "net_income": 49727,
            "revenue": 535263,
            "common_shares": 1310933,
            "equity": 1544271,
            "current_ratio": 99.32,
            "debt_ratio": 42.23,
            "inventory_turnover_ratio": 2.16,
            "account_receivable_turnover_ratio": null,
            "reinvestment_rate": null,
            "research_to_sale_ratio": null,
            "price_fair": 45.85,
            "eps_avg_yearly": 1.31,
            "eps_latest_yearly": 1.52,
            "eps_growth_yearly": 488.95
        },
        "20063": {
            "year_quarter": 20063,
            "year": 2006,
            "quarter": 3,
            "eps": 0.38,
            "eps_growth_year": 8.57,
            "eps_4q": 0.87,
            "eps_4q_growth_year": null,
            "roe": 3.13,
            "gross_profit": 86501,
            "gross_margin": 15.58,
            "net_income": 49367,
            "revenue": 555061,
            "common_shares": 1310933,
            "equity": 1611147,
            "current_ratio": 105.06,
            "debt_ratio": 40.26,
            "inventory_turnover_ratio": 2.39,
            "account_receivable_turnover_ratio": null,
            "reinvestment_rate": -26055.07,
            "research_to_sale_ratio": null,
            "price_fair": 47.32,
            "eps_avg_yearly": 1.35,
            "eps_latest_yearly": 1.52,
            "eps_growth_yearly": 391.16
        },
        "20064": {
            "year_quarter": 20064,
            "year": 2006,
            "quarter": 4,
            "eps": 0.21,
            "eps_growth_year": null,
            "eps_4q": 1.22,
            "eps_4q_growth_year": 46.02,
            "roe": 1.64,
            "gross_profit": 66903,
            "gross_margin": 15.99,
            "net_income": 26869,
            "revenue": 418281,
            "common_shares": 1310933,
            "equity": 1655710,
            "current_ratio": 196.04,
            "debt_ratio": 44.07,
            "inventory_turnover_ratio": 0.96,
            "account_receivable_turnover_ratio": null,
            "reinvestment_rate": -249.95,
            "research_to_sale_ratio": null,
            "price_fair": 44.33,
            "eps_avg_yearly": 1.27,
            "eps_latest_yearly": 0.84,
            "eps_growth_yearly": 296.14
        },
        "20071": {
            "year_quarter": 20071,
            "year": 2007,
            "quarter": 1,
            "eps": 0.29,
            "eps_growth_year": 26.09,
            "eps_4q": 1.28,
            "eps_4q_growth_year": 30.04,
            "roe": 2.2,
            "gross_profit": 65347,
            "gross_margin": 15.29,
            "net_income": 36926,
            "revenue": 427380,
            "common_shares": 1310933,
            "equity": 1698430,
            "current_ratio": 140.89,
            "debt_ratio": 37.1,
            "inventory_turnover_ratio": 0.99,
            "account_receivable_turnover_ratio": null,
            "reinvestment_rate": -109.91,
            "research_to_sale_ratio": null,
            "price_fair": 43.8,
            "eps_avg_yearly": 1.25,
            "eps_latest_yearly": 1.16,
            "eps_growth_yearly": 275.6
        },
        "20072": {
            "year_quarter": 20072,
            "year": 2007,
            "quarter": 2,
            "eps": 0.42,
            "eps_growth_year": 10.53,
            "eps_4q": 1.29,
            "eps_4q_growth_year": 55.83,
            "roe": 3.31,
            "gross_profit": 72524,
            "gross_margin": 15.75,
            "net_income": 54872,
            "revenue": 460450,
            "common_shares": 1310933,
            "equity": 1618944,
            "current_ratio": 121.03,
            "debt_ratio": 39.43,
            "inventory_turnover_ratio": 1.93,
            "account_receivable_turnover_ratio": null,
            "reinvestment_rate": -79.89,
            "research_to_sale_ratio": null,
            "price_fair": 45.68,
            "eps_avg_yearly": 1.31,
            "eps_latest_yearly": 1.68,
            "eps_growth_yearly": 263.57
        },
        "20073": {
            "year_quarter": 20073,
            "year": 2007,
            "quarter": 3,
            "eps": 0.5,
            "eps_growth_year": 31.58,
            "eps_4q": 1.4,
            "eps_4q_growth_year": 61.35,
            "roe": 4,
            "gross_profit": 84753,
            "gross_margin": 16.38,
            "net_income": 66076,
            "revenue": 517368,
            "common_shares": 1337152,
            "equity": 1686235,
            "current_ratio": 143.42,
            "debt_ratio": 38.97,
            "inventory_turnover_ratio": 2.16,
            "account_receivable_turnover_ratio": null,
            "reinvestment_rate": -46.22,
            "research_to_sale_ratio": null,
            "price_fair": 48.38,
            "eps_avg_yearly": 1.38,
            "eps_latest_yearly": 2,
            "eps_growth_yearly": 242.75
        },
        "20074": {
            "year_quarter": 20074,
            "year": 2007,
            "quarter": 4,
            "eps": 0.17,
            "eps_growth_year": -19.05,
            "eps_4q": 1.38,
            "eps_4q_growth_year": 13.27,
            "roe": 1.31,
            "gross_profit": 65148,
            "gross_margin": 14.61,
            "net_income": 22243,
            "revenue": 445848,
            "common_shares": 1337152,
            "equity": 1701858,
            "current_ratio": 220.67,
            "debt_ratio": 44.43,
            "inventory_turnover_ratio": 1.03,
            "account_receivable_turnover_ratio": null,
            "reinvestment_rate": -77.63,
            "research_to_sale_ratio": null,
            "price_fair": 50.24,
            "eps_avg_yearly": 1.44,
            "eps_latest_yearly": 0.68,
            "eps_growth_yearly": 146.75
        },
        "20081": {
            "year_quarter": 20081,
            "year": 2008,
            "quarter": 1,
            "eps": 0.07,
            "eps_growth_year": -75.86,
            "eps_4q": 1.15,
            "eps_4q_growth_year": -9.94,
            "roe": 0.55,
            "gross_profit": 104329,
            "gross_margin": 18.38,
            "net_income": 9255,
            "revenue": 567668,
            "common_shares": 1337152,
            "equity": 1639098,
            "current_ratio": 217.41,
            "debt_ratio": 44.46,
            "inventory_turnover_ratio": 0.84,
            "account_receivable_turnover_ratio": null,
            "reinvestment_rate": 168.37,
            "research_to_sale_ratio": null,
            "price_fair": 46.2,
            "eps_avg_yearly": 1.32,
            "eps_latest_yearly": 0.28,
            "eps_growth_yearly": 108.54
        },
        "20082": {
            "year_quarter": 20082,
            "year": 2008,
            "quarter": 2,
            "eps": 0.51,
            "eps_growth_year": 21.43,
            "eps_4q": 1.23,
            "eps_4q_growth_year": -4.21,
            "roe": 4.31,
            "gross_profit": 128668,
            "gross_margin": 20.24,
            "net_income": 68760,
            "revenue": 635554,
            "common_shares": 1363895,
            "equity": 1551592,
            "current_ratio": 191.22,
            "debt_ratio": 49.5,
            "inventory_turnover_ratio": 0.88,
            "account_receivable_turnover_ratio": null,
            "reinvestment_rate": 103.93,
            "research_to_sale_ratio": null,
            "price_fair": 48.49,
            "eps_avg_yearly": 1.39,
            "eps_latest_yearly": 2.04,
            "eps_growth_yearly": 327.25
        },
        "20083": {
            "year_quarter": 20083,
            "year": 2008,
            "quarter": 3,
            "eps": 0.38,
            "eps_growth_year": -24,
            "eps_4q": 1.13,
            "eps_4q_growth_year": -19.41,
            "roe": 3.15,
            "gross_profit": 117301,
            "gross_margin": 18.28,
            "net_income": 50854,
            "revenue": 641690,
            "common_shares": 1363895,
            "equity": 1678631,
            "current_ratio": 222.8,
            "debt_ratio": 46.62,
            "inventory_turnover_ratio": 0.87,
            "account_receivable_turnover_ratio": null,
            "reinvestment_rate": 130.67,
            "research_to_sale_ratio": null,
            "price_fair": 48.88,
            "eps_avg_yearly": 1.4,
            "eps_latest_yearly": 1.52,
            "eps_growth_yearly": 291.48
        },
        "20084": {
            "year_quarter": 20084,
            "year": 2008,
            "quarter": 4,
            "eps": -0.22,
            "eps_growth_year": -229.41,
            "eps_4q": 0.73,
            "eps_4q_growth_year": -47.19,
            "roe": -1.75,
            "gross_profit": 61603,
            "gross_margin": 15.08,
            "net_income": -29586,
            "revenue": 408581,
            "common_shares": 1363895,
            "equity": 1695845,
            "current_ratio": 239.96,
            "debt_ratio": 40.77,
            "inventory_turnover_ratio": 0.56,
            "account_receivable_turnover_ratio": null,
            "reinvestment_rate": -32.26,
            "research_to_sale_ratio": null,
            "price_fair": 48.88,
            "eps_avg_yearly": 1.4,
            "eps_latest_yearly": 1.52,
            "eps_growth_yearly": 291.48
        },
        "20091": {
            "year_quarter": 20091,
            "year": 2009,
            "quarter": 1,
            "eps": -0.27,
            "eps_growth_year": -485.71,
            "eps_4q": 0.39,
            "eps_4q_growth_year": -66.26,
            "roe": -2.17,
            "gross_profit": 20184,
            "gross_margin": 5.54,
            "net_income": -36771,
            "revenue": 364383,
            "common_shares": 1363895,
            "equity": 1696060,
            "current_ratio": 279.42,
            "debt_ratio": 38.73,
            "inventory_turnover_ratio": 0.59,
            "account_receivable_turnover_ratio": null,
            "reinvestment_rate": 117.28,
            "research_to_sale_ratio": null,
            "price_fair": 48.88,
            "eps_avg_yearly": 1.4,
            "eps_latest_yearly": 1.52,
            "eps_growth_yearly": 291.48
        },
        "20092": {
            "year_quarter": 20092,
            "year": 2009,
            "quarter": 2,
            "eps": -0.46,
            "eps_growth_year": -190.2,
            "eps_4q": -0.56,
            "eps_4q_growth_year": -145.78,
            "roe": -3.71,
            "gross_profit": 19826,
            "gross_margin": 4.69,
            "net_income": -61354,
            "revenue": 422835,
            "common_shares": 1363895,
            "equity": 1615398,
            "current_ratio": 235.43,
            "debt_ratio": 39.24,
            "inventory_turnover_ratio": 0.78,
            "account_receivable_turnover_ratio": 1.65,
            "reinvestment_rate": 146.42,
            "research_to_sale_ratio": null,
            "price_fair": 46.58,
            "eps_avg_yearly": 1.33,
            "eps_latest_yearly": 1.52,
            "eps_growth_yearly": 206.09
        },
        "20093": {
            "year_quarter": 20093,
            "year": 2009,
            "quarter": 3,
            "eps": 0.04,
            "eps_growth_year": -89.47,
            "eps_4q": -0.85,
            "eps_4q_growth_year": -175.86,
            "roe": 0.36,
            "gross_profit": 57973,
            "gross_margin": 10.86,
            "net_income": 5711,
            "revenue": 533799,
            "common_shares": 1363895,
            "equity": 1598883,
            "current_ratio": 225.34,
            "debt_ratio": 40.95,
            "inventory_turnover_ratio": 1.05,
            "account_receivable_turnover_ratio": 0.98,
            "reinvestment_rate": 146.45,
            "research_to_sale_ratio": null,
            "price_fair": 46.34,
            "eps_avg_yearly": 1.32,
            "eps_latest_yearly": 1.52,
            "eps_growth_yearly": 240.28
        },
        "20094": {
            "year_quarter": 20094,
            "year": 2009,
            "quarter": 4,
            "eps": 0.05,
            "eps_growth_year": null,
            "eps_4q": -0.67,
            "eps_4q_growth_year": -191.88,
            "roe": 0.4,
            "gross_profit": 78629,
            "gross_margin": 13.95,
            "net_income": 6450,
            "revenue": 563684,
            "common_shares": 1363895,
            "equity": 1590501,
            "current_ratio": 201.2,
            "debt_ratio": 41.17,
            "inventory_turnover_ratio": 1.2,
            "account_receivable_turnover_ratio": 0.94,
            "reinvestment_rate": -60.5,
            "research_to_sale_ratio": null,
            "price_fair": 42.76,
            "eps_avg_yearly": 1.22,
            "eps_latest_yearly": 0.2,
            "eps_growth_yearly": 227.53
        },
        "20101": {
            "year_quarter": 20101,
            "year": 2010,
            "quarter": 1,
            "eps": null,
            "eps_growth_year": null,
            "eps_4q": null,
            "eps_4q_growth_year": null,
            "roe": null,
            "gross_profit": 106197,
            "gross_margin": null,
            "net_income": 32437,
            "revenue": 572775,
            "common_shares": 1363895,
            "equity": 1616319,
            "current_ratio": 200.96,
            "debt_ratio": 41.68,
            "inventory_turnover_ratio": null,
            "account_receivable_turnover_ratio": null,
            "reinvestment_rate": null,
            "research_to_sale_ratio": null,
            "price_fair": 42.76,
            "eps_avg_yearly": 1.22,
            "eps_latest_yearly": 0.2,
            "eps_growth_yearly": 227.53
        },
        "20102": {
            "year_quarter": 20102,
            "year": 2010,
            "quarter": 2,
            "eps": 0.31,
            "eps_growth_year": null,
            "eps_4q": 0.4,
            "eps_4q_growth_year": null,
            "roe": 2.5,
            "gross_profit": 161458,
            "gross_margin": 22.8,
            "net_income": 41338,
            "revenue": 708145,
            "common_shares": 1363895,
            "equity": 1695056,
            "current_ratio": 193.12,
            "debt_ratio": 43.16,
            "inventory_turnover_ratio": 1.11,
            "account_receivable_turnover_ratio": 1.72,
            "reinvestment_rate": 157.24,
            "research_to_sale_ratio": null,
            "price_fair": 41.72,
            "eps_avg_yearly": 1.19,
            "eps_latest_yearly": 0.2,
            "eps_growth_yearly": 224.2
        },
        "20103": {
            "year_quarter": 20103,
            "year": 2010,
            "quarter": 3,
            "eps": 0.29,
            "eps_growth_year": 628.26,
            "eps_4q": 0.64,
            "eps_4q_growth_year": null,
            "roe": 2.31,
            "gross_profit": 140898,
            "gross_margin": 19.53,
            "net_income": 39449,
            "revenue": 721422,
            "common_shares": 1363895,
            "equity": 1715151,
            "current_ratio": 198.17,
            "debt_ratio": 43.76,
            "inventory_turnover_ratio": 1.08,
            "account_receivable_turnover_ratio": 0.88,
            "reinvestment_rate": 162.95,
            "research_to_sale_ratio": 0.36,
            "price_fair": 40.46,
            "eps_avg_yearly": 1.16,
            "eps_latest_yearly": 1.16,
            "eps_growth_yearly": 221.62
        },
        "20104": {
            "year_quarter": 20104,
            "year": 2010,
            "quarter": 4,
            "eps": -0.09,
            "eps_growth_year": -278.2,
            "eps_4q": 0.51,
            "eps_4q_growth_year": null,
            "roe": -0.72,
            "gross_profit": 99307,
            "gross_margin": 15.79,
            "net_income": -11892,
            "revenue": 628747,
            "common_shares": 1363895,
            "equity": 1608952,
            "current_ratio": 207.33,
            "debt_ratio": 43.09,
            "inventory_turnover_ratio": 1.09,
            "account_receivable_turnover_ratio": 0.83,
            "reinvestment_rate": 415.7,
            "research_to_sale_ratio": 1.25,
            "price_fair": 41.69,
            "eps_avg_yearly": 1.19,
            "eps_latest_yearly": 1.16,
            "eps_growth_yearly": 266.12
        },
        "20111": {
            "year_quarter": 20111,
            "year": 2011,
            "quarter": 1,
            "eps": 0.18,
            "eps_growth_year": null,
            "eps_4q": 0.69,
            "eps_4q_growth_year": null,
            "roe": 1.48,
            "gross_profit": 92880,
            "gross_margin": 17.2,
            "net_income": 24175,
            "revenue": 539872,
            "common_shares": 1363895,
            "equity": 1653335,
            "current_ratio": 214.89,
            "debt_ratio": 42.03,
            "inventory_turnover_ratio": 0.95,
            "account_receivable_turnover_ratio": 0.77,
            "reinvestment_rate": 690.44,
            "research_to_sale_ratio": 0.74,
            "price_fair": 41.83,
            "eps_avg_yearly": 1.2,
            "eps_latest_yearly": 1.16,
            "eps_growth_yearly": 280.34
        },
        "20112": {
            "year_quarter": 20112,
            "year": 2011,
            "quarter": 2,
            "eps": 0.21,
            "eps_growth_year": -33.02,
            "eps_4q": 0.59,
            "eps_4q_growth_year": 48.7,
            "roe": 1.71,
            "gross_profit": 122184,
            "gross_margin": 18.75,
            "net_income": 27755,
            "revenue": 651739,
            "common_shares": 1363895,
            "equity": 1589700,
            "current_ratio": 190.62,
            "debt_ratio": 47.23,
            "inventory_turnover_ratio": 1.03,
            "account_receivable_turnover_ratio": 0.85,
            "reinvestment_rate": 200.63,
            "research_to_sale_ratio": 0.96,
            "price_fair": 38.15,
            "eps_avg_yearly": 1.09,
            "eps_latest_yearly": 0.84,
            "eps_growth_yearly": 266.26
        },
        "20113": {
            "year_quarter": 20113,
            "year": 2011,
            "quarter": 3,
            "eps": 0.06,
            "eps_growth_year": -78.58,
            "eps_4q": 0.36,
            "eps_4q_growth_year": -44.36,
            "roe": 0.52,
            "gross_profit": 106077,
            "gross_margin": 16.9,
            "net_income": 8552,
            "revenue": 627773,
            "common_shares": 1363895,
            "equity": 1682377,
            "current_ratio": 219.73,
            "debt_ratio": 43.77,
            "inventory_turnover_ratio": 1,
            "account_receivable_turnover_ratio": 0.75,
            "reinvestment_rate": 991.21,
            "research_to_sale_ratio": 0.25,
            "price_fair": 30.45,
            "eps_avg_yearly": 0.87,
            "eps_latest_yearly": 0.24,
            "eps_growth_yearly": 221.02
        },
        "20114": {
            "year_quarter": 20114,
            "year": 2011,
            "quarter": 4,
            "eps": -0.3,
            "eps_growth_year": null,
            "eps_4q": 0.15,
            "eps_4q_growth_year": -70.65,
            "roe": -2.45,
            "gross_profit": 5007,
            "gross_margin": 1.16,
            "net_income": -40725,
            "revenue": 431738,
            "common_shares": 1363895,
            "equity": 1638330,
            "current_ratio": 235.9,
            "debt_ratio": 41.66,
            "inventory_turnover_ratio": 0.86,
            "account_receivable_turnover_ratio": 0.59,
            "reinvestment_rate": 874.52,
            "research_to_sale_ratio": 1.83,
            "price_fair": 31.4,
            "eps_avg_yearly": 0.9,
            "eps_latest_yearly": 0.24,
            "eps_growth_yearly": 290.31
        },
        "20121": {
            "year_quarter": 20121,
            "year": 2012,
            "quarter": 1,
            "eps": -0.21,
            "eps_growth_year": -216.67,
            "eps_4q": -0.24,
            "eps_4q_growth_year": -134.25,
            "roe": -1.73,
            "gross_profit": 55166,
            "gross_margin": 12.12,
            "net_income": -27911,
            "revenue": 455051,
            "common_shares": 1363895,
            "equity": 1579294,
            "current_ratio": 236.51,
            "debt_ratio": 39.37,
            "inventory_turnover_ratio": 0.85,
            "account_receivable_turnover_ratio": 0.79,
            "reinvestment_rate": 1155.62,
            "research_to_sale_ratio": 0.92,
            "price_fair": 35,
            "eps_avg_yearly": 1,
            "eps_latest_yearly": 0.24,
            "eps_growth_yearly": 377.91
        },
        "20122": {
            "year_quarter": 20122,
            "year": 2012,
            "quarter": 2,
            "eps": -0.01,
            "eps_growth_year": -103.51,
            "eps_4q": -0.45,
            "eps_4q_growth_year": -176.4,
            "roe": -0.08,
            "gross_profit": 81966,
            "gross_margin": 15.21,
            "net_income": -1181,
            "revenue": 538962,
            "common_shares": 1363895,
            "equity": 1568611,
            "current_ratio": 224.07,
            "debt_ratio": 39.76,
            "inventory_turnover_ratio": 0.98,
            "account_receivable_turnover_ratio": 0.98,
            "reinvestment_rate": 4076.85,
            "research_to_sale_ratio": 0.94,
            "price_fair": 2.38,
            "eps_avg_yearly": 0.79,
            "eps_latest_yearly": 0.24,
            "eps_growth_yearly": -49.36
        },
        "20123": {
            "year_quarter": 20123,
            "year": 2012,
            "quarter": 3,
            "eps": -0.02,
            "eps_growth_year": -138.81,
            "eps_4q": -0.54,
            "eps_4q_growth_year": -249.31,
            "roe": -0.22,
            "gross_profit": 57565,
            "gross_margin": 11.27,
            "net_income": -3418,
            "revenue": 510706,
            "common_shares": 1363895,
            "equity": 1553117,
            "current_ratio": 210.64,
            "debt_ratio": 40.3,
            "inventory_turnover_ratio": 1,
            "account_receivable_turnover_ratio": 0.94,
            "reinvestment_rate": null,
            "research_to_sale_ratio": 0.97,
            "price_fair": 1.83,
            "eps_avg_yearly": 0.61,
            "eps_latest_yearly": 0.24,
            "eps_growth_yearly": -36.21
        },
        "20124": {
            "year_quarter": 20124,
            "year": 2012,
            "quarter": 4,
            "eps": -0.13,
            "eps_growth_year": null,
            "eps_4q": -0.37,
            "eps_4q_growth_year": -346.19,
            "roe": -1.16,
            "gross_profit": 7584,
            "gross_margin": 1.86,
            "net_income": -17846,
            "revenue": 408550,
            "common_shares": 1363895,
            "equity": 1529965,
            "current_ratio": 232.18,
            "debt_ratio": 37.25,
            "inventory_turnover_ratio": 0.97,
            "account_receivable_turnover_ratio": 0.81,
            "reinvestment_rate": null,
            "research_to_sale_ratio": 1.42,
            "price_fair": 1.83,
            "eps_avg_yearly": 0.61,
            "eps_latest_yearly": 0.24,
            "eps_growth_yearly": -36.21
        },
        "20131": {
            "year_quarter": 20131,
            "year": 2013,
            "quarter": 1,
            "eps": 0.09,
            "eps_growth_year": null,
            "eps_4q": -0.07,
            "eps_4q_growth_year": null,
            "roe": 0.77,
            "gross_profit": 68378,
            "gross_margin": 15.52,
            "net_income": 11941,
            "revenue": 440678,
            "common_shares": 1363895,
            "equity": 1572497,
            "current_ratio": 256.45,
            "debt_ratio": 39.33,
            "inventory_turnover_ratio": 0.91,
            "account_receivable_turnover_ratio": 0.94,
            "reinvestment_rate": -803.15,
            "research_to_sale_ratio": 1.34,
            "price_fair": 1.83,
            "eps_avg_yearly": 0.61,
            "eps_latest_yearly": 0.24,
            "eps_growth_yearly": -36.21
        },
        "20132": {
            "year_quarter": 20132,
            "year": 2013,
            "quarter": 2,
            "eps": 0.25,
            "eps_growth_year": null,
            "eps_4q": 0.18,
            "eps_4q_growth_year": null,
            "roe": 2.11,
            "gross_profit": 109909,
            "gross_margin": 20.47,
            "net_income": 33686,
            "revenue": 536857,
            "common_shares": 1363895,
            "equity": 1619677,
            "current_ratio": 291.55,
            "debt_ratio": 37.61,
            "inventory_turnover_ratio": 1.01,
            "account_receivable_turnover_ratio": 1.09,
            "reinvestment_rate": -176.55,
            "research_to_sale_ratio": 0.97,
            "price_fair": 24.08,
            "eps_avg_yearly": 0.69,
            "eps_latest_yearly": 1,
            "eps_growth_yearly": 113.25
        },
        "20133": {
            "year_quarter": 20133,
            "year": 2013,
            "quarter": 3,
            "eps": 0.21,
            "eps_growth_year": null,
            "eps_4q": 0.42,
            "eps_4q_growth_year": null,
            "roe": 1.71,
            "gross_profit": 95999,
            "gross_margin": 19.11,
            "net_income": 27817,
            "revenue": 502312,
            "common_shares": 1363895,
            "equity": 1626839,
            "current_ratio": 301.88,
            "debt_ratio": 35.88,
            "inventory_turnover_ratio": 1.03,
            "account_receivable_turnover_ratio": 0.99,
            "reinvestment_rate": -137.75,
            "research_to_sale_ratio": 0.73,
            "price_fair": 24.97,
            "eps_avg_yearly": 0.71,
            "eps_latest_yearly": 0.84,
            "eps_growth_yearly": 83.71
        },
        "20134": {
            "year_quarter": 20134,
            "year": 2013,
            "quarter": 4,
            "eps": 0.19,
            "eps_growth_year": null,
            "eps_4q": 0.74,
            "eps_4q_growth_year": null,
            "roe": 1.52,
            "gross_profit": 83239,
            "gross_margin": 18.63,
            "net_income": 25298,
            "revenue": 446906,
            "common_shares": 1363895,
            "equity": 1692884,
            "current_ratio": 375.75,
            "debt_ratio": 30.74,
            "inventory_turnover_ratio": 1.01,
            "account_receivable_turnover_ratio": 0.93,
            "reinvestment_rate": -131.77,
            "research_to_sale_ratio": 0.81,
            "price_fair": 28.23,
            "eps_avg_yearly": 0.81,
            "eps_latest_yearly": 0.76,
            "eps_growth_yearly": 60.69
        },
        "20141": {
            "year_quarter": 20141,
            "year": 2014,
            "quarter": 1,
            "eps": 0.2,
            "eps_growth_year": 122.22,
            "eps_4q": 0.85,
            "eps_4q_growth_year": null,
            "roe": 1.6,
            "gross_profit": 86208,
            "gross_margin": 20.7,
            "net_income": 27398,
            "revenue": 416498,
            "common_shares": 1363895,
            "equity": 1727823,
            "current_ratio": 402.88,
            "debt_ratio": 27.54,
            "inventory_turnover_ratio": 0.92,
            "account_receivable_turnover_ratio": 0.93,
            "reinvestment_rate": -127.13,
            "research_to_sale_ratio": 0.83,
            "price_fair": 28.2,
            "eps_avg_yearly": 0.81,
            "eps_latest_yearly": 0.8,
            "eps_growth_yearly": 55.03
        },
        "20142": {
            "year_quarter": 20142,
            "year": 2014,
            "quarter": 2,
            "eps": 0.21,
            "eps_growth_year": -16,
            "eps_4q": 0.81,
            "eps_4q_growth_year": 337.32,
            "roe": 1.64,
            "gross_profit": 101204,
            "gross_margin": 20.88,
            "net_income": 27829,
            "revenue": 484665,
            "common_shares": 1363895,
            "equity": 1663739,
            "current_ratio": 327.87,
            "debt_ratio": 31.15,
            "inventory_turnover_ratio": 1.03,
            "account_receivable_turnover_ratio": 1.09,
            "reinvestment_rate": -171.41,
            "research_to_sale_ratio": 0.76,
            "price_fair": 28.35,
            "eps_avg_yearly": 0.81,
            "eps_latest_yearly": 0.84,
            "eps_growth_yearly": 50.65
        },
        "20143": {
            "year_quarter": 20143,
            "year": 2014,
            "quarter": 3,
            "eps": 0.19,
            "eps_growth_year": -9.52,
            "eps_4q": 0.79,
            "eps_4q_growth_year": 90.67,
            "roe": 1.54,
            "gross_profit": 86722,
            "gross_margin": 18.76,
            "net_income": 26023,
            "revenue": 462327,
            "common_shares": 1363895,
            "equity": 1718561,
            "current_ratio": 371.59,
            "debt_ratio": 27.84,
            "inventory_turnover_ratio": 1.01,
            "account_receivable_turnover_ratio": 1,
            "reinvestment_rate": -185.72,
            "research_to_sale_ratio": 0.8,
            "price_fair": 26.6,
            "eps_avg_yearly": 0.76,
            "eps_latest_yearly": 0.76,
            "eps_growth_yearly": 49.12
        },
        "20144": {
            "year_quarter": 20144,
            "year": 2014,
            "quarter": 4,
            "eps": 0.04,
            "eps_growth_year": -78,
            "eps_4q": 0.65,
            "eps_4q_growth_year": -12.15,
            "roe": 0.31,
            "gross_profit": 68925,
            "gross_margin": 16.66,
            "net_income": 5481,
            "revenue": 413797,
            "common_shares": 1363895,
            "equity": 1768360,
            "current_ratio": 400.71,
            "debt_ratio": 25.57,
            "inventory_turnover_ratio": 0.96,
            "account_receivable_turnover_ratio": 0.94,
            "reinvestment_rate": -1037.85,
            "research_to_sale_ratio": 0.83,
            "price_fair": 12.88,
            "eps_avg_yearly": 0.69,
            "eps_latest_yearly": 0.16,
            "eps_growth_yearly": 8.57
        },
        "20151": {
            "year_quarter": 20151,
            "year": 2015,
            "quarter": 1,
            "eps": 0.04,
            "eps_growth_year": -80,
            "eps_4q": 0.48,
            "eps_4q_growth_year": -43.44,
            "roe": 0.29,
            "gross_profit": 68613,
            "gross_margin": 18.02,
            "net_income": 5154,
            "revenue": 380770,
            "common_shares": 1363895,
            "equity": 1752007,
            "current_ratio": 416.53,
            "debt_ratio": 24.81,
            "inventory_turnover_ratio": 0.86,
            "account_receivable_turnover_ratio": 0.95,
            "reinvestment_rate": -1232.47,
            "research_to_sale_ratio": 0.88,
            "price_fair": 11.34,
            "eps_avg_yearly": 0.64,
            "eps_latest_yearly": 0.16,
            "eps_growth_yearly": 7.71
        },
        "20152": {
            "year_quarter": 20152,
            "year": 2015,
            "quarter": 2,
            "eps": 0.1,
            "eps_growth_year": -52.38,
            "eps_4q": 0.37,
            "eps_4q_growth_year": -53.86,
            "roe": 0.77,
            "gross_profit": 75258,
            "gross_margin": 17.36,
            "net_income": 13181,
            "revenue": 433622,
            "common_shares": 1363895,
            "equity": 1674688,
            "current_ratio": 371.5,
            "debt_ratio": 26.57,
            "inventory_turnover_ratio": 1,
            "account_receivable_turnover_ratio": 1.09,
            "reinvestment_rate": -217.46,
            "research_to_sale_ratio": 0.78,
            "price_fair": 20.86,
            "eps_avg_yearly": 0.6,
            "eps_latest_yearly": 0.4,
            "eps_growth_yearly": 61.05
        },
        "20153": {
            "year_quarter": 20153,
            "year": 2015,
            "quarter": 3,
            "eps": 0.18,
            "eps_growth_year": -5.26,
            "eps_4q": 0.36,
            "eps_4q_growth_year": -54.95,
            "roe": 1.4,
            "gross_profit": 83757,
            "gross_margin": 19.8,
            "net_income": 23999,
            "revenue": 422937,
            "common_shares": 1363895,
            "equity": 1751816,
            "current_ratio": 420.88,
            "debt_ratio": 24.23,
            "inventory_turnover_ratio": 1,
            "account_receivable_turnover_ratio": 1.01,
            "reinvestment_rate": -1241.26,
            "research_to_sale_ratio": 0.78,
            "price_fair": 22.54,
            "eps_avg_yearly": 0.64,
            "eps_latest_yearly": 0.72,
            "eps_growth_yearly": 121.62
        },
        "20154": {
            "year_quarter": 20154,
            "year": 2015,
            "quarter": 4,
            "eps": -0.64,
            "eps_growth_year": -1649.54,
            "eps_4q": -0.33,
            "eps_4q_growth_year": -150.61,
            "roe": -5.12,
            "gross_profit": 74433,
            "gross_margin": 19.25,
            "net_income": -86483,
            "revenue": 386610,
            "common_shares": 1363895,
            "equity": 1629101,
            "current_ratio": 445.62,
            "debt_ratio": 28.27,
            "inventory_turnover_ratio": 0.98,
            "account_receivable_turnover_ratio": 0.98,
            "reinvestment_rate": -1828.32,
            "research_to_sale_ratio": 0.76,
            "price_fair": 22.54,
            "eps_avg_yearly": 0.64,
            "eps_latest_yearly": 0.72,
            "eps_growth_yearly": 121.62
        },
        "20161": {
            "year_quarter": 20161,
            "year": 2016,
            "quarter": 1,
            "eps": 0.12,
            "eps_growth_year": 200,
            "eps_4q": -0.24,
            "eps_4q_growth_year": -150.39,
            "roe": 1.01,
            "gross_profit": 76717,
            "gross_margin": 20.46,
            "net_income": 16570,
            "revenue": 374902,
            "common_shares": 1363895,
            "equity": 1642704,
            "current_ratio": 454.73,
            "debt_ratio": 25.66,
            "inventory_turnover_ratio": 0.98,
            "account_receivable_turnover_ratio": 1,
            "reinvestment_rate": -1158.21,
            "research_to_sale_ratio": 0.91,
            "price_fair": 22.54,
            "eps_avg_yearly": 0.64,
            "eps_latest_yearly": 0.72,
            "eps_growth_yearly": 121.62
        },
        "20162": {
            "year_quarter": 20162,
            "year": 2016,
            "quarter": 2,
            "eps": -1.34,
            "eps_growth_year": -1440,
            "eps_4q": -1.68,
            "eps_4q_growth_year": -551.27,
            "roe": -11.71,
            "gross_profit": 30577,
            "gross_margin": 7.63,
            "net_income": -180635,
            "revenue": 400698,
            "common_shares": 1363895,
            "equity": 1442356,
            "current_ratio": 285.76,
            "debt_ratio": 29.19,
            "inventory_turnover_ratio": 1.33,
            "account_receivable_turnover_ratio": 1.06,
            "reinvestment_rate": null,
            "research_to_sale_ratio": 0.74,
            "price_fair": 22.54,
            "eps_avg_yearly": 0.64,
            "eps_latest_yearly": 0.72,
            "eps_growth_yearly": 121.62
        },
        "20163": {
            "year_quarter": 20163,
            "year": 2016,
            "quarter": 3,
            "eps": 0.04,
            "eps_growth_year": -77.78,
            "eps_4q": -1.82,
            "eps_4q_growth_year": -608.08,
            "roe": 0.39,
            "gross_profit": 76428,
            "gross_margin": 19.4,
            "net_income": 5600,
            "revenue": 393973,
            "common_shares": 1346154,
            "equity": 1410370,
            "current_ratio": 285.99,
            "debt_ratio": 29.39,
            "inventory_turnover_ratio": 1.38,
            "account_receivable_turnover_ratio": 1.08,
            "reinvestment_rate": null,
            "research_to_sale_ratio": 0.82,
            "price_fair": 22.54,
            "eps_avg_yearly": 0.64,
            "eps_latest_yearly": 0.72,
            "eps_growth_yearly": 121.62
        },
        "20164": {
            "year_quarter": 20164,
            "year": 2016,
            "quarter": 4,
            "eps": -0.03,
            "eps_growth_year": null,
            "eps_4q": -1.21,
            "eps_4q_growth_year": null,
            "roe": -0.31,
            "gross_profit": 72162,
            "gross_margin": 21.81,
            "net_income": -4367,
            "revenue": 330800,
            "common_shares": 1346154,
            "equity": 1401200,
            "current_ratio": 311.41,
            "debt_ratio": 30.59,
            "inventory_turnover_ratio": 1.31,
            "account_receivable_turnover_ratio": 0.97,
            "reinvestment_rate": null,
            "research_to_sale_ratio": 0.81,
            "price_fair": 22.54,
            "eps_avg_yearly": 0.64,
            "eps_latest_yearly": 0.72,
            "eps_growth_yearly": 121.62
        },
        "20171": {
            "year_quarter": 20171,
            "year": 2017,
            "quarter": 1,
            "eps": 0.18,
            "eps_growth_year": 50,
            "eps_4q": -1.15,
            "eps_4q_growth_year": null,
            "roe": 1.67,
            "gross_profit": 65119,
            "gross_margin": 21.99,
            "net_income": 23223,
            "revenue": 296139,
            "common_shares": 1346154,
            "equity": 1376007,
            "current_ratio": 296.51,
            "debt_ratio": 29.77,
            "inventory_turnover_ratio": 1.2,
            "account_receivable_turnover_ratio": 0.98,
            "reinvestment_rate": null,
            "research_to_sale_ratio": 0.69,
            "price_fair": 22.54,
            "eps_avg_yearly": 0.64,
            "eps_latest_yearly": 0.72,
            "eps_growth_yearly": 121.62
        },
        "20172": {
            "year_quarter": 20172,
            "year": 2017,
            "quarter": 2,
            "eps": 0.9,
            "eps_growth_year": null,
            "eps_4q": 1.09,
            "eps_4q_growth_year": null,
            "roe": 8.41,
            "gross_profit": 76470,
            "gross_margin": 21.93,
            "net_income": 121275,
            "revenue": 348763,
            "common_shares": 1346154,
            "equity": 1507701,
            "current_ratio": 484.92,
            "debt_ratio": 50.02,
            "inventory_turnover_ratio": 1.36,
            "account_receivable_turnover_ratio": 1.21,
            "reinvestment_rate": -523.46,
            "research_to_sale_ratio": 0.63,
            "price_fair": 31.64,
            "eps_avg_yearly": 0.9,
            "eps_latest_yearly": 3.6,
            "eps_growth_yearly": 210.51
        },
        "20173": {
            "year_quarter": 20173,
            "year": 2017,
            "quarter": 3,
            "eps": 0.5,
            "eps_growth_year": 1150,
            "eps_4q": 1.55,
            "eps_4q_growth_year": null,
            "roe": 4.37,
            "gross_profit": 60789,
            "gross_margin": 17.9,
            "net_income": 67514,
            "revenue": 339682,
            "common_shares": 1346154,
            "equity": 1580870,
            "current_ratio": 699.47,
            "debt_ratio": 46.56,
            "inventory_turnover_ratio": 1.37,
            "account_receivable_turnover_ratio": 1.12,
            "reinvestment_rate": -381.32,
            "research_to_sale_ratio": 0.73,
            "price_fair": 35.7,
            "eps_avg_yearly": 1.02,
            "eps_latest_yearly": 2,
            "eps_growth_yearly": 199.13
        },
        "20174": {
            "year_quarter": 20174,
            "year": 2017,
            "quarter": 4,
            "eps": 0.65,
            "eps_growth_year": null,
            "eps_4q": 2.23,
            "eps_4q_growth_year": null,
            "roe": 5.4,
            "gross_profit": 60529,
            "gross_margin": 19.9,
            "net_income": 87691,
            "revenue": 304155,
            "common_shares": 1346154,
            "equity": 1668258,
            "current_ratio": 1319.2,
            "debt_ratio": 68.96,
            "inventory_turnover_ratio": 1.18,
            "account_receivable_turnover_ratio": 1.03,
            "reinvestment_rate": -244.23,
            "research_to_sale_ratio": 0.98,
            "price_fair": 42.14,
            "eps_avg_yearly": 1.2,
            "eps_latest_yearly": 2.6,
            "eps_growth_yearly": 214.94
        },
        "20181": {
            "year_quarter": 20181,
            "year": 2018,
            "quarter": 1,
            "eps": 0.25,
            "eps_growth_year": 38.89,
            "eps_4q": 2.3,
            "eps_4q_growth_year": null,
            "roe": 1.86,
            "gross_profit": 40450,
            "gross_margin": 15.41,
            "net_income": 31349,
            "revenue": 262464,
            "common_shares": 1346154,
            "equity": 1702950,
            "current_ratio": 140.69,
            "debt_ratio": 68.03,
            "inventory_turnover_ratio": 1.04,
            "account_receivable_turnover_ratio": 0.96,
            "reinvestment_rate": -210.96,
            "research_to_sale_ratio": 1.31,
            "price_fair": 42.84,
            "eps_avg_yearly": 1.22,
            "eps_latest_yearly": 1,
            "eps_growth_yearly": 188.22
        },
        "20182": {
            "year_quarter": 20182,
            "year": 2018,
            "quarter": 2,
            "eps": 22.22,
            "eps_growth_year": 2368.89,
            "eps_4q": 23.62,
            "eps_4q_growth_year": 2067.1,
            "roe": 94.43,
            "gross_profit": 45013,
            "gross_margin": 14.29,
            "net_income": 2990474,
            "revenue": 314962,
            "common_shares": 1346154,
            "equity": 4630674,
            "current_ratio": 426.56,
            "debt_ratio": 24.59,
            "inventory_turnover_ratio": 1.29,
            "account_receivable_turnover_ratio": 1.11,
            "reinvestment_rate": -14.12,
            "research_to_sale_ratio": 4.81,
            "price_fair": 350.98,
            "eps_avg_yearly": 10.03,
            "eps_latest_yearly": 88.88,
            "eps_growth_yearly": 3701.42
        },
        "20183": {
            "year_quarter": 20183,
            "year": 2018,
            "quarter": 3,
            "eps": -0.69,
            "eps_growth_year": -238,
            "eps_4q": 22.43,
            "eps_4q_growth_year": 1349.11,
            "roe": -2.02,
            "gross_profit": 73449,
            "gross_margin": 24,
            "net_income": -92328,
            "revenue": 306009,
            "common_shares": 1346154,
            "equity": 4498546,
            "current_ratio": 418.35,
            "debt_ratio": 25.21,
            "inventory_turnover_ratio": 1.33,
            "account_receivable_turnover_ratio": 0.88,
            "reinvestment_rate": -14.44,
            "research_to_sale_ratio": 0.9,
            "price_fair": 387.02,
            "eps_avg_yearly": 11.06,
            "eps_latest_yearly": 88.88,
            "eps_growth_yearly": 4116.92
        },
        "20184": {
            "year_quarter": 20184,
            "year": 2018,
            "quarter": 4,
            "eps": 0.2,
            "eps_growth_year": -68.81,
            "eps_4q": 19.33,
            "eps_4q_growth_year": 765.79,
            "roe": 0.65,
            "gross_profit": 114723,
            "gross_margin": 24.22,
            "net_income": 36132,
            "revenue": 473762,
            "common_shares": 1550459,
            "equity": 6649451,
            "current_ratio": 180.93,
            "debt_ratio": 42.57,
            "inventory_turnover_ratio": 0.89,
            "account_receivable_turnover_ratio": 0.61,
            "reinvestment_rate": 14.11,
            "research_to_sale_ratio": -1.13,
            "price_fair": 434.7,
            "eps_avg_yearly": 12.42,
            "eps_latest_yearly": 88.88,
            "eps_growth_yearly": 4671.01
        },
        "20191": {
            "year_quarter": 20191,
            "year": 2019,
            "quarter": 1,
            "eps": 2.87,
            "eps_growth_year": 1048,
            "eps_4q": 21.98,
            "eps_4q_growth_year": 855.59,
            "roe": 6.67,
            "gross_profit": 214078,
            "gross_margin": 27.98,
            "net_income": 456110,
            "revenue": 765153,
            "common_shares": 1550459,
            "equity": 7033272,
            "current_ratio": 189.8,
            "debt_ratio": 39.43,
            "inventory_turnover_ratio": 0.83,
            "account_receivable_turnover_ratio": 0.68,
            "reinvestment_rate": 13.41,
            "research_to_sale_ratio": 2.67,
            "price_fair": 484.23,
            "eps_avg_yearly": 13.84,
            "eps_latest_yearly": 11.48,
            "eps_growth_yearly": 5338.51
        },
        "20192": {
            "year_quarter": 20192,
            "year": 2019,
            "quarter": 2,
            "eps": -0.55,
            "eps_growth_year": -102.48,
            "eps_4q": 1.92,
            "eps_4q_growth_year": -91.88,
            "roe": -1.06,
            "gross_profit": 221308,
            "gross_margin": 26.67,
            "net_income": -71647,
            "revenue": 829663,
            "common_shares": 1550459,
            "equity": 6443656,
            "current_ratio": 169.22,
            "debt_ratio": 43.38,
            "inventory_turnover_ratio": 0.96,
            "account_receivable_turnover_ratio": 0.76,
            "reinvestment_rate": 69.04,
            "research_to_sale_ratio": 2.98,
            "price_fair": 551.4,
            "eps_avg_yearly": 15.75,
            "eps_latest_yearly": 11.48,
            "eps_growth_yearly": 6015.44
        }
    },
    "months": {
        "2001-06": {
            "month": "2001-06",
            "price": "9.42",
            "revenue": 102557
        },
        "2001-07": {
            "month": "2001-07",
            "price": "7.19",
            "revenue": 100464
        },
        "2001-08": {
            "month": "2001-08",
            "price": "6.98",
            "revenue": 122430
        },
        "2001-09": {
            "month": "2001-09",
            "price": "5.81",
            "revenue": 99147
        },
        "2001-10": {
            "month": "2001-10",
            "price": "4.92",
            "revenue": 121359
        },
        "2001-11": {
            "month": "2001-11",
            "price": "6.41",
            "revenue": 112081
        },
        "2001-12": {
            "month": "2001-12",
            "price": "9.82",
            "revenue": 114437
        },
        "2002-01": {
            "month": "2002-01",
            "price": "10.53",
            "revenue": 98895
        },
        "2002-02": {
            "month": "2002-02",
            "price": "9.92",
            "revenue": 74912
        },
        "2002-03": {
            "month": "2002-03",
            "price": "10.24",
            "revenue": 145953
        },
        "2002-04": {
            "month": "2002-04",
            "price": "13.60",
            "revenue": 151525
        },
        "2002-05": {
            "month": "2002-05",
            "price": "12.16",
            "revenue": 135132
        },
        "2002-06": {
            "month": "2002-06",
            "price": "10.27",
            "revenue": 152887
        },
        "2002-07": {
            "month": "2002-07",
            "price": "8.38",
            "revenue": 122314
        },
        "2002-08": {
            "month": "2002-08",
            "price": "8.59",
            "revenue": 137970
        },
        "2002-09": {
            "month": "2002-09",
            "price": "7.53",
            "revenue": 137232
        },
        "2002-10": {
            "month": "2002-10",
            "price": "7.08",
            "revenue": 130260
        },
        "2002-11": {
            "month": "2002-11",
            "price": "7.04",
            "revenue": 105811
        },
        "2002-12": {
            "month": "2002-12",
            "price": "6.80",
            "revenue": 117897
        },
        "2003-01": {
            "month": "2003-01",
            "price": "6.99",
            "revenue": 112214
        },
        "2003-02": {
            "month": "2003-02",
            "price": "7.42",
            "revenue": 92631
        },
        "2003-03": {
            "month": "2003-03",
            "price": "7.27",
            "revenue": 137229
        },
        "2003-04": {
            "month": "2003-04",
            "price": "6.78",
            "revenue": 138272
        },
        "2003-05": {
            "month": "2003-05",
            "price": "5.56",
            "revenue": 121820
        },
        "2003-06": {
            "month": "2003-06",
            "price": "7.42",
            "revenue": 123399
        },
        "2003-07": {
            "month": "2003-07",
            "price": "7.63",
            "revenue": 118457
        },
        "2003-08": {
            "month": "2003-08",
            "price": "6.81",
            "revenue": 141532
        },
        "2003-09": {
            "month": "2003-09",
            "price": "6.44",
            "revenue": 132101
        },
        "2003-10": {
            "month": "2003-10",
            "price": "6.45",
            "revenue": 154696
        },
        "2003-11": {
            "month": "2003-11",
            "price": "7.73",
            "revenue": 128428
        },
        "2003-12": {
            "month": "2003-12",
            "price": "7.75",
            "revenue": 132049
        },
        "2004-01": {
            "month": "2004-01",
            "price": "7.88",
            "revenue": 96884
        },
        "2004-02": {
            "month": "2004-02",
            "price": "9.00",
            "revenue": 137708
        },
        "2004-03": {
            "month": "2004-03",
            "price": "8.72",
            "revenue": 151071
        },
        "2004-04": {
            "month": "2004-04",
            "price": "9.15",
            "revenue": 159768
        },
        "2004-05": {
            "month": "2004-05",
            "price": "7.70",
            "revenue": 154705
        },
        "2004-06": {
            "month": "2004-06",
            "price": "6.95",
            "revenue": 171134
        },
        "2004-07": {
            "month": "2004-07",
            "price": "6.34",
            "revenue": 150823
        },
        "2004-08": {
            "month": "2004-08",
            "price": "6.01",
            "revenue": 154072
        },
        "2004-09": {
            "month": "2004-09",
            "price": "5.00",
            "revenue": 144672
        },
        "2004-10": {
            "month": "2004-10",
            "price": "4.74",
            "revenue": 129009
        },
        "2004-11": {
            "month": "2004-11",
            "price": "4.38",
            "revenue": 118471
        },
        "2004-12": {
            "month": "2004-12",
            "price": "4.05",
            "revenue": 131129
        },
        "2005-01": {
            "month": "2005-01",
            "price": "3.86",
            "revenue": 148810
        },
        "2005-02": {
            "month": "2005-02",
            "price": "4.01",
            "revenue": 130352
        },
        "2005-03": {
            "month": "2005-03",
            "price": "4.36",
            "revenue": 144277
        },
        "2005-04": {
            "month": "2005-04",
            "price": "4.85",
            "revenue": 139307
        },
        "2005-05": {
            "month": "2005-05",
            "price": "5.67",
            "revenue": 137625
        },
        "2005-06": {
            "month": "2005-06",
            "price": "5.44",
            "revenue": 122205
        },
        "2005-07": {
            "month": "2005-07",
            "price": "6.22",
            "revenue": 129846
        },
        "2005-08": {
            "month": "2005-08",
            "price": "5.62",
            "revenue": 149289
        },
        "2005-09": {
            "month": "2005-09",
            "price": "7.00",
            "revenue": 161503
        },
        "2005-10": {
            "month": "2005-10",
            "price": "6.81",
            "revenue": 144739
        },
        "2005-11": {
            "month": "2005-11",
            "price": "7.60",
            "revenue": 162744
        },
        "2005-12": {
            "month": "2005-12",
            "price": "8.76",
            "revenue": 159149
        },
        "2006-01": {
            "month": "2006-01",
            "price": "10.25",
            "revenue": 142720
        },
        "2006-02": {
            "month": "2006-02",
            "price": "9.99",
            "revenue": 111812
        },
        "2006-03": {
            "month": "2006-03",
            "price": "8.55",
            "revenue": 182998
        },
        "2006-04": {
            "month": "2006-04",
            "price": "9.63",
            "revenue": 175204
        },
        "2006-05": {
            "month": "2006-05",
            "price": "9.87",
            "revenue": 176168
        },
        "2006-06": {
            "month": "2006-06",
            "price": "8.44",
            "revenue": 183892
        },
        "2006-07": {
            "month": "2006-07",
            "price": "9.00",
            "revenue": 179416
        },
        "2006-08": {
            "month": "2006-08",
            "price": "9.78",
            "revenue": 195535
        },
        "2006-09": {
            "month": "2006-09",
            "price": "11.51",
            "revenue": 180111
        },
        "2006-10": {
            "month": "2006-10",
            "price": "12.64",
            "revenue": 149745
        },
        "2006-11": {
            "month": "2006-11",
            "price": "13.10",
            "revenue": 127262
        },
        "2006-12": {
            "month": "2006-12",
            "price": "13.16",
            "revenue": 141272
        },
        "2007-01": {
            "month": "2007-01",
            "price": "15.18",
            "revenue": 162019
        },
        "2007-02": {
            "month": "2007-02",
            "price": "15.84",
            "revenue": 96105
        },
        "2007-03": {
            "month": "2007-03",
            "price": "15.94",
            "revenue": 169255
        },
        "2007-04": {
            "month": "2007-04",
            "price": "15.80",
            "revenue": 151843
        },
        "2007-05": {
            "month": "2007-05",
            "price": "14.35",
            "revenue": 165763
        },
        "2007-06": {
            "month": "2007-06",
            "price": "15.65",
            "revenue": 142843
        },
        "2007-07": {
            "month": "2007-07",
            "price": "16.11",
            "revenue": 165382
        },
        "2007-08": {
            "month": "2007-08",
            "price": "14.76",
            "revenue": 179130
        },
        "2007-09": {
            "month": "2007-09",
            "price": "14.18",
            "revenue": 172859
        },
        "2007-10": {
            "month": "2007-10",
            "price": "13.58",
            "revenue": 163168
        },
        "2007-11": {
            "month": "2007-11",
            "price": "13.08",
            "revenue": 141793
        },
        "2007-12": {
            "month": "2007-12",
            "price": "11.66",
            "revenue": 140887
        },
        "2008-01": {
            "month": "2008-01",
            "price": "10.76",
            "revenue": 200405
        },
        "2008-02": {
            "month": "2008-02",
            "price": "10.36",
            "revenue": 152594
        },
        "2008-03": {
            "month": "2008-03",
            "price": "10.96",
            "revenue": 214668
        },
        "2008-04": {
            "month": "2008-04",
            "price": "12.40",
            "revenue": 217027
        },
        "2008-05": {
            "month": "2008-05",
            "price": "12.39",
            "revenue": 228034
        },
        "2008-06": {
            "month": "2008-06",
            "price": "10.99",
            "revenue": 206982
        },
        "2008-07": {
            "month": "2008-07",
            "price": "9.37",
            "revenue": 214139
        },
        "2008-08": {
            "month": "2008-08",
            "price": "9.63",
            "revenue": 207403
        },
        "2008-09": {
            "month": "2008-09",
            "price": "7.64",
            "revenue": 203414
        },
        "2008-10": {
            "month": "2008-10",
            "price": "6.62",
            "revenue": 173203
        },
        "2008-11": {
            "month": "2008-11",
            "price": "5.85",
            "revenue": 158108
        },
        "2008-12": {
            "month": "2008-12",
            "price": "5.27",
            "revenue": 132178
        },
        "2009-01": {
            "month": "2009-01",
            "price": "5.00",
            "revenue": 104150
        },
        "2009-02": {
            "month": "2009-02",
            "price": "5.08",
            "revenue": 106630
        },
        "2009-03": {
            "month": "2009-03",
            "price": "6.12",
            "revenue": 153603
        },
        "2009-04": {
            "month": "2009-04",
            "price": "6.82",
            "revenue": 140418
        },
        "2009-05": {
            "month": "2009-05",
            "price": "6.66",
            "revenue": 131535
        },
        "2009-06": {
            "month": "2009-06",
            "price": "6.27",
            "revenue": 149847
        },
        "2009-07": {
            "month": "2009-07",
            "price": "6.51",
            "revenue": 165130
        },
        "2009-08": {
            "month": "2009-08",
            "price": "7.20",
            "revenue": 188145
        },
        "2009-09": {
            "month": "2009-09",
            "price": "7.04",
            "revenue": 178435
        },
        "2009-10": {
            "month": "2009-10",
            "price": "7.50",
            "revenue": 162425
        },
        "2009-11": {
            "month": "2009-11",
            "price": "7.06",
            "revenue": 211584
        },
        "2009-12": {
            "month": "2009-12",
            "price": "8.39",
            "revenue": 194069
        },
        "2010-01": {
            "month": "2010-01",
            "price": "8.60",
            "revenue": 210698
        },
        "2010-02": {
            "month": "2010-02",
            "price": "7.82",
            "revenue": 139830
        },
        "2010-03": {
            "month": "2010-03",
            "price": "9.06",
            "revenue": 222143
        },
        "2010-04": {
            "month": "2010-04",
            "price": "10.89",
            "revenue": 225156
        },
        "2010-05": {
            "month": "2010-05",
            "price": "12.02",
            "revenue": 251510
        },
        "2010-06": {
            "month": "2010-06",
            "price": "10.91",
            "revenue": 226475
        },
        "2010-07": {
            "month": "2010-07",
            "price": "11.02",
            "revenue": 248393
        },
        "2010-08": {
            "month": "2010-08",
            "price": "13.11",
            "revenue": 250691
        },
        "2010-09": {
            "month": "2010-09",
            "price": "12.15",
            "revenue": 227446
        },
        "2010-10": {
            "month": "2010-10",
            "price": "12.01",
            "revenue": 195540
        },
        "2010-11": {
            "month": "2010-11",
            "price": "10.80",
            "revenue": 198622
        },
        "2010-12": {
            "month": "2010-12",
            "price": "11.62",
            "revenue": 207730
        },
        "2011-01": {
            "month": "2011-01",
            "price": "11.38",
            "revenue": 195814
        },
        "2011-02": {
            "month": "2011-02",
            "price": "10.86",
            "revenue": 135398
        },
        "2011-03": {
            "month": "2011-03",
            "price": "10.58",
            "revenue": 208586
        },
        "2011-04": {
            "month": "2011-04",
            "price": "10.66",
            "revenue": 219481
        },
        "2011-05": {
            "month": "2011-05",
            "price": "10.60",
            "revenue": 224289
        },
        "2011-06": {
            "month": "2011-06",
            "price": "10.37",
            "revenue": 207988
        },
        "2011-07": {
            "month": "2011-07",
            "price": "9.95",
            "revenue": 208460
        },
        "2011-08": {
            "month": "2011-08",
            "price": "8.18",
            "revenue": 223115
        },
        "2011-09": {
            "month": "2011-09",
            "price": "7.70",
            "revenue": 201295
        },
        "2011-10": {
            "month": "2011-10",
            "price": "7.51",
            "revenue": 174235
        },
        "2011-11": {
            "month": "2011-11",
            "price": "6.89",
            "revenue": 158069
        },
        "2011-12": {
            "month": "2011-12",
            "price": "5.87",
            "revenue": 88485
        },
        "2012-01": {
            "month": "2012-01",
            "price": "6.08",
            "revenue": 132166
        },
        "2012-02": {
            "month": "2012-02",
            "price": "7.24",
            "revenue": 146355
        },
        "2012-03": {
            "month": "2012-03",
            "price": "7.74",
            "revenue": 175575
        },
        "2012-04": {
            "month": "2012-04",
            "price": "7.39",
            "revenue": 192209
        },
        "2012-05": {
            "month": "2012-05",
            "price": "6.16",
            "revenue": 174394
        },
        "2012-06": {
            "month": "2012-06",
            "price": "5.75",
            "revenue": 167458
        },
        "2012-07": {
            "month": "2012-07",
            "price": "5.54",
            "revenue": 183717
        },
        "2012-08": {
            "month": "2012-08",
            "price": "5.70",
            "revenue": 170695
        },
        "2012-09": {
            "month": "2012-09",
            "price": "6.03",
            "revenue": 162136
        },
        "2012-10": {
            "month": "2012-10",
            "price": "6.10",
            "revenue": 158755
        },
        "2012-11": {
            "month": "2012-11",
            "price": "6.12",
            "revenue": 147537
        },
        "2012-12": {
            "month": "2012-12",
            "price": "6.57",
            "revenue": 94965
        },
        "2013-01": {
            "month": "2013-01",
            "price": "6.99",
            "revenue": 170090
        },
        "2013-02": {
            "month": "2013-02",
            "price": "7.00",
            "revenue": 110229
        },
        "2013-03": {
            "month": "2013-03",
            "price": "6.94",
            "revenue": 160301
        },
        "2013-04": {
            "month": "2013-04",
            "price": "7.07",
            "revenue": 193334
        },
        "2013-05": {
            "month": "2013-05",
            "price": "7.30",
            "revenue": 174987
        },
        "2013-06": {
            "month": "2013-06",
            "price": "7.71",
            "revenue": 168566
        },
        "2013-07": {
            "month": "2013-07",
            "price": "7.69",
            "revenue": 165215
        },
        "2013-08": {
            "month": "2013-08",
            "price": "7.94",
            "revenue": 174020
        },
        "2013-09": {
            "month": "2013-09",
            "price": "8.20",
            "revenue": 163066
        },
        "2013-10": {
            "month": "2013-10",
            "price": "8.65",
            "revenue": 142523
        },
        "2013-11": {
            "month": "2013-11",
            "price": "9.07",
            "revenue": 148026
        },
        "2013-12": {
            "month": "2013-12",
            "price": "9.32",
            "revenue": 156358
        },
        "2014-01": {
            "month": "2014-01",
            "price": "10.23",
            "revenue": 138314
        },
        "2014-02": {
            "month": "2014-02",
            "price": "10.38",
            "revenue": 115970
        },
        "2014-03": {
            "month": "2014-03",
            "price": "10.40",
            "revenue": 162212
        },
        "2014-04": {
            "month": "2014-04",
            "price": "10.56",
            "revenue": 165231
        },
        "2014-05": {
            "month": "2014-05",
            "price": "10.33",
            "revenue": 164404
        },
        "2014-06": {
            "month": "2014-06",
            "price": "10.57",
            "revenue": 155028
        },
        "2014-07": {
            "month": "2014-07",
            "price": "10.36",
            "revenue": 152813
        },
        "2014-08": {
            "month": "2014-08",
            "price": "10.85",
            "revenue": 162829
        },
        "2014-09": {
            "month": "2014-09",
            "price": "11.09",
            "revenue": 146694
        },
        "2014-10": {
            "month": "2014-10",
            "price": "11.07",
            "revenue": 140410
        },
        "2014-11": {
            "month": "2014-11",
            "price": "11.44",
            "revenue": 143379
        },
        "2014-12": {
            "month": "2014-12",
            "price": "11.98",
            "revenue": 129930
        },
        "2015-01": {
            "month": "2015-01",
            "price": "12.17",
            "revenue": 146885
        },
        "2015-02": {
            "month": "2015-02",
            "price": "12.19",
            "revenue": 99232
        },
        "2015-03": {
            "month": "2015-03",
            "price": "13.93",
            "revenue": 134717
        },
        "2015-04": {
            "month": "2015-04",
            "price": "14.00",
            "revenue": 151994
        },
        "2015-05": {
            "month": "2015-05",
            "price": "12.61",
            "revenue": 147396
        },
        "2015-06": {
            "month": "2015-06",
            "price": "11.68",
            "revenue": 134227
        },
        "2015-07": {
            "month": "2015-07",
            "price": "13.25",
            "revenue": 149624
        },
        "2015-08": {
            "month": "2015-08",
            "price": "13.49",
            "revenue": 136389
        },
        "2015-09": {
            "month": "2015-09",
            "price": "14.38",
            "revenue": 136923
        },
        "2015-10": {
            "month": "2015-10",
            "price": "14.36",
            "revenue": 129564
        },
        "2015-11": {
            "month": "2015-11",
            "price": "14.69",
            "revenue": 126880
        },
        "2015-12": {
            "month": "2015-12",
            "price": "16.23",
            "revenue": 130112
        },
        "2016-01": {
            "month": "2016-01",
            "price": "16.54",
            "revenue": 143258
        },
        "2016-02": {
            "month": "2016-02",
            "price": "16.06",
            "revenue": 83275
        },
        "2016-03": {
            "month": "2016-03",
            "price": "14.28",
            "revenue": 148365
        },
        "2016-04": {
            "month": "2016-04",
            "price": "14.19",
            "revenue": 143764
        },
        "2016-05": {
            "month": "2016-05",
            "price": "14.55",
            "revenue": 133782
        },
        "2016-06": {
            "month": "2016-06",
            "price": "13.89",
            "revenue": 123149
        },
        "2016-07": {
            "month": "2016-07",
            "price": "13.72",
            "revenue": 128668
        },
        "2016-08": {
            "month": "2016-08",
            "price": "14.51",
            "revenue": 132704
        },
        "2016-09": {
            "month": "2016-09",
            "price": "15.85",
            "revenue": 132611
        },
        "2016-10": {
            "month": "2016-10",
            "price": "17.95",
            "revenue": 107372
        },
        "2016-11": {
            "month": "2016-11",
            "price": "17.76",
            "revenue": 114219
        },
        "2016-12": {
            "month": "2016-12",
            "price": "16.89",
            "revenue": 109209
        },
        "2017-01": {
            "month": "2017-01",
            "price": "15.55",
            "revenue": 95233
        },
        "2017-02": {
            "month": "2017-02",
            "price": "15.81",
            "revenue": 84323
        },
        "2017-03": {
            "month": "2017-03",
            "price": "15.69",
            "revenue": 116585
        },
        "2017-04": {
            "month": "2017-04",
            "price": "21.44",
            "revenue": 112833
        },
        "2017-05": {
            "month": "2017-05",
            "price": "26.32",
            "revenue": 120766
        },
        "2017-06": {
            "month": "2017-06",
            "price": "27.13",
            "revenue": 115162
        },
        "2017-07": {
            "month": "2017-07",
            "price": "27.16",
            "revenue": 115635
        },
        "2017-08": {
            "month": "2017-08",
            "price": "27.42",
            "revenue": 120047
        },
        "2017-09": {
            "month": "2017-09",
            "price": "30.58",
            "revenue": 104000
        },
        "2017-10": {
            "month": "2017-10",
            "price": "31.12",
            "revenue": 92594
        },
        "2017-11": {
            "month": "2017-11",
            "price": "33.61",
            "revenue": 106817
        },
        "2017-12": {
            "month": "2017-12",
            "price": "49.87",
            "revenue": 104744
        },
        "2018-01": {
            "month": "2018-01",
            "price": "61.27",
            "revenue": 108748
        },
        "2018-02": {
            "month": "2018-02",
            "price": "55.70",
            "revenue": 60824
        },
        "2018-03": {
            "month": "2018-03",
            "price": "62.74",
            "revenue": 92892
        },
        "2018-04": {
            "month": "2018-04",
            "price": "59.34",
            "revenue": 94687
        },
        "2018-05": {
            "month": "2018-05",
            "price": "63.44",
            "revenue": 116320
        },
        "2018-06": {
            "month": "2018-06",
            "price": "83.86",
            "revenue": 103955
        },
        "2018-07": {
            "month": "2018-07",
            "price": "82.50",
            "revenue": 108705
        },
        "2018-08": {
            "month": "2018-08",
            "price": "69.77",
            "revenue": 99922
        },
        "2018-09": {
            "month": "2018-09",
            "price": "54.38",
            "revenue": 97382
        },
        "2018-10": {
            "month": "2018-10",
            "price": "42.36",
            "revenue": 85533
        },
        "2018-11": {
            "month": "2018-11",
            "price": "41.68",
            "revenue": 90486
        },
        "2018-12": {
            "month": "2018-12",
            "price": "45.20",
            "revenue": 297743
        },
        "2019-01": {
            "month": "2019-01",
            "price": "51.67",
            "revenue": 300250
        },
        "2019-02": {
            "month": "2019-02",
            "price": "57.55",
            "revenue": 205134
        },
        "2019-03": {
            "month": "2019-03",
            "price": "54.92",
            "revenue": 259769
        },
        "2019-04": {
            "month": "2019-04",
            "price": "55.02",
            "revenue": 301049
        },
        "2019-05": {
            "month": "2019-05",
            "price": "52.72",
            "revenue": 279745
        },
        "2019-06": {
            "month": "2019-06",
            "price": "52.55",
            "revenue": 248869
        },
        "2019-07": {
            "month": "2019-07",
            "price": "53.53",
            "revenue": 290153
        },
        "2019-08": {
            "month": "2019-08",
            "price": "41.35",
            "revenue": 281449
        }
    }
}
