{
    "summary": {
        "stock_name": "美而快",
        "stock_id": "5321",
        "category": "電子商務",
        "main_business": "布疋、衣著、鞋、帽、傘、服飾品批發及零售買賣業務。<br>無店面零售業務。<br>電子零組件之製造、加工及買賣業務。",
        "website_url": "https://www.unitedrecommend.com/",
        "ceo": "王志仁",
        "pe_ratio": 20,
        "report_year_from": 2001,
        "report_year_to": 2023,
        "age": 22,
        "eps_negative_percentage": 52,
        "eps_growth_avg": {
            "last_all": -32.94,
            "last_2y": -20.65,
            "last_4y": -23.9,
            "last_8y": -24.41,
            "last_12y": -24.41,
            "last_16y": -24.56,
            "last_20y": -32.94,
            "at_2006_last_3y": -100,
            "at_2007_last_3y": null,
            "at_2008_last_3y": 50,
            "at_2009_last_3y": -25,
            "at_2010_last_3y": -25,
            "at_2011_last_3y": -25,
            "at_2012_last_3y": -100,
            "at_2013_last_3y": null,
            "at_2014_last_3y": null,
            "at_2015_last_3y": -28.67,
            "at_2016_last_3y": 12.63,
            "at_2017_last_3y": -24.92,
            "at_2018_last_3y": -24.92,
            "at_2019_last_3y": -25.5,
            "at_2020_last_3y": -76.8,
            "at_2021_last_3y": -65.21,
            "at_2022_last_3y": -23.9,
            "at_2023_last_3y": -23.9,
            "at_2006_last_all": -100,
            "at_2007_last_all": -100,
            "at_2008_last_all": -25,
            "at_2009_last_all": -50,
            "at_2010_last_all": -50,
            "at_2011_last_all": -50,
            "at_2012_last_all": -50,
            "at_2013_last_all": -50,
            "at_2014_last_all": -50,
            "at_2015_last_all": -44.67,
            "at_2016_last_all": -24.95,
            "at_2017_last_all": -37.46,
            "at_2018_last_all": -37.46,
            "at_2019_last_all": -36.45,
            "at_2020_last_all": -44.4,
            "at_2021_last_all": -44.4,
            "at_2022_last_all": -32.94,
            "at_2023_last_all": -32.94
        },
        "latest_eps": 4.62,
        "latest_price": 92.7,
        "latest_roe": 26.62,
        "latest_gross_margin": 35.51,
        "latest_equity": 991444,
        "latest_revenue": 812265,
        "latest_gross_profit": 288410,
        "latest_net_income": 50576,
        "latest_debt_ratio": 71.01,
        "latest_current_ratio": 85.89,
        "latest_account_receivable_turnover_ratio": 2.61,
        "latest_inventory_turnover_ratio": 1.06,
        "latest_reinvestment_rate": 432.51,
        "latest_research_to_sale_ratio": 0.73
    },
    "eps_dividends": {
        "1999": {
            "cash": 0,
            "stock": 2.5,
            "eps": 0
        },
        "2000": {
            "cash": 0,
            "stock": 0.6,
            "eps": 0
        },
        "2001": {
            "cash": 0,
            "stock": 0,
            "eps": -1.32
        },
        "2002": {
            "cash": 0,
            "stock": 0,
            "eps": 0.04
        },
        "2003": {
            "cash": 0,
            "stock": 0,
            "eps": -0.65
        },
        "2004": {
            "cash": 0,
            "stock": 0,
            "eps": -2.11
        },
        "2005": {
            "cash": 0,
            "stock": 0,
            "eps": -1.78
        },
        "2006": {
            "cash": 0,
            "stock": 0,
            "eps": -1.39
        },
        "2007": {
            "cash": 0,
            "stock": 0,
            "eps": 0.12
        },
        "2008": {
            "cash": 0,
            "stock": 0,
            "eps": 0.18
        },
        "2009": {
            "cash": 0,
            "stock": 0,
            "eps": -0.46
        },
        "2010": {
            "cash": 0,
            "stock": 0,
            "eps": -1.65
        },
        "2011": {
            "cash": 0,
            "stock": 0,
            "eps": -4.12
        },
        "2012": {
            "cash": 0,
            "stock": 0,
            "eps": -4.07
        },
        "2013": {
            "cash": 0,
            "stock": 0,
            "eps": -0.33
        },
        "2014": {
            "cash": 0,
            "stock": 0,
            "eps": 1.43
        },
        "2015": {
            "cash": 0,
            "stock": 0,
            "eps": 1.02
        },
        "2016": {
            "cash": 0,
            "stock": 0,
            "eps": 1.57
        },
        "2017": {
            "cash": 0,
            "stock": 0,
            "eps": -2.34
        },
        "2018": {
            "cash": 0,
            "stock": 0,
            "eps": 2.17
        },
        "2019": {
            "cash": 0,
            "stock": 0,
            "eps": 1.51
        },
        "2020": {
            "cash": 0,
            "stock": 0,
            "eps": -3.74
        },
        "2021": {
            "cash": 0,
            "stock": 0,
            "eps": 3.1
        },
        "2022": {
            "cash": 0.5,
            "stock": 1.5,
            "eps": 4.92
        },
        "2023": {
            "cash": 0.7,
            "stock": 2.3,
            "eps": 1.06
        }
    },
    "dividends": {
        "1999-05-12": {
            "cash": 0,
            "stock": 2.5
        },
        "2000-06-07": {
            "cash": 0,
            "stock": 0.6
        },
        "2022-10-26": {
            "cash": 0.5,
            "stock": 1.5
        },
        "2023-03-23": {
            "cash": 0.7,
            "stock": 2.3
        }
    },
    "prices": {
        "200101": "6.00",
        "200102": "7.66",
        "200103": "7.39",
        "200104": "7.86",
        "200105": "6.55",
        "200106": "5.72",
        "200107": "4.34",
        "200108": "4.74",
        "200109": "3.75",
        "200110": "3.09",
        "200111": "4.31",
        "200112": "6.02",
        "200201": "7.10",
        "200202": "6.70",
        "200203": "8.06",
        "200204": "11.79",
        "200205": "9.10",
        "200206": "8.48",
        "200207": "7.06",
        "200208": "5.80",
        "200209": "5.55",
        "200210": "5.64",
        "200211": "6.88",
        "200212": "8.45",
        "200301": "8.81",
        "200302": "8.98",
        "200303": "8.37",
        "200304": "7.86",
        "200305": "6.88",
        "200306": "8.77",
        "200307": "8.94",
        "200308": "8.64",
        "200309": "7.85",
        "200310": "7.84",
        "200311": "8.36",
        "200312": "8.40",
        "200401": "8.34",
        "200402": "9.04",
        "200403": "8.29",
        "200404": "8.55",
        "200405": "7.20",
        "200406": "6.08",
        "200407": "4.73",
        "200408": "4.33",
        "200409": "4.80",
        "200410": "6.22",
        "200411": "5.84",
        "200412": "4.93",
        "200501": "4.18",
        "200502": "4.06",
        "200503": "3.85",
        "200504": "3.05",
        "200505": "2.99",
        "200506": "3.48",
        "200507": "3.96",
        "200508": "3.35",
        "200509": "3.85",
        "200510": "3.77",
        "200511": "2.93",
        "200512": "3.82",
        "200601": "4.31",
        "200602": "5.60",
        "200603": "5.62",
        "200604": "4.81",
        "200605": "4.07",
        "200606": "3.75",
        "200607": "2.84",
        "200608": "無",
        "200609": "無",
        "200610": "無",
        "200611": "無",
        "200612": "無",
        "200701": "無",
        "200702": "無",
        "200703": "2.57",
        "200704": "3.99",
        "200705": "3.48",
        "200706": "3.23",
        "200707": "3.41",
        "200708": "3.41",
        "200709": "4.04",
        "200710": "3.85",
        "200711": "14.02",
        "200712": "11.05",
        "200801": "8.99",
        "200802": "7.98",
        "200803": "7.97",
        "200804": "8.19",
        "200805": "8.40",
        "200806": "7.00",
        "200807": "5.06",
        "200808": "4.69",
        "200809": "3.51",
        "200810": "2.71",
        "200811": "2.19",
        "200812": "2.02",
        "200901": "1.92",
        "200902": "1.85",
        "200903": "2.28",
        "200904": "3.15",
        "200905": "2.81",
        "200906": "2.61",
        "200907": "2.57",
        "200908": "2.73",
        "200909": "3.24",
        "200910": "3.85",
        "200911": "6.12",
        "200912": "7.04",
        "201001": "7.48",
        "201002": "7.04",
        "201003": "7.76",
        "201004": "9.45",
        "201005": "8.42",
        "201006": "8.19",
        "201007": "8.98",
        "201008": "9.08",
        "201009": "8.05",
        "201010": "7.65",
        "201011": "5.99",
        "201012": "6.17",
        "201101": "6.01",
        "201102": "5.93",
        "201103": "5.75",
        "201104": "5.48",
        "201105": "4.41",
        "201106": "3.85",
        "201107": "3.37",
        "201108": "3.00",
        "201109": "2.60",
        "201110": "2.10",
        "201111": "2.26",
        "201112": "2.85",
        "201201": "2.67",
        "201202": "3.22",
        "201203": "3.17",
        "201204": "2.13",
        "201205": "1.54",
        "201206": "1.62",
        "201207": "1.95",
        "201208": "1.92",
        "201209": "2.00",
        "201210": "2.43",
        "201211": "2.85",
        "201212": "3.79",
        "201301": "4.20",
        "201302": "4.42",
        "201303": "4.14",
        "201304": "4.32",
        "201305": "6.41",
        "201306": "9.08",
        "201307": "8.62",
        "201308": "7.74",
        "201309": "6.49",
        "201310": "5.75",
        "201311": "9.33",
        "201312": "15.82",
        "201401": "16.03",
        "201402": "16.63",
        "201403": "17.46",
        "201404": "17.55",
        "201405": "17.40",
        "201406": "18.29",
        "201407": "16.69",
        "201408": "17.12",
        "201409": "17.73",
        "201410": "19.13",
        "201411": "19.44",
        "201412": "21.31",
        "201501": "21.18",
        "201502": "20.69",
        "201503": "20.44",
        "201504": "29.95",
        "201505": "34.50",
        "201506": "40.20",
        "201507": "45.39",
        "201508": "39.52",
        "201509": "37.48",
        "201510": "35.90",
        "201511": "31.10",
        "201512": "23.20",
        "201601": "23.24",
        "201602": "22.96",
        "201603": "25.84",
        "201604": "29.14",
        "201605": "29.43",
        "201606": "35.82",
        "201607": "39.63",
        "201608": "39.57",
        "201609": "39.55",
        "201610": "37.90",
        "201611": "32.81",
        "201612": "28.56",
        "201701": "28.71",
        "201702": "28.80",
        "201703": "27.54",
        "201704": "28.05",
        "201705": "36.33",
        "201706": "34.34",
        "201707": "32.48",
        "201708": "30.19",
        "201709": "26.98",
        "201710": "22.49",
        "201711": "21.63",
        "201712": "20.82",
        "201801": "19.45",
        "201802": "18.10",
        "201803": "18.72",
        "201804": "18.86",
        "201805": "38.08",
        "201806": "49.20",
        "201807": "47.83",
        "201808": "48.90",
        "201809": "48.31",
        "201810": "47.50",
        "201811": "44.13",
        "201812": "44.75",
        "201901": "41.42",
        "201902": "40.11",
        "201903": "43.98",
        "201904": "43.22",
        "201905": "41.38",
        "201906": "41.16",
        "201907": "39.61",
        "201908": "37.58",
        "201909": "34.11",
        "201910": "33.46",
        "201911": "37.16",
        "201912": "39.69",
        "202001": "37.54",
        "202002": "31.01",
        "202003": "23.21",
        "202004": "25.10",
        "202005": "22.39",
        "202006": "32.07",
        "202007": "42.02",
        "202008": "44.74",
        "202009": "40.40",
        "202010": "37.70",
        "202011": "34.35",
        "202012": "33.92",
        "202101": "31.10",
        "202102": "31.37",
        "202103": "31.00",
        "202104": "33.78",
        "202105": "33.88",
        "202106": "33.01",
        "202107": "38.11",
        "202108": "53.83",
        "202109": "77.08",
        "202110": "117.58",
        "202111": "114.59",
        "202112": "106.91",
        "202201": "103.50",
        "202202": "133.50",
        "202203": "139.22",
        "202204": "138.03",
        "202205": "126.26",
        "202206": "116.16",
        "202207": "85.14",
        "202208": "83.82",
        "202209": "81.40",
        "202210": "63.84",
        "202211": "67.14",
        "202212": "65.46",
        "202301": "78.85",
        "202302": "88.17",
        "202303": "87.51",
        "202304": "90.36",
        "202305": "105.41",
        "202306": "94.26"
    },
    "quarters": {
        "20011": {
            "year_quarter": 20011,
            "year": 2001,
            "quarter": 1,
            "eps": -0.65,
            "eps_growth_year": null,
            "eps_4q": -3.14,
            "eps_4q_growth_year": null,
            "roe": -5.74,
            "roe_4q": -5.74,
            "gross_profit": 11297,
            "gross_margin": 1.88,
            "gross_margin_4q_avg": 1.88,
            "net_income": -96511,
            "revenue": 600369,
            "common_shares": 1491700,
            "book_valuer_per_share": 10.94,
            "book_valuer_per_share_4q_avg": 10.94,
            "equity": 1631994,
            "current_ratio": 70.78,
            "debt_ratio": 64.65,
            "inventory_turnover_ratio": 2.61,
            "account_receivable_turnover_ratio": null,
            "reinvestment_rate": null,
            "research_to_sale_ratio": null,
            "price_fair": 0,
            "eps_avg_yearly": 0,
            "eps_latest_yearly": 0,
            "eps_growth_yearly": 0
        },
        "20012": {
            "year_quarter": 20012,
            "year": 2001,
            "quarter": 2,
            "eps": -0.24,
            "eps_growth_year": null,
            "eps_4q": -1.77,
            "eps_4q_growth_year": null,
            "roe": -2.18,
            "roe_4q": -7.92,
            "gross_profit": 27619,
            "gross_margin": 5.3,
            "gross_margin_4q_avg": 3.59,
            "net_income": -35177,
            "revenue": 521290,
            "common_shares": 1491700,
            "book_valuer_per_share": 10.7,
            "book_valuer_per_share_4q_avg": 10.82,
            "equity": 1596817,
            "current_ratio": 75.51,
            "debt_ratio": 64.94,
            "inventory_turnover_ratio": 2.45,
            "account_receivable_turnover_ratio": null,
            "reinvestment_rate": null,
            "research_to_sale_ratio": null,
            "price_fair": 0,
            "eps_avg_yearly": 0,
            "eps_latest_yearly": 0,
            "eps_growth_yearly": 0
        },
        "20013": {
            "year_quarter": 20013,
            "year": 2001,
            "quarter": 3,
            "eps": -0.26,
            "eps_growth_year": null,
            "eps_4q": -1.69,
            "eps_4q_growth_year": null,
            "roe": -2.44,
            "roe_4q": -10.36,
            "gross_profit": 67745,
            "gross_margin": 11.63,
            "gross_margin_4q_avg": 6.27,
            "net_income": -38431,
            "revenue": 582598,
            "common_shares": 1491700,
            "book_valuer_per_share": 10.45,
            "book_valuer_per_share_4q_avg": 10.7,
            "equity": 1558386,
            "current_ratio": 68.19,
            "debt_ratio": 63.35,
            "inventory_turnover_ratio": 2.84,
            "account_receivable_turnover_ratio": null,
            "reinvestment_rate": null,
            "research_to_sale_ratio": null,
            "price_fair": 0,
            "eps_avg_yearly": 0,
            "eps_latest_yearly": 0,
            "eps_growth_yearly": 0
        },
        "20014": {
            "year_quarter": 20014,
            "year": 2001,
            "quarter": 4,
            "eps": -0.17,
            "eps_growth_year": null,
            "eps_4q": -1.31,
            "eps_4q_growth_year": null,
            "roe": -1.68,
            "roe_4q": -12.040000000000001,
            "gross_profit": 48304,
            "gross_margin": 8.44,
            "gross_margin_4q_avg": 6.81,
            "net_income": -26014,
            "revenue": 572343,
            "common_shares": 1491700,
            "book_valuer_per_share": 10.27,
            "book_valuer_per_share_4q_avg": 10.59,
            "equity": 1532372,
            "current_ratio": 63.23,
            "debt_ratio": 63.17,
            "inventory_turnover_ratio": 3.33,
            "account_receivable_turnover_ratio": null,
            "reinvestment_rate": null,
            "research_to_sale_ratio": null,
            "price_fair": 0,
            "eps_avg_yearly": 0,
            "eps_latest_yearly": 0,
            "eps_growth_yearly": 0
        },
        "20021": {
            "year_quarter": 20021,
            "year": 2002,
            "quarter": 1,
            "eps": -0.18,
            "eps_growth_year": null,
            "eps_4q": -0.85,
            "eps_4q_growth_year": null,
            "roe": -1.76,
            "roe_4q": -8.06,
            "gross_profit": 71020,
            "gross_margin": 10.79,
            "gross_margin_4q_avg": 9.04,
            "net_income": -26689,
            "revenue": 658361,
            "common_shares": 1491700,
            "book_valuer_per_share": 10.09,
            "book_valuer_per_share_4q_avg": 10.38,
            "equity": 1505683,
            "current_ratio": 73.59,
            "debt_ratio": 64.3,
            "inventory_turnover_ratio": 3.98,
            "account_receivable_turnover_ratio": null,
            "reinvestment_rate": null,
            "research_to_sale_ratio": null,
            "price_fair": 0,
            "eps_avg_yearly": 0,
            "eps_latest_yearly": 0,
            "eps_growth_yearly": 0
        },
        "20022": {
            "year_quarter": 20022,
            "year": 2002,
            "quarter": 2,
            "eps": 0,
            "eps_growth_year": null,
            "eps_4q": -0.61,
            "eps_4q_growth_year": null,
            "roe": 0.04,
            "roe_4q": -5.84,
            "gross_profit": 100812,
            "gross_margin": 15.54,
            "gross_margin_4q_avg": 11.6,
            "net_income": 595,
            "revenue": 648661,
            "common_shares": 1491700,
            "book_valuer_per_share": 10.1,
            "book_valuer_per_share_4q_avg": 10.23,
            "equity": 1506278,
            "current_ratio": 75.81,
            "debt_ratio": 64.47,
            "inventory_turnover_ratio": 4.09,
            "account_receivable_turnover_ratio": null,
            "reinvestment_rate": null,
            "research_to_sale_ratio": null,
            "price_fair": 0,
            "eps_avg_yearly": 0,
            "eps_latest_yearly": 0,
            "eps_growth_yearly": 0
        },
        "20023": {
            "year_quarter": 20023,
            "year": 2002,
            "quarter": 3,
            "eps": -0.03,
            "eps_growth_year": null,
            "eps_4q": -0.38,
            "eps_4q_growth_year": null,
            "roe": -0.26,
            "roe_4q": -3.66,
            "gross_profit": 82368,
            "gross_margin": 12.42,
            "gross_margin_4q_avg": 11.8,
            "net_income": -3871,
            "revenue": 663139,
            "common_shares": 1491700,
            "book_valuer_per_share": 10.07,
            "book_valuer_per_share_4q_avg": 10.13,
            "equity": 1502406,
            "current_ratio": 73.33,
            "debt_ratio": 64.39,
            "inventory_turnover_ratio": 3.99,
            "account_receivable_turnover_ratio": null,
            "reinvestment_rate": null,
            "research_to_sale_ratio": null,
            "price_fair": 0,
            "eps_avg_yearly": 0,
            "eps_latest_yearly": 0,
            "eps_growth_yearly": 0
        },
        "20024": {
            "year_quarter": 20024,
            "year": 2002,
            "quarter": 4,
            "eps": 0.25,
            "eps_growth_year": null,
            "eps_4q": 0.05,
            "eps_4q_growth_year": null,
            "roe": 2.48,
            "roe_4q": 0.4999999999999998,
            "gross_profit": 125586,
            "gross_margin": 14.97,
            "gross_margin_4q_avg": 13.43,
            "net_income": 37681,
            "revenue": 838774,
            "common_shares": 1491700,
            "book_valuer_per_share": 10.32,
            "book_valuer_per_share_4q_avg": 10.15,
            "equity": 1540088,
            "current_ratio": 73.2,
            "debt_ratio": 65.43,
            "inventory_turnover_ratio": 4.3,
            "account_receivable_turnover_ratio": null,
            "reinvestment_rate": null,
            "research_to_sale_ratio": null,
            "price_fair": 0,
            "eps_avg_yearly": 0,
            "eps_latest_yearly": 0,
            "eps_growth_yearly": 0
        },
        "20031": {
            "year_quarter": 20031,
            "year": 2003,
            "quarter": 1,
            "eps": 0.12,
            "eps_growth_year": null,
            "eps_4q": 0.36,
            "eps_4q_growth_year": null,
            "roe": 1.13,
            "roe_4q": 3.3899999999999997,
            "gross_profit": 99272,
            "gross_margin": 12.39,
            "gross_margin_4q_avg": 13.83,
            "net_income": 17566,
            "revenue": 801249,
            "common_shares": 1491700,
            "book_valuer_per_share": 10.44,
            "book_valuer_per_share_4q_avg": 10.23,
            "equity": 1557654,
            "current_ratio": 71.2,
            "debt_ratio": 63.87,
            "inventory_turnover_ratio": 4.14,
            "account_receivable_turnover_ratio": null,
            "reinvestment_rate": null,
            "research_to_sale_ratio": null,
            "price_fair": 1.44,
            "eps_avg_yearly": 0.48,
            "eps_latest_yearly": 0.48,
            "eps_growth_yearly": -208
        },
        "20032": {
            "year_quarter": 20032,
            "year": 2003,
            "quarter": 2,
            "eps": -0.09,
            "eps_growth_year": null,
            "eps_4q": 0.26,
            "eps_4q_growth_year": null,
            "roe": -0.83,
            "roe_4q": 2.5199999999999996,
            "gross_profit": 86293,
            "gross_margin": 10.27,
            "gross_margin_4q_avg": 12.51,
            "net_income": -12886,
            "revenue": 840286,
            "common_shares": 1491700,
            "book_valuer_per_share": 10.36,
            "book_valuer_per_share_4q_avg": 10.3,
            "equity": 1544768,
            "current_ratio": 71.15,
            "debt_ratio": 64.44,
            "inventory_turnover_ratio": 4.38,
            "account_receivable_turnover_ratio": null,
            "reinvestment_rate": null,
            "research_to_sale_ratio": null,
            "price_fair": 1.44,
            "eps_avg_yearly": 0.48,
            "eps_latest_yearly": 0.48,
            "eps_growth_yearly": -208
        },
        "20033": {
            "year_quarter": 20033,
            "year": 2003,
            "quarter": 3,
            "eps": -0.07,
            "eps_growth_year": null,
            "eps_4q": 0.17,
            "eps_4q_growth_year": null,
            "roe": -0.6,
            "roe_4q": 2.1799999999999997,
            "gross_profit": 93960,
            "gross_margin": 9.99,
            "gross_margin_4q_avg": 11.91,
            "net_income": -10239,
            "revenue": 940192,
            "common_shares": 1891700,
            "book_valuer_per_share": 9.9,
            "book_valuer_per_share_4q_avg": 10.26,
            "equity": 1873112,
            "current_ratio": 84.44,
            "debt_ratio": 59.99,
            "inventory_turnover_ratio": 4.15,
            "account_receivable_turnover_ratio": null,
            "reinvestment_rate": null,
            "research_to_sale_ratio": null,
            "price_fair": 1.44,
            "eps_avg_yearly": 0.48,
            "eps_latest_yearly": 0.48,
            "eps_growth_yearly": -208
        },
        "20034": {
            "year_quarter": 20034,
            "year": 2003,
            "quarter": 4,
            "eps": -0.61,
            "eps_growth_year": -344,
            "eps_4q": -0.65,
            "eps_4q_growth_year": -1369.7,
            "roe": -5.47,
            "roe_4q": -5.77,
            "gross_profit": 81854,
            "gross_margin": 9.14,
            "gross_margin_4q_avg": 10.45,
            "net_income": -99173,
            "revenue": 895113,
            "common_shares": 1891700,
            "book_valuer_per_share": 9.25,
            "book_valuer_per_share_4q_avg": 9.99,
            "equity": 1750700,
            "current_ratio": 76.74,
            "debt_ratio": 60.99,
            "inventory_turnover_ratio": 3.35,
            "account_receivable_turnover_ratio": null,
            "reinvestment_rate": null,
            "research_to_sale_ratio": null,
            "price_fair": 1.44,
            "eps_avg_yearly": 0.48,
            "eps_latest_yearly": 0.48,
            "eps_growth_yearly": -208
        },
        "20041": {
            "year_quarter": 20041,
            "year": 2004,
            "quarter": 1,
            "eps": 0.01,
            "eps_growth_year": -91.67,
            "eps_4q": -1.19,
            "eps_4q_growth_year": -436.56,
            "roe": 0.06,
            "roe_4q": -6.84,
            "gross_profit": 77009,
            "gross_margin": 10.2,
            "gross_margin_4q_avg": 9.9,
            "net_income": 1015,
            "revenue": 755178,
            "common_shares": 1891700,
            "book_valuer_per_share": 9.26,
            "book_valuer_per_share_4q_avg": 9.69,
            "equity": 1751714,
            "current_ratio": 70.41,
            "debt_ratio": 58.04,
            "inventory_turnover_ratio": 2.62,
            "account_receivable_turnover_ratio": null,
            "reinvestment_rate": null,
            "research_to_sale_ratio": null,
            "price_fair": 1.44,
            "eps_avg_yearly": 0.48,
            "eps_latest_yearly": 0.48,
            "eps_growth_yearly": -208
        },
        "20042": {
            "year_quarter": 20042,
            "year": 2004,
            "quarter": 2,
            "eps": -0.47,
            "eps_growth_year": null,
            "eps_4q": -1.03,
            "eps_4q_growth_year": -500.8,
            "roe": -5.11,
            "roe_4q": -11.12,
            "gross_profit": 56868,
            "gross_margin": 8.29,
            "gross_margin_4q_avg": 9.41,
            "net_income": -87240,
            "revenue": 686075,
            "common_shares": 1891700,
            "book_valuer_per_share": 8.8,
            "book_valuer_per_share_4q_avg": 9.3,
            "equity": 1664475,
            "current_ratio": 63.19,
            "debt_ratio": 57.41,
            "inventory_turnover_ratio": 2.71,
            "account_receivable_turnover_ratio": null,
            "reinvestment_rate": null,
            "research_to_sale_ratio": null,
            "price_fair": 1.44,
            "eps_avg_yearly": 0.48,
            "eps_latest_yearly": 0.48,
            "eps_growth_yearly": -208
        },
        "20043": {
            "year_quarter": 20043,
            "year": 2004,
            "quarter": 3,
            "eps": 0.49,
            "eps_growth_year": null,
            "eps_4q": -0.51,
            "eps_4q_growth_year": -397.88,
            "roe": 5.33,
            "roe_4q": -5.19,
            "gross_profit": 123427,
            "gross_margin": 14.33,
            "gross_margin_4q_avg": 10.49,
            "net_income": 91227,
            "revenue": 861092,
            "common_shares": 1891700,
            "book_valuer_per_share": 9.28,
            "book_valuer_per_share_4q_avg": 9.15,
            "equity": 1755702,
            "current_ratio": 74.04,
            "debt_ratio": 57.56,
            "inventory_turnover_ratio": 3.55,
            "account_receivable_turnover_ratio": null,
            "reinvestment_rate": null,
            "research_to_sale_ratio": null,
            "price_fair": 1.44,
            "eps_avg_yearly": 0.48,
            "eps_latest_yearly": 0.48,
            "eps_growth_yearly": -208
        },
        "20044": {
            "year_quarter": 20044,
            "year": 2004,
            "quarter": 4,
            "eps": -2.14,
            "eps_growth_year": null,
            "eps_4q": -2.11,
            "eps_4q_growth_year": null,
            "roe": -25.62,
            "roe_4q": -25.34,
            "gross_profit": 61279,
            "gross_margin": 7.21,
            "gross_margin_4q_avg": 10.01,
            "net_income": -398700,
            "revenue": 850299,
            "common_shares": 1891700,
            "book_valuer_per_share": 7.17,
            "book_valuer_per_share_4q_avg": 8.63,
            "equity": 1357002,
            "current_ratio": 61.04,
            "debt_ratio": 65.19,
            "inventory_turnover_ratio": 3.74,
            "account_receivable_turnover_ratio": null,
            "reinvestment_rate": null,
            "research_to_sale_ratio": null,
            "price_fair": 1.44,
            "eps_avg_yearly": 0.48,
            "eps_latest_yearly": 0.48,
            "eps_growth_yearly": -208
        },
        "20051": {
            "year_quarter": 20051,
            "year": 2005,
            "quarter": 1,
            "eps": -0.22,
            "eps_growth_year": -2300,
            "eps_4q": -2.3,
            "eps_4q_growth_year": null,
            "roe": -3.12,
            "roe_4q": -28.520000000000003,
            "gross_profit": 62984,
            "gross_margin": 9.35,
            "gross_margin_4q_avg": 9.8,
            "net_income": -41668,
            "revenue": 673766,
            "common_shares": 1891700,
            "book_valuer_per_share": 6.95,
            "book_valuer_per_share_4q_avg": 8.05,
            "equity": 1315333,
            "current_ratio": 53.6,
            "debt_ratio": 63.75,
            "inventory_turnover_ratio": 2.77,
            "account_receivable_turnover_ratio": null,
            "reinvestment_rate": null,
            "research_to_sale_ratio": null,
            "price_fair": 1.44,
            "eps_avg_yearly": 0.48,
            "eps_latest_yearly": 0.48,
            "eps_growth_yearly": -208
        },
        "20052": {
            "year_quarter": 20052,
            "year": 2005,
            "quarter": 2,
            "eps": 0.02,
            "eps_growth_year": null,
            "eps_4q": -1.82,
            "eps_4q_growth_year": null,
            "roe": 0.26,
            "roe_4q": -23.15,
            "gross_profit": 92033,
            "gross_margin": 14.11,
            "gross_margin_4q_avg": 11.25,
            "net_income": 3792,
            "revenue": 652425,
            "common_shares": 1891700,
            "book_valuer_per_share": 8.56,
            "book_valuer_per_share_4q_avg": 7.99,
            "equity": 1619414,
            "current_ratio": 75.97,
            "debt_ratio": 56.65,
            "inventory_turnover_ratio": 2.54,
            "account_receivable_turnover_ratio": null,
            "reinvestment_rate": null,
            "research_to_sale_ratio": null,
            "price_fair": 1.44,
            "eps_avg_yearly": 0.48,
            "eps_latest_yearly": 0.48,
            "eps_growth_yearly": -208
        },
        "20053": {
            "year_quarter": 20053,
            "year": 2005,
            "quarter": 3,
            "eps": 0.2,
            "eps_growth_year": -59.18,
            "eps_4q": -1.56,
            "eps_4q_growth_year": null,
            "roe": 2.96,
            "roe_4q": -25.520000000000003,
            "gross_profit": 136688,
            "gross_margin": 18.66,
            "gross_margin_4q_avg": 12.33,
            "net_income": 49620,
            "revenue": 732704,
            "common_shares": 3691700,
            "book_valuer_per_share": 4.7,
            "book_valuer_per_share_4q_avg": 6.85,
            "equity": 1735944,
            "current_ratio": 80.35,
            "debt_ratio": 55.74,
            "inventory_turnover_ratio": 2.38,
            "account_receivable_turnover_ratio": null,
            "reinvestment_rate": null,
            "research_to_sale_ratio": null,
            "price_fair": 22.4,
            "eps_avg_yearly": 0.64,
            "eps_latest_yearly": 0.8,
            "eps_growth_yearly": 1696
        },
        "20054": {
            "year_quarter": 20054,
            "year": 2005,
            "quarter": 4,
            "eps": -1.78,
            "eps_growth_year": null,
            "eps_4q": -1.72,
            "eps_4q_growth_year": null,
            "roe": -26.13,
            "roe_4q": -26.029999999999998,
            "gross_profit": 54392,
            "gross_margin": 6.81,
            "gross_margin_4q_avg": 12.23,
            "net_income": -401181,
            "revenue": 798857,
            "common_shares": 3182724,
            "book_valuer_per_share": 4.19,
            "book_valuer_per_share_4q_avg": 6.1,
            "equity": 1334765,
            "current_ratio": 66.85,
            "debt_ratio": 65.76,
            "inventory_turnover_ratio": 2.61,
            "account_receivable_turnover_ratio": null,
            "reinvestment_rate": null,
            "research_to_sale_ratio": null,
            "price_fair": 22.4,
            "eps_avg_yearly": 0.64,
            "eps_latest_yearly": 0.8,
            "eps_growth_yearly": 1696
        },
        "20061": {
            "year_quarter": 20061,
            "year": 2006,
            "quarter": 1,
            "eps": 0.04,
            "eps_growth_year": null,
            "eps_4q": -1.21,
            "eps_4q_growth_year": null,
            "roe": 0.8,
            "roe_4q": -22.109999999999996,
            "gross_profit": 133295,
            "gross_margin": 16.13,
            "gross_margin_4q_avg": 13.93,
            "net_income": 11108,
            "revenue": 826589,
            "common_shares": 3382724,
            "book_valuer_per_share": 4.22,
            "book_valuer_per_share_4q_avg": 5.42,
            "equity": 1428272,
            "current_ratio": 66.89,
            "debt_ratio": 62.34,
            "inventory_turnover_ratio": 2.65,
            "account_receivable_turnover_ratio": null,
            "reinvestment_rate": null,
            "research_to_sale_ratio": null,
            "price_fair": 22.4,
            "eps_avg_yearly": 0.64,
            "eps_latest_yearly": 0.8,
            "eps_growth_yearly": 1696
        },
        "20062": {
            "year_quarter": 20062,
            "year": 2006,
            "quarter": 2,
            "eps": -1.91,
            "eps_growth_year": -9650,
            "eps_4q": -2.85,
            "eps_4q_growth_year": null,
            "roe": -55.86,
            "roe_4q": -78.23,
            "gross_profit": 14968,
            "gross_margin": 2.73,
            "gross_margin_4q_avg": 11.08,
            "net_income": -623674,
            "revenue": 548988,
            "common_shares": 3382724,
            "book_valuer_per_share": 2.38,
            "book_valuer_per_share_4q_avg": 3.87,
            "equity": 804599,
            "current_ratio": 50.26,
            "debt_ratio": 72.75,
            "inventory_turnover_ratio": 2.91,
            "account_receivable_turnover_ratio": null,
            "reinvestment_rate": null,
            "research_to_sale_ratio": null,
            "price_fair": 22.4,
            "eps_avg_yearly": 0.64,
            "eps_latest_yearly": 0.8,
            "eps_growth_yearly": 1696
        },
        "20063": {
            "year_quarter": 20063,
            "year": 2006,
            "quarter": 3,
            "eps": -0.2,
            "eps_growth_year": -200,
            "eps_4q": -3.19,
            "eps_4q_growth_year": null,
            "roe": -8.56,
            "roe_4q": -89.75,
            "gross_profit": 51602,
            "gross_margin": 14.12,
            "gross_margin_4q_avg": 9.95,
            "net_income": -66055,
            "revenue": 365367,
            "common_shares": 3382724,
            "book_valuer_per_share": 2.18,
            "book_valuer_per_share_4q_avg": 3.24,
            "equity": 738543,
            "current_ratio": 51.53,
            "debt_ratio": 72.41,
            "inventory_turnover_ratio": 2.83,
            "account_receivable_turnover_ratio": null,
            "reinvestment_rate": null,
            "research_to_sale_ratio": null,
            "price_fair": 22.4,
            "eps_avg_yearly": 0.64,
            "eps_latest_yearly": 0.8,
            "eps_growth_yearly": 1696
        },
        "20064": {
            "year_quarter": 20064,
            "year": 2006,
            "quarter": 4,
            "eps": 0.68,
            "eps_growth_year": null,
            "eps_4q": -1.33,
            "eps_4q_growth_year": null,
            "roe": 21.96,
            "roe_4q": -41.660000000000004,
            "gross_profit": 22554,
            "gross_margin": 8.45,
            "gross_margin_4q_avg": 10.36,
            "net_income": 229367,
            "revenue": 267044,
            "common_shares": 9956860,
            "book_valuer_per_share": 1.36,
            "book_valuer_per_share_4q_avg": 2.54,
            "equity": 1350711,
            "current_ratio": 87.63,
            "debt_ratio": 45.97,
            "inventory_turnover_ratio": 2.22,
            "account_receivable_turnover_ratio": null,
            "reinvestment_rate": null,
            "research_to_sale_ratio": null,
            "price_fair": 22.4,
            "eps_avg_yearly": 0.64,
            "eps_latest_yearly": 0.8,
            "eps_growth_yearly": 1696
        },
        "20071": {
            "year_quarter": 20071,
            "year": 2007,
            "quarter": 1,
            "eps": 0.05,
            "eps_growth_year": 25,
            "eps_4q": -0.43,
            "eps_4q_growth_year": null,
            "roe": 3.49,
            "roe_4q": -38.97,
            "gross_profit": 71353,
            "gross_margin": 20.18,
            "gross_margin_4q_avg": 11.37,
            "net_income": 47940,
            "revenue": 353529,
            "common_shares": 9956860,
            "book_valuer_per_share": 1.4,
            "book_valuer_per_share_4q_avg": 1.83,
            "equity": 1398651,
            "current_ratio": 87.26,
            "debt_ratio": 46.67,
            "inventory_turnover_ratio": 2.18,
            "account_receivable_turnover_ratio": null,
            "reinvestment_rate": null,
            "research_to_sale_ratio": null,
            "price_fair": 17.5,
            "eps_avg_yearly": 0.5,
            "eps_latest_yearly": 0.2,
            "eps_growth_yearly": 1614.71
        },
        "20072": {
            "year_quarter": 20072,
            "year": 2007,
            "quarter": 2,
            "eps": 0.06,
            "eps_growth_year": null,
            "eps_4q": 0.26,
            "eps_4q_growth_year": null,
            "roe": 4.35,
            "roe_4q": 21.240000000000002,
            "gross_profit": 139767,
            "gross_margin": 26.71,
            "gross_margin_4q_avg": 17.37,
            "net_income": 62152,
            "revenue": 523324,
            "common_shares": 9956860,
            "book_valuer_per_share": 1.47,
            "book_valuer_per_share_4q_avg": 1.6,
            "equity": 1460803,
            "current_ratio": 86.44,
            "debt_ratio": 49.09,
            "inventory_turnover_ratio": 2.73,
            "account_receivable_turnover_ratio": null,
            "reinvestment_rate": null,
            "research_to_sale_ratio": null,
            "price_fair": 14.47,
            "eps_avg_yearly": 0.41,
            "eps_latest_yearly": 0.24,
            "eps_growth_yearly": 1103.14
        },
        "20073": {
            "year_quarter": 20073,
            "year": 2007,
            "quarter": 3,
            "eps": 0.29,
            "eps_growth_year": null,
            "eps_4q": 1.81,
            "eps_4q_growth_year": null,
            "roe": 4.33,
            "roe_4q": 34.13,
            "gross_profit": 137187,
            "gross_margin": 20.98,
            "gross_margin_4q_avg": 19.08,
            "net_income": 64633,
            "revenue": 653802,
            "common_shares": 2250000,
            "book_valuer_per_share": 6.78,
            "book_valuer_per_share_4q_avg": 2.75,
            "equity": 1525436,
            "current_ratio": 91.11,
            "debt_ratio": 53.03,
            "inventory_turnover_ratio": 2.18,
            "account_receivable_turnover_ratio": null,
            "reinvestment_rate": null,
            "research_to_sale_ratio": null,
            "price_fair": 21,
            "eps_avg_yearly": 0.6,
            "eps_latest_yearly": 1.16,
            "eps_growth_yearly": 1210.69
        },
        "20074": {
            "year_quarter": 20074,
            "year": 2007,
            "quarter": 4,
            "eps": -0.28,
            "eps_growth_year": -141.18,
            "eps_4q": 0.5,
            "eps_4q_growth_year": null,
            "roe": -4.28,
            "roe_4q": 7.89,
            "gross_profit": 32408,
            "gross_margin": 5.15,
            "gross_margin_4q_avg": 18.26,
            "net_income": -63891,
            "revenue": 629055,
            "common_shares": 2250000,
            "book_valuer_per_share": 6.5,
            "book_valuer_per_share_4q_avg": 4.04,
            "equity": 1461545,
            "current_ratio": 76.22,
            "debt_ratio": 53.8,
            "inventory_turnover_ratio": 2.23,
            "account_receivable_turnover_ratio": null,
            "reinvestment_rate": null,
            "research_to_sale_ratio": null,
            "price_fair": 21,
            "eps_avg_yearly": 0.6,
            "eps_latest_yearly": 1.16,
            "eps_growth_yearly": 1210.69
        },
        "20081": {
            "year_quarter": 20081,
            "year": 2008,
            "quarter": 1,
            "eps": -0.17,
            "eps_growth_year": -440,
            "eps_4q": 0.11,
            "eps_4q_growth_year": null,
            "roe": -2.68,
            "roe_4q": 1.7199999999999989,
            "gross_profit": 56357,
            "gross_margin": 13.18,
            "gross_margin_4q_avg": 16.51,
            "net_income": -38602,
            "revenue": 427440,
            "common_shares": 2250000,
            "book_valuer_per_share": 6.32,
            "book_valuer_per_share_4q_avg": 5.27,
            "equity": 1422943,
            "current_ratio": 71.72,
            "debt_ratio": 50.84,
            "inventory_turnover_ratio": 1.82,
            "account_receivable_turnover_ratio": null,
            "reinvestment_rate": null,
            "research_to_sale_ratio": null,
            "price_fair": 21,
            "eps_avg_yearly": 0.6,
            "eps_latest_yearly": 1.16,
            "eps_growth_yearly": 1210.69
        },
        "20082": {
            "year_quarter": 20082,
            "year": 2008,
            "quarter": 2,
            "eps": -0.09,
            "eps_growth_year": -250,
            "eps_4q": -0.26,
            "eps_4q_growth_year": -197.11,
            "roe": -1.4,
            "roe_4q": -4.029999999999999,
            "gross_profit": 63477,
            "gross_margin": 13.08,
            "gross_margin_4q_avg": 13.1,
            "net_income": -19808,
            "revenue": 485233,
            "common_shares": 2250000,
            "book_valuer_per_share": 6.24,
            "book_valuer_per_share_4q_avg": 6.46,
            "equity": 1403135,
            "current_ratio": 61.96,
            "debt_ratio": 52.19,
            "inventory_turnover_ratio": 2.45,
            "account_receivable_turnover_ratio": null,
            "reinvestment_rate": null,
            "research_to_sale_ratio": null,
            "price_fair": 21,
            "eps_avg_yearly": 0.6,
            "eps_latest_yearly": 1.16,
            "eps_growth_yearly": 1210.69
        },
        "20083": {
            "year_quarter": 20083,
            "year": 2008,
            "quarter": 3,
            "eps": 0.17,
            "eps_growth_year": -41.38,
            "eps_4q": -0.36,
            "eps_4q_growth_year": -120.07,
            "roe": 2.74,
            "roe_4q": -5.62,
            "gross_profit": 92012,
            "gross_margin": 17.08,
            "gross_margin_4q_avg": 12.12,
            "net_income": 38945,
            "revenue": 538851,
            "common_shares": 2250000,
            "book_valuer_per_share": 6.41,
            "book_valuer_per_share_4q_avg": 6.37,
            "equity": 1442080,
            "current_ratio": 63.16,
            "debt_ratio": 49.66,
            "inventory_turnover_ratio": 3.68,
            "account_receivable_turnover_ratio": null,
            "reinvestment_rate": null,
            "research_to_sale_ratio": null,
            "price_fair": 21,
            "eps_avg_yearly": 0.6,
            "eps_latest_yearly": 1.16,
            "eps_growth_yearly": 1210.69
        },
        "20084": {
            "year_quarter": 20084,
            "year": 2008,
            "quarter": 4,
            "eps": 0.27,
            "eps_growth_year": null,
            "eps_4q": 0.18,
            "eps_4q_growth_year": -63.63,
            "roe": 4.05,
            "roe_4q": 2.7100000000000004,
            "gross_profit": 56613,
            "gross_margin": 17.58,
            "gross_margin_4q_avg": 15.23,
            "net_income": 59625,
            "revenue": 322058,
            "common_shares": 2250000,
            "book_valuer_per_share": 6.67,
            "book_valuer_per_share_4q_avg": 6.41,
            "equity": 1501705,
            "current_ratio": 54.92,
            "debt_ratio": 44.09,
            "inventory_turnover_ratio": 2.6,
            "account_receivable_turnover_ratio": 1.77,
            "reinvestment_rate": null,
            "research_to_sale_ratio": null,
            "price_fair": 24.36,
            "eps_avg_yearly": 0.7,
            "eps_latest_yearly": 1.08,
            "eps_growth_yearly": 1015.61
        },
        "20091": {
            "year_quarter": 20091,
            "year": 2009,
            "quarter": 1,
            "eps": -0.12,
            "eps_growth_year": null,
            "eps_4q": 0.23,
            "eps_4q_growth_year": 114.69,
            "roe": -1.82,
            "roe_4q": 3.57,
            "gross_profit": -24785,
            "gross_margin": -12.07,
            "gross_margin_4q_avg": 8.92,
            "net_income": -27084,
            "revenue": 205297,
            "common_shares": 2250000,
            "book_valuer_per_share": 6.55,
            "book_valuer_per_share_4q_avg": 6.47,
            "equity": 1474621,
            "current_ratio": 83.53,
            "debt_ratio": 41.46,
            "inventory_turnover_ratio": 2.25,
            "account_receivable_turnover_ratio": 0.72,
            "reinvestment_rate": null,
            "research_to_sale_ratio": null,
            "price_fair": 24.36,
            "eps_avg_yearly": 0.7,
            "eps_latest_yearly": 1.08,
            "eps_growth_yearly": 1015.61
        },
        "20092": {
            "year_quarter": 20092,
            "year": 2009,
            "quarter": 2,
            "eps": -0.31,
            "eps_growth_year": null,
            "eps_4q": 0,
            "eps_4q_growth_year": null,
            "roe": -4.91,
            "roe_4q": 0.05999999999999961,
            "gross_profit": -57428,
            "gross_margin": -27.49,
            "gross_margin_4q_avg": -1.23,
            "net_income": -70643,
            "revenue": 208942,
            "common_shares": 2250000,
            "book_valuer_per_share": 6.24,
            "book_valuer_per_share_4q_avg": 6.47,
            "equity": 1403978,
            "current_ratio": 75.41,
            "debt_ratio": 43.15,
            "inventory_turnover_ratio": 3.27,
            "account_receivable_turnover_ratio": 1.03,
            "reinvestment_rate": null,
            "research_to_sale_ratio": null,
            "price_fair": 24.36,
            "eps_avg_yearly": 0.7,
            "eps_latest_yearly": 1.08,
            "eps_growth_yearly": 1015.61
        },
        "20093": {
            "year_quarter": 20093,
            "year": 2009,
            "quarter": 3,
            "eps": 0.06,
            "eps_growth_year": -64.71,
            "eps_4q": -0.19,
            "eps_4q_growth_year": null,
            "roe": 0.65,
            "roe_4q": -2.0300000000000002,
            "gross_profit": 62852,
            "gross_margin": 19.8,
            "gross_margin_4q_avg": -0.55,
            "net_income": 9159,
            "revenue": 317512,
            "common_shares": 1501705,
            "book_valuer_per_share": 9.41,
            "book_valuer_per_share_4q_avg": 7.22,
            "equity": 1413137,
            "current_ratio": 70.3,
            "debt_ratio": 45.02,
            "inventory_turnover_ratio": 3.22,
            "account_receivable_turnover_ratio": 1.19,
            "reinvestment_rate": null,
            "research_to_sale_ratio": null,
            "price_fair": 23.45,
            "eps_avg_yearly": 0.67,
            "eps_latest_yearly": 1.08,
            "eps_growth_yearly": 369.51
        },
        "20094": {
            "year_quarter": 20094,
            "year": 2009,
            "quarter": 4,
            "eps": -0.09,
            "eps_growth_year": -133.33,
            "eps_4q": -0.68,
            "eps_4q_growth_year": -471.61,
            "roe": -0.92,
            "roe_4q": -7,
            "gross_profit": 5896,
            "gross_margin": 2.62,
            "gross_margin_4q_avg": -4.29,
            "net_income": -12917,
            "revenue": 224847,
            "common_shares": 1501705,
            "book_valuer_per_share": 9.32,
            "book_valuer_per_share_4q_avg": 7.88,
            "equity": 1400220,
            "current_ratio": 102.08,
            "debt_ratio": 41.84,
            "inventory_turnover_ratio": 2.47,
            "account_receivable_turnover_ratio": 1.92,
            "reinvestment_rate": null,
            "research_to_sale_ratio": null,
            "price_fair": 23.45,
            "eps_avg_yearly": 0.67,
            "eps_latest_yearly": 1.08,
            "eps_growth_yearly": 369.51
        },
        "20101": {
            "year_quarter": 20101,
            "year": 2010,
            "quarter": 1,
            "eps": -0.32,
            "eps_growth_year": null,
            "eps_4q": -0.82,
            "eps_4q_growth_year": -455.92,
            "roe": -3.51,
            "roe_4q": -8.69,
            "gross_profit": -5353,
            "gross_margin": -2.66,
            "gross_margin_4q_avg": -1.93,
            "net_income": -48359,
            "revenue": 201474,
            "common_shares": 1501705,
            "book_valuer_per_share": 0,
            "book_valuer_per_share_4q_avg": 6.24,
            "equity": 1351862,
            "current_ratio": 91.94,
            "debt_ratio": 41.98,
            "inventory_turnover_ratio": 2.21,
            "account_receivable_turnover_ratio": 1.02,
            "reinvestment_rate": null,
            "research_to_sale_ratio": 4.69,
            "price_fair": 23.45,
            "eps_avg_yearly": 0.67,
            "eps_latest_yearly": 1.08,
            "eps_growth_yearly": 369.51
        },
        "20102": {
            "year_quarter": 20102,
            "year": 2010,
            "quarter": 2,
            "eps": -0.67,
            "eps_growth_year": null,
            "eps_4q": -1.02,
            "eps_4q_growth_year": -27227.44,
            "roe": -7.72,
            "roe_4q": -11.5,
            "gross_profit": -39195,
            "gross_margin": -15.05,
            "gross_margin_4q_avg": 1.18,
            "net_income": -100526,
            "revenue": 260455,
            "common_shares": 1501705,
            "book_valuer_per_share": 8.33,
            "book_valuer_per_share_4q_avg": 6.77,
            "equity": 1251335,
            "current_ratio": 116.51,
            "debt_ratio": 46.01,
            "inventory_turnover_ratio": 2.77,
            "account_receivable_turnover_ratio": 1.62,
            "reinvestment_rate": -387.66,
            "research_to_sale_ratio": 4.56,
            "price_fair": 23.45,
            "eps_avg_yearly": 0.67,
            "eps_latest_yearly": 1.08,
            "eps_growth_yearly": 369.51
        },
        "20103": {
            "year_quarter": 20103,
            "year": 2010,
            "quarter": 3,
            "eps": -0.46,
            "eps_growth_year": -861.91,
            "eps_4q": -1.53,
            "eps_4q_growth_year": null,
            "roe": -5.64,
            "roe_4q": -17.79,
            "gross_profit": -10103,
            "gross_margin": -3.42,
            "gross_margin_4q_avg": -4.63,
            "net_income": -68650,
            "revenue": 295594,
            "common_shares": 1501705,
            "book_valuer_per_share": 7.87,
            "book_valuer_per_share_4q_avg": 6.38,
            "equity": 1182148,
            "current_ratio": 57.36,
            "debt_ratio": 59.35,
            "inventory_turnover_ratio": 2.67,
            "account_receivable_turnover_ratio": 1.77,
            "reinvestment_rate": 1075.09,
            "research_to_sale_ratio": 4.18,
            "price_fair": 23.45,
            "eps_avg_yearly": 0.67,
            "eps_latest_yearly": 1.08,
            "eps_growth_yearly": 369.51
        },
        "20104": {
            "year_quarter": 20104,
            "year": 2010,
            "quarter": 4,
            "eps": -0.2,
            "eps_growth_year": null,
            "eps_4q": -1.65,
            "eps_4q_growth_year": null,
            "roe": -2.58,
            "roe_4q": -19.449999999999996,
            "gross_profit": -2937,
            "gross_margin": -1.06,
            "gross_margin_4q_avg": -5.55,
            "net_income": -29950,
            "revenue": 277099,
            "common_shares": 1501705,
            "book_valuer_per_share": 7.56,
            "book_valuer_per_share_4q_avg": 5.94,
            "equity": 1135432,
            "current_ratio": 35.87,
            "debt_ratio": 55.64,
            "inventory_turnover_ratio": 3,
            "account_receivable_turnover_ratio": 1.82,
            "reinvestment_rate": null,
            "research_to_sale_ratio": 3.59,
            "price_fair": 23.45,
            "eps_avg_yearly": 0.67,
            "eps_latest_yearly": 1.08,
            "eps_growth_yearly": 369.51
        },
        "20111": {
            "year_quarter": 20111,
            "year": 2011,
            "quarter": 1,
            "eps": -0.69,
            "eps_growth_year": null,
            "eps_4q": -2.01,
            "eps_4q_growth_year": null,
            "roe": -9.48,
            "roe_4q": -25.419999999999998,
            "gross_profit": -57306,
            "gross_margin": -27.25,
            "gross_margin_4q_avg": -11.7,
            "net_income": -102916,
            "revenue": 210297,
            "common_shares": 1501705,
            "book_valuer_per_share": 6.9,
            "book_valuer_per_share_4q_avg": 7.67,
            "equity": 1036708,
            "current_ratio": 33.79,
            "debt_ratio": 60.5,
            "inventory_turnover_ratio": 2.72,
            "account_receivable_turnover_ratio": 1.7,
            "reinvestment_rate": null,
            "research_to_sale_ratio": 5.25,
            "price_fair": 28.93,
            "eps_avg_yearly": 0.83,
            "eps_latest_yearly": 1.08,
            "eps_growth_yearly": 616.21
        },
        "20112": {
            "year_quarter": 20112,
            "year": 2011,
            "quarter": 2,
            "eps": -1.36,
            "eps_growth_year": null,
            "eps_4q": -2.7,
            "eps_4q_growth_year": null,
            "roe": -21.81,
            "roe_4q": -39.51,
            "gross_profit": -138955,
            "gross_margin": -54.33,
            "gross_margin_4q_avg": -21.52,
            "net_income": -203619,
            "revenue": 255752,
            "common_shares": 1501705,
            "book_valuer_per_share": 5.53,
            "book_valuer_per_share_4q_avg": 6.97,
            "equity": 830376,
            "current_ratio": 32.99,
            "debt_ratio": 68.8,
            "inventory_turnover_ratio": 3.14,
            "account_receivable_turnover_ratio": 1.97,
            "reinvestment_rate": null,
            "research_to_sale_ratio": 4.14,
            "price_fair": 39.2,
            "eps_avg_yearly": 1.12,
            "eps_latest_yearly": 1.08,
            "eps_growth_yearly": 884.31
        },
        "20113": {
            "year_quarter": 20113,
            "year": 2011,
            "quarter": 3,
            "eps": -1.33,
            "eps_growth_year": null,
            "eps_4q": -4.25,
            "eps_4q_growth_year": null,
            "roe": -20.2,
            "roe_4q": -54.06999999999999,
            "gross_profit": -105683,
            "gross_margin": -36.59,
            "gross_margin_4q_avg": -29.81,
            "net_income": -153352,
            "revenue": 288817,
            "common_shares": 1152735,
            "book_valuer_per_share": 5.97,
            "book_valuer_per_share_4q_avg": 6.49,
            "equity": 688179,
            "current_ratio": 33.61,
            "debt_ratio": 75.35,
            "inventory_turnover_ratio": 3.59,
            "account_receivable_turnover_ratio": 1.54,
            "reinvestment_rate": null,
            "research_to_sale_ratio": 3.14,
            "price_fair": 37.8,
            "eps_avg_yearly": 1.08,
            "eps_latest_yearly": 1.08,
            "eps_growth_yearly": 235.29
        },
        "20114": {
            "year_quarter": 20114,
            "year": 2011,
            "quarter": 4,
            "eps": -0.74,
            "eps_growth_year": null,
            "eps_4q": -3.29,
            "eps_4q_growth_year": null,
            "roe": -19.19,
            "roe_4q": -70.68,
            "gross_profit": -77938,
            "gross_margin": -56.38,
            "gross_margin_4q_avg": -43.64,
            "net_income": -133222,
            "revenue": 138243,
            "common_shares": 1802735,
            "book_valuer_per_share": 3.89,
            "book_valuer_per_share_4q_avg": 5.57,
            "equity": 700549,
            "current_ratio": 32.41,
            "debt_ratio": 74.1,
            "inventory_turnover_ratio": 2.77,
            "account_receivable_turnover_ratio": 0.64,
            "reinvestment_rate": null,
            "research_to_sale_ratio": 4.51,
            "price_fair": 37.8,
            "eps_avg_yearly": 1.08,
            "eps_latest_yearly": 1.08,
            "eps_growth_yearly": 235.29
        },
        "20121": {
            "year_quarter": 20121,
            "year": 2012,
            "quarter": 1,
            "eps": -0.68,
            "eps_growth_year": null,
            "eps_4q": -3.39,
            "eps_4q_growth_year": null,
            "roe": -19.09,
            "roe_4q": -80.29,
            "gross_profit": -75251,
            "gross_margin": -67.06,
            "gross_margin_4q_avg": -53.59,
            "net_income": -121812,
            "revenue": 112220,
            "common_shares": 1802735,
            "book_valuer_per_share": 3.19,
            "book_valuer_per_share_4q_avg": 4.65,
            "equity": 575608,
            "current_ratio": 24.77,
            "debt_ratio": 77.12,
            "inventory_turnover_ratio": 3.45,
            "account_receivable_turnover_ratio": 0.63,
            "reinvestment_rate": null,
            "research_to_sale_ratio": 5.92,
            "price_fair": 37.8,
            "eps_avg_yearly": 1.08,
            "eps_latest_yearly": 1.08,
            "eps_growth_yearly": 235.29
        },
        "20122": {
            "year_quarter": 20122,
            "year": 2012,
            "quarter": 2,
            "eps": -0.9,
            "eps_growth_year": null,
            "eps_4q": -3.16,
            "eps_4q_growth_year": null,
            "roe": -32.76,
            "roe_4q": -91.24,
            "gross_profit": -62340,
            "gross_margin": -60.64,
            "gross_margin_4q_avg": -55.17,
            "net_income": -161784,
            "revenue": 102799,
            "common_shares": 1802735,
            "book_valuer_per_share": 2.29,
            "book_valuer_per_share_4q_avg": 3.84,
            "equity": 412160,
            "current_ratio": 81.35,
            "debt_ratio": 83.23,
            "inventory_turnover_ratio": 3.74,
            "account_receivable_turnover_ratio": 0.69,
            "reinvestment_rate": null,
            "research_to_sale_ratio": 2.32,
            "price_fair": 37.8,
            "eps_avg_yearly": 1.08,
            "eps_latest_yearly": 1.08,
            "eps_growth_yearly": 235.29
        },
        "20123": {
            "year_quarter": 20123,
            "year": 2012,
            "quarter": 3,
            "eps": -0.93,
            "eps_growth_year": null,
            "eps_4q": -5.56,
            "eps_4q_growth_year": null,
            "roe": -22.6,
            "roe_4q": -93.64,
            "gross_profit": -23717,
            "gross_margin": -22.08,
            "gross_margin_4q_avg": -51.54,
            "net_income": -83630,
            "revenue": 107390,
            "common_shares": 900000,
            "book_valuer_per_share": 3.65,
            "book_valuer_per_share_4q_avg": 3.26,
            "equity": 328055,
            "current_ratio": 82.21,
            "debt_ratio": 86.37,
            "inventory_turnover_ratio": 3.46,
            "account_receivable_turnover_ratio": 0.69,
            "reinvestment_rate": null,
            "research_to_sale_ratio": 3.61,
            "price_fair": 37.8,
            "eps_avg_yearly": 1.08,
            "eps_latest_yearly": 1.08,
            "eps_growth_yearly": 235.29
        },
        "20124": {
            "year_quarter": 20124,
            "year": 2012,
            "quarter": 4,
            "eps": -1.56,
            "eps_growth_year": null,
            "eps_4q": -5.64,
            "eps_4q_growth_year": null,
            "roe": -53.88,
            "roe_4q": -128.33,
            "gross_profit": -23319,
            "gross_margin": -38.54,
            "gross_margin_4q_avg": -47.08,
            "net_income": -140112,
            "revenue": 60513,
            "common_shares": 900000,
            "book_valuer_per_share": 2.13,
            "book_valuer_per_share_4q_avg": 2.82,
            "equity": 192007,
            "current_ratio": 79.74,
            "debt_ratio": 91.38,
            "inventory_turnover_ratio": 2.36,
            "account_receivable_turnover_ratio": 0.44,
            "reinvestment_rate": null,
            "research_to_sale_ratio": 6.54,
            "price_fair": 0,
            "eps_avg_yearly": 0,
            "eps_latest_yearly": 0,
            "eps_growth_yearly": 0
        },
        "20131": {
            "year_quarter": 20131,
            "year": 2013,
            "quarter": 1,
            "eps": 3.1,
            "eps_growth_year": null,
            "eps_4q": -1.19,
            "eps_4q_growth_year": null,
            "roe": 84.41,
            "roe_4q": -24.830000000000005,
            "gross_profit": -31107,
            "gross_margin": -58.65,
            "gross_margin_4q_avg": -44.98,
            "net_income": 278584,
            "revenue": 53037,
            "common_shares": 900000,
            "book_valuer_per_share": 5.2,
            "book_valuer_per_share_4q_avg": 3.32,
            "equity": 468083,
            "current_ratio": 37.06,
            "debt_ratio": 65.04,
            "inventory_turnover_ratio": 2.14,
            "account_receivable_turnover_ratio": 0.61,
            "reinvestment_rate": null,
            "research_to_sale_ratio": 8.49,
            "price_fair": 0,
            "eps_avg_yearly": 0,
            "eps_latest_yearly": 0,
            "eps_growth_yearly": 0
        },
        "20132": {
            "year_quarter": 20132,
            "year": 2013,
            "quarter": 2,
            "eps": -2.07,
            "eps_growth_year": null,
            "eps_4q": -1.46,
            "eps_4q_growth_year": null,
            "roe": -48.54,
            "roe_4q": -40.61000000000001,
            "gross_profit": 23581,
            "gross_margin": 10.07,
            "gross_margin_4q_avg": -27.3,
            "net_income": -185361,
            "revenue": 234170,
            "common_shares": 900000,
            "book_valuer_per_share": 3.19,
            "book_valuer_per_share_4q_avg": 3.54,
            "equity": 295645,
            "current_ratio": 83.18,
            "debt_ratio": 68.54,
            "inventory_turnover_ratio": 3.35,
            "account_receivable_turnover_ratio": 1.03,
            "reinvestment_rate": null,
            "research_to_sale_ratio": 3.28,
            "price_fair": 0,
            "eps_avg_yearly": 0,
            "eps_latest_yearly": 0,
            "eps_growth_yearly": 0
        },
        "20133": {
            "year_quarter": 20133,
            "year": 2013,
            "quarter": 3,
            "eps": -0.4,
            "eps_growth_year": null,
            "eps_4q": -2.06,
            "eps_4q_growth_year": null,
            "roe": -3.93,
            "roe_4q": -21.940000000000005,
            "gross_profit": 28317,
            "gross_margin": 14.03,
            "gross_margin_4q_avg": -18.27,
            "net_income": -11378,
            "revenue": 201873,
            "common_shares": 288000,
            "book_valuer_per_share": 9.66,
            "book_valuer_per_share_4q_avg": 5.05,
            "equity": 283264,
            "current_ratio": 78.71,
            "debt_ratio": 67.12,
            "inventory_turnover_ratio": 2.26,
            "account_receivable_turnover_ratio": 0.55,
            "reinvestment_rate": null,
            "research_to_sale_ratio": 2.79,
            "price_fair": 0,
            "eps_avg_yearly": 0,
            "eps_latest_yearly": 0,
            "eps_growth_yearly": 0
        },
        "20134": {
            "year_quarter": 20134,
            "year": 2013,
            "quarter": 4,
            "eps": -0.96,
            "eps_growth_year": null,
            "eps_4q": 1.85,
            "eps_4q_growth_year": null,
            "roe": -10.26,
            "roe_4q": 21.68,
            "gross_profit": 14425,
            "gross_margin": 8.31,
            "gross_margin_4q_avg": -6.56,
            "net_income": -27632,
            "revenue": 173593,
            "common_shares": 288000,
            "book_valuer_per_share": 8.71,
            "book_valuer_per_share_4q_avg": 6.69,
            "equity": 255632,
            "current_ratio": 76.07,
            "debt_ratio": 66.88,
            "inventory_turnover_ratio": 2.4,
            "account_receivable_turnover_ratio": 0.55,
            "reinvestment_rate": null,
            "research_to_sale_ratio": 4.33,
            "price_fair": 0,
            "eps_avg_yearly": 0,
            "eps_latest_yearly": 0,
            "eps_growth_yearly": 0
        },
        "20141": {
            "year_quarter": 20141,
            "year": 2014,
            "quarter": 1,
            "eps": 0.1,
            "eps_growth_year": -96.77,
            "eps_4q": -7.72,
            "eps_4q_growth_year": null,
            "roe": 1.1,
            "roe_4q": -61.629999999999995,
            "gross_profit": 12188,
            "gross_margin": 7.29,
            "gross_margin_4q_avg": 9.93,
            "net_income": 2837,
            "revenue": 167143,
            "common_shares": 288000,
            "book_valuer_per_share": 8.8,
            "book_valuer_per_share_4q_avg": 7.59,
            "equity": 258469,
            "current_ratio": 92.33,
            "debt_ratio": 62.21,
            "inventory_turnover_ratio": 2.49,
            "account_receivable_turnover_ratio": 0.61,
            "reinvestment_rate": null,
            "research_to_sale_ratio": 3.22,
            "price_fair": 0,
            "eps_avg_yearly": 0,
            "eps_latest_yearly": 0,
            "eps_growth_yearly": 0
        },
        "20142": {
            "year_quarter": 20142,
            "year": 2014,
            "quarter": 2,
            "eps": -0.44,
            "eps_growth_year": null,
            "eps_4q": -1.7,
            "eps_4q_growth_year": null,
            "roe": -5.04,
            "roe_4q": -18.13,
            "gross_profit": 19382,
            "gross_margin": 8.84,
            "gross_margin_4q_avg": 9.62,
            "net_income": -12676,
            "revenue": 219223,
            "common_shares": 288000,
            "book_valuer_per_share": 8.41,
            "book_valuer_per_share_4q_avg": 8.9,
            "equity": 244343,
            "current_ratio": 92.21,
            "debt_ratio": 67.49,
            "inventory_turnover_ratio": 2.4,
            "account_receivable_turnover_ratio": 0.78,
            "reinvestment_rate": null,
            "research_to_sale_ratio": 2.76,
            "price_fair": 0,
            "eps_avg_yearly": 0,
            "eps_latest_yearly": 0,
            "eps_growth_yearly": 0
        },
        "20143": {
            "year_quarter": 20143,
            "year": 2014,
            "quarter": 3,
            "eps": 0.31,
            "eps_growth_year": null,
            "eps_4q": -0.99,
            "eps_4q_growth_year": null,
            "roe": 3.64,
            "roe_4q": -10.559999999999999,
            "gross_profit": 28412,
            "gross_margin": 8.53,
            "gross_margin_4q_avg": 8.24,
            "net_income": 9063,
            "revenue": 332940,
            "common_shares": 288000,
            "book_valuer_per_share": 8.72,
            "book_valuer_per_share_4q_avg": 8.66,
            "equity": 253406,
            "current_ratio": 95.2,
            "debt_ratio": 71.48,
            "inventory_turnover_ratio": 3.07,
            "account_receivable_turnover_ratio": 0.91,
            "reinvestment_rate": null,
            "research_to_sale_ratio": 1.94,
            "price_fair": 0,
            "eps_avg_yearly": 0,
            "eps_latest_yearly": 0,
            "eps_growth_yearly": 0
        },
        "20144": {
            "year_quarter": 20144,
            "year": 2014,
            "quarter": 4,
            "eps": 1.46,
            "eps_growth_year": null,
            "eps_4q": 1.43,
            "eps_4q_growth_year": -22.65,
            "roe": 15.42,
            "roe_4q": 15.12,
            "gross_profit": 46209,
            "gross_margin": 12.34,
            "gross_margin_4q_avg": 9.25,
            "net_income": 42343,
            "revenue": 374326,
            "common_shares": 288000,
            "book_valuer_per_share": 10.19,
            "book_valuer_per_share_4q_avg": 9.03,
            "equity": 295833,
            "current_ratio": 102.81,
            "debt_ratio": 70.95,
            "inventory_turnover_ratio": 3.32,
            "account_receivable_turnover_ratio": 0.76,
            "reinvestment_rate": null,
            "research_to_sale_ratio": 1.83,
            "price_fair": 204.4,
            "eps_avg_yearly": 5.84,
            "eps_latest_yearly": 5.84,
            "eps_growth_yearly": 1483.87
        },
        "20151": {
            "year_quarter": 20151,
            "year": 2015,
            "quarter": 1,
            "eps": 0.1,
            "eps_growth_year": 0,
            "eps_4q": 1.43,
            "eps_4q_growth_year": null,
            "roe": 0.98,
            "roe_4q": 15,
            "gross_profit": 30108,
            "gross_margin": 9.95,
            "gross_margin_4q_avg": 9.92,
            "net_income": 2906,
            "revenue": 302595,
            "common_shares": 288000,
            "book_valuer_per_share": 10.29,
            "book_valuer_per_share_4q_avg": 9.4,
            "equity": 298668,
            "current_ratio": 103.76,
            "debt_ratio": 69.42,
            "inventory_turnover_ratio": 2.45,
            "account_receivable_turnover_ratio": 0.58,
            "reinvestment_rate": null,
            "research_to_sale_ratio": 1.7,
            "price_fair": 109.2,
            "eps_avg_yearly": 3.12,
            "eps_latest_yearly": 0.4,
            "eps_growth_yearly": 555.63
        },
        "20152": {
            "year_quarter": 20152,
            "year": 2015,
            "quarter": 2,
            "eps": 0.06,
            "eps_growth_year": null,
            "eps_4q": 1.93,
            "eps_4q_growth_year": null,
            "roe": 0.55,
            "roe_4q": 20.59,
            "gross_profit": 35679,
            "gross_margin": 11.91,
            "gross_margin_4q_avg": 10.68,
            "net_income": 1660,
            "revenue": 299550,
            "common_shares": 288000,
            "book_valuer_per_share": 10.33,
            "book_valuer_per_share_4q_avg": 9.88,
            "equity": 299947,
            "current_ratio": 105.4,
            "debt_ratio": 64.4,
            "inventory_turnover_ratio": 2.34,
            "account_receivable_turnover_ratio": 0.67,
            "reinvestment_rate": null,
            "research_to_sale_ratio": 1.7,
            "price_fair": 75.6,
            "eps_avg_yearly": 2.16,
            "eps_latest_yearly": 0.24,
            "eps_growth_yearly": 317.09
        },
        "20153": {
            "year_quarter": 20153,
            "year": 2015,
            "quarter": 3,
            "eps": 0.67,
            "eps_growth_year": 116.13,
            "eps_4q": 2.29,
            "eps_4q_growth_year": null,
            "roe": 6.32,
            "roe_4q": 23.27,
            "gross_profit": 22577,
            "gross_margin": 8.31,
            "gross_margin_4q_avg": 10.63,
            "net_income": 19582,
            "revenue": 271755,
            "common_shares": 288000,
            "book_valuer_per_share": 11.03,
            "book_valuer_per_share_4q_avg": 10.46,
            "equity": 320203,
            "current_ratio": 108.87,
            "debt_ratio": 63.92,
            "inventory_turnover_ratio": 2.53,
            "account_receivable_turnover_ratio": 0.65,
            "reinvestment_rate": null,
            "research_to_sale_ratio": 1.61,
            "price_fair": 80.15,
            "eps_avg_yearly": 2.29,
            "eps_latest_yearly": 2.68,
            "eps_growth_yearly": 1254.48
        },
        "20154": {
            "year_quarter": 20154,
            "year": 2015,
            "quarter": 4,
            "eps": 0.19,
            "eps_growth_year": -87.08,
            "eps_4q": 1.02,
            "eps_4q_growth_year": -28.88,
            "roe": 1.7,
            "roe_4q": 9.55,
            "gross_profit": 30983,
            "gross_margin": 13.04,
            "gross_margin_4q_avg": 10.8,
            "net_income": 5499,
            "revenue": 237589,
            "common_shares": 288000,
            "book_valuer_per_share": 11.19,
            "book_valuer_per_share_4q_avg": 10.71,
            "equity": 325073,
            "current_ratio": 111.52,
            "debt_ratio": 61.64,
            "inventory_turnover_ratio": 2.39,
            "account_receivable_turnover_ratio": 0.61,
            "reinvestment_rate": null,
            "research_to_sale_ratio": 2.18,
            "price_fair": 69.44,
            "eps_avg_yearly": 1.98,
            "eps_latest_yearly": 0.76,
            "eps_growth_yearly": 946.27
        },
        "20161": {
            "year_quarter": 20161,
            "year": 2016,
            "quarter": 1,
            "eps": 0.3,
            "eps_growth_year": 200,
            "eps_4q": 1.22,
            "eps_4q_growth_year": -15,
            "roe": 2.63,
            "roe_4q": 11.200000000000001,
            "gross_profit": 32430,
            "gross_margin": 15.66,
            "gross_margin_4q_avg": 12.23,
            "net_income": 8672,
            "revenue": 207150,
            "common_shares": 288000,
            "book_valuer_per_share": 11.49,
            "book_valuer_per_share_4q_avg": 11.01,
            "equity": 333685,
            "current_ratio": 118.63,
            "debt_ratio": 57.4,
            "inventory_turnover_ratio": 1.94,
            "account_receivable_turnover_ratio": 0.63,
            "reinvestment_rate": null,
            "research_to_sale_ratio": 2.73,
            "price_fair": 64.87,
            "eps_avg_yearly": 1.85,
            "eps_latest_yearly": 1.2,
            "eps_growth_yearly": 827.16
        },
        "20162": {
            "year_quarter": 20162,
            "year": 2016,
            "quarter": 2,
            "eps": 0.3,
            "eps_growth_year": 400,
            "eps_4q": 1.47,
            "eps_4q_growth_year": -23.93,
            "roe": 2.61,
            "roe_4q": 13.260000000000002,
            "gross_profit": 36045,
            "gross_margin": 15.56,
            "gross_margin_4q_avg": 13.14,
            "net_income": 8823,
            "revenue": 231680,
            "common_shares": 288000,
            "book_valuer_per_share": 11.78,
            "book_valuer_per_share_4q_avg": 11.37,
            "equity": 342146,
            "current_ratio": 124.41,
            "debt_ratio": 54.08,
            "inventory_turnover_ratio": 2.09,
            "account_receivable_turnover_ratio": 0.73,
            "reinvestment_rate": null,
            "research_to_sale_ratio": 2.65,
            "price_fair": 61.6,
            "eps_avg_yearly": 1.76,
            "eps_latest_yearly": 1.2,
            "eps_growth_yearly": 708.99
        },
        "20163": {
            "year_quarter": 20163,
            "year": 2016,
            "quarter": 3,
            "eps": 0.18,
            "eps_growth_year": -73.13,
            "eps_4q": 0.97,
            "eps_4q_growth_year": -57.51,
            "roe": 1.51,
            "roe_4q": 8.45,
            "gross_profit": 34230,
            "gross_margin": 12.89,
            "gross_margin_4q_avg": 14.29,
            "net_income": 5203,
            "revenue": 265487,
            "common_shares": 288000,
            "book_valuer_per_share": 11.95,
            "book_valuer_per_share_4q_avg": 11.6,
            "equity": 346939,
            "current_ratio": 123.06,
            "debt_ratio": 57.85,
            "inventory_turnover_ratio": 2.43,
            "account_receivable_turnover_ratio": 0.78,
            "reinvestment_rate": -6748.25,
            "research_to_sale_ratio": 2.53,
            "price_fair": 57.05,
            "eps_avg_yearly": 1.63,
            "eps_latest_yearly": 0.72,
            "eps_growth_yearly": 600.37
        },
        "20164": {
            "year_quarter": 20164,
            "year": 2016,
            "quarter": 4,
            "eps": 0.79,
            "eps_growth_year": 317.71,
            "eps_4q": 1.57,
            "eps_4q_growth_year": 54.48,
            "roe": 6.38,
            "roe_4q": 13.129999999999999,
            "gross_profit": 33162,
            "gross_margin": 13.21,
            "gross_margin_4q_avg": 14.33,
            "net_income": 22842,
            "revenue": 251012,
            "common_shares": 288000,
            "book_valuer_per_share": 12.73,
            "book_valuer_per_share_4q_avg": 11.99,
            "equity": 369577,
            "current_ratio": 129.51,
            "debt_ratio": 55.53,
            "inventory_turnover_ratio": 2.35,
            "account_receivable_turnover_ratio": 0.68,
            "reinvestment_rate": -260.54,
            "research_to_sale_ratio": 2.34,
            "price_fair": 63,
            "eps_avg_yearly": 1.8,
            "eps_latest_yearly": 3.16,
            "eps_growth_yearly": 684.28
        },
        "20171": {
            "year_quarter": 20171,
            "year": 2017,
            "quarter": 1,
            "eps": -0.5,
            "eps_growth_year": -266.67,
            "eps_4q": 0.77,
            "eps_4q_growth_year": -36.93,
            "roe": -4.05,
            "roe_4q": 6.449999999999999,
            "gross_profit": 22444,
            "gross_margin": 10.54,
            "gross_margin_4q_avg": 13.05,
            "net_income": -14671,
            "revenue": 212871,
            "common_shares": 288000,
            "book_valuer_per_share": 12.21,
            "book_valuer_per_share_4q_avg": 12.17,
            "equity": 354407,
            "current_ratio": 126.88,
            "debt_ratio": 56.81,
            "inventory_turnover_ratio": 2.47,
            "account_receivable_turnover_ratio": 0.62,
            "reinvestment_rate": null,
            "research_to_sale_ratio": 3.27,
            "price_fair": 63,
            "eps_avg_yearly": 1.8,
            "eps_latest_yearly": 3.16,
            "eps_growth_yearly": 684.28
        },
        "20172": {
            "year_quarter": 20172,
            "year": 2017,
            "quarter": 2,
            "eps": -0.09,
            "eps_growth_year": -130,
            "eps_4q": 0.38,
            "eps_4q_growth_year": -74.28,
            "roe": -0.72,
            "roe_4q": 3.12,
            "gross_profit": 20024,
            "gross_margin": 10.33,
            "gross_margin_4q_avg": 11.74,
            "net_income": -2545,
            "revenue": 193849,
            "common_shares": 288000,
            "book_valuer_per_share": 12.13,
            "book_valuer_per_share_4q_avg": 12.26,
            "equity": 351963,
            "current_ratio": 129.94,
            "debt_ratio": 55.61,
            "inventory_turnover_ratio": 2.7,
            "account_receivable_turnover_ratio": 0.66,
            "reinvestment_rate": -98.75,
            "research_to_sale_ratio": 3.11,
            "price_fair": 63,
            "eps_avg_yearly": 1.8,
            "eps_latest_yearly": 3.16,
            "eps_growth_yearly": 684.28
        },
        "20173": {
            "year_quarter": 20173,
            "year": 2017,
            "quarter": 3,
            "eps": 0.19,
            "eps_growth_year": 5.56,
            "eps_4q": 0.39,
            "eps_4q_growth_year": -59.84,
            "roe": 1.58,
            "roe_4q": 3.1900000000000004,
            "gross_profit": 23374,
            "gross_margin": 11.78,
            "gross_margin_4q_avg": 11.47,
            "net_income": 5592,
            "revenue": 198504,
            "common_shares": 288000,
            "book_valuer_per_share": 12.33,
            "book_valuer_per_share_4q_avg": 12.35,
            "equity": 357679,
            "current_ratio": 129.7,
            "debt_ratio": 56.45,
            "inventory_turnover_ratio": 2.7,
            "account_receivable_turnover_ratio": 0.7,
            "reinvestment_rate": -74.01,
            "research_to_sale_ratio": 3.12,
            "price_fair": 63,
            "eps_avg_yearly": 1.8,
            "eps_latest_yearly": 3.16,
            "eps_growth_yearly": 684.28
        },
        "20174": {
            "year_quarter": 20174,
            "year": 2017,
            "quarter": 4,
            "eps": -1.94,
            "eps_growth_year": -345.87,
            "eps_4q": -2.34,
            "eps_4q_growth_year": -248.53,
            "roe": -16.98,
            "roe_4q": -20.17,
            "gross_profit": 15204,
            "gross_margin": 8.17,
            "gross_margin_4q_avg": 10.21,
            "net_income": -55888,
            "revenue": 186089,
            "common_shares": 288000,
            "book_valuer_per_share": 10.43,
            "book_valuer_per_share_4q_avg": 11.78,
            "equity": 300459,
            "current_ratio": 133.03,
            "debt_ratio": 59.13,
            "inventory_turnover_ratio": 2.58,
            "account_receivable_turnover_ratio": 0.66,
            "reinvestment_rate": -128.33,
            "research_to_sale_ratio": 2.71,
            "price_fair": 63,
            "eps_avg_yearly": 1.8,
            "eps_latest_yearly": 3.16,
            "eps_growth_yearly": 684.28
        },
        "20181": {
            "year_quarter": 20181,
            "year": 2018,
            "quarter": 1,
            "eps": -0.13,
            "eps_growth_year": null,
            "eps_4q": -1.97,
            "eps_4q_growth_year": -355.75,
            "roe": -1.3,
            "roe_4q": -17.42,
            "gross_profit": 12408,
            "gross_margin": 7.16,
            "gross_margin_4q_avg": 9.36,
            "net_income": -3869,
            "revenue": 173193,
            "common_shares": 288000,
            "book_valuer_per_share": 10.3,
            "book_valuer_per_share_4q_avg": 11.3,
            "equity": 296719,
            "current_ratio": 129.9,
            "debt_ratio": 61.15,
            "inventory_turnover_ratio": 2.21,
            "account_receivable_turnover_ratio": 0.65,
            "reinvestment_rate": -131.17,
            "research_to_sale_ratio": 3.53,
            "price_fair": 63,
            "eps_avg_yearly": 1.8,
            "eps_latest_yearly": 3.16,
            "eps_growth_yearly": 684.28
        },
        "20182": {
            "year_quarter": 20182,
            "year": 2018,
            "quarter": 2,
            "eps": 0.9,
            "eps_growth_year": null,
            "eps_4q": -0.98,
            "eps_4q_growth_year": -360.68,
            "roe": 8.33,
            "roe_4q": -8.37,
            "gross_profit": 29010,
            "gross_margin": 12.95,
            "gross_margin_4q_avg": 10.02,
            "net_income": 25781,
            "revenue": 223992,
            "common_shares": 288000,
            "book_valuer_per_share": 11.2,
            "book_valuer_per_share_4q_avg": 11.07,
            "equity": 322425,
            "current_ratio": 137.42,
            "debt_ratio": 59.46,
            "inventory_turnover_ratio": 2.1,
            "account_receivable_turnover_ratio": 0.77,
            "reinvestment_rate": -76.93,
            "research_to_sale_ratio": 3,
            "price_fair": 63,
            "eps_avg_yearly": 1.8,
            "eps_latest_yearly": 3.16,
            "eps_growth_yearly": 684.28
        },
        "20183": {
            "year_quarter": 20183,
            "year": 2018,
            "quarter": 3,
            "eps": 0.55,
            "eps_growth_year": 189.47,
            "eps_4q": -0.63,
            "eps_4q_growth_year": -259.91,
            "roe": 4.77,
            "roe_4q": -5.1800000000000015,
            "gross_profit": 59456,
            "gross_margin": 18.6,
            "gross_margin_4q_avg": 11.72,
            "net_income": 16404,
            "revenue": 319678,
            "common_shares": 288000,
            "book_valuer_per_share": 12.46,
            "book_valuer_per_share_4q_avg": 11.1,
            "equity": 365271,
            "current_ratio": 124.44,
            "debt_ratio": 68.82,
            "inventory_turnover_ratio": 2.06,
            "account_receivable_turnover_ratio": 0.93,
            "reinvestment_rate": -42.1,
            "research_to_sale_ratio": 1.96,
            "price_fair": 64.4,
            "eps_avg_yearly": 1.84,
            "eps_latest_yearly": 2.2,
            "eps_growth_yearly": 600.29
        },
        "20184": {
            "year_quarter": 20184,
            "year": 2018,
            "quarter": 4,
            "eps": 0.85,
            "eps_growth_year": null,
            "eps_4q": 2.16,
            "eps_4q_growth_year": null,
            "roe": 6.07,
            "roe_4q": 17.87,
            "gross_profit": 84808,
            "gross_margin": 28.43,
            "gross_margin_4q_avg": 16.79,
            "net_income": 26456,
            "revenue": 298342,
            "common_shares": 288000,
            "book_valuer_per_share": 12.21,
            "book_valuer_per_share_4q_avg": 11.54,
            "equity": 506273,
            "current_ratio": 170.73,
            "debt_ratio": 56.85,
            "inventory_turnover_ratio": 1.32,
            "account_receivable_turnover_ratio": 0.84,
            "reinvestment_rate": 199.5,
            "research_to_sale_ratio": 2.1,
            "price_fair": 55.86,
            "eps_avg_yearly": 1.6,
            "eps_latest_yearly": 3.4,
            "eps_growth_yearly": 473.73
        },
        "20191": {
            "year_quarter": 20191,
            "year": 2019,
            "quarter": 1,
            "eps": 0.1,
            "eps_growth_year": null,
            "eps_4q": 2.4,
            "eps_4q_growth_year": null,
            "roe": 1.8,
            "roe_4q": 20.97,
            "gross_profit": 66972,
            "gross_margin": 22.05,
            "gross_margin_4q_avg": 20.51,
            "net_income": 9177,
            "revenue": 303723,
            "common_shares": 288000,
            "book_valuer_per_share": 12.32,
            "book_valuer_per_share_4q_avg": 12.05,
            "equity": 515671,
            "current_ratio": 169.95,
            "debt_ratio": 58.03,
            "inventory_turnover_ratio": 1.5,
            "account_receivable_turnover_ratio": 0.9,
            "reinvestment_rate": 194.49,
            "research_to_sale_ratio": 2.05,
            "price_fair": 55.86,
            "eps_avg_yearly": 1.6,
            "eps_latest_yearly": 0.4,
            "eps_growth_yearly": 475.69
        },
        "20192": {
            "year_quarter": 20192,
            "year": 2019,
            "quarter": 2,
            "eps": 0.81,
            "eps_growth_year": -10,
            "eps_4q": 2.31,
            "eps_4q_growth_year": null,
            "roe": 5.27,
            "roe_4q": 17.91,
            "gross_profit": 74814,
            "gross_margin": 26.71,
            "gross_margin_4q_avg": 23.95,
            "net_income": 27700,
            "revenue": 280136,
            "common_shares": 288000,
            "book_valuer_per_share": 13.14,
            "book_valuer_per_share_4q_avg": 12.53,
            "equity": 535716,
            "current_ratio": 166.66,
            "debt_ratio": 56.1,
            "inventory_turnover_ratio": 1.42,
            "account_receivable_turnover_ratio": 0.9,
            "reinvestment_rate": 136.75,
            "research_to_sale_ratio": 2.22,
            "price_fair": 66.36,
            "eps_avg_yearly": 1.9,
            "eps_latest_yearly": 3.24,
            "eps_growth_yearly": 775.69
        },
        "20193": {
            "year_quarter": 20193,
            "year": 2019,
            "quarter": 3,
            "eps": 0.58,
            "eps_growth_year": 5.45,
            "eps_4q": 2.14,
            "eps_4q_growth_year": null,
            "roe": 3.25,
            "roe_4q": 16.39,
            "gross_profit": 81742,
            "gross_margin": 28.46,
            "gross_margin_4q_avg": 26.41,
            "net_income": 21371,
            "revenue": 287256,
            "common_shares": 315732,
            "book_valuer_per_share": 14.74,
            "book_valuer_per_share_4q_avg": 13.1,
            "equity": 780854,
            "current_ratio": 97.24,
            "debt_ratio": 69.08,
            "inventory_turnover_ratio": 0.63,
            "account_receivable_turnover_ratio": 0.91,
            "reinvestment_rate": 586.89,
            "research_to_sale_ratio": 2.04,
            "price_fair": 65.1,
            "eps_avg_yearly": 1.86,
            "eps_latest_yearly": 2.32,
            "eps_growth_yearly": 357.67
        },
        "20194": {
            "year_quarter": 20194,
            "year": 2019,
            "quarter": 4,
            "eps": 0.02,
            "eps_growth_year": -97.33,
            "eps_4q": 1.39,
            "eps_4q_growth_year": -35.73,
            "roe": 0.58,
            "roe_4q": 10.9,
            "gross_profit": 158485,
            "gross_margin": 32.02,
            "gross_margin_4q_avg": 27.31,
            "net_income": 4759,
            "revenue": 495032,
            "common_shares": 315732,
            "book_valuer_per_share": 14.7,
            "book_valuer_per_share_4q_avg": 13.73,
            "equity": 866589,
            "current_ratio": 133.32,
            "debt_ratio": 64.82,
            "inventory_turnover_ratio": 0.67,
            "account_receivable_turnover_ratio": 1.54,
            "reinvestment_rate": 661.58,
            "research_to_sale_ratio": 1.24,
            "price_fair": 62.72,
            "eps_avg_yearly": 1.79,
            "eps_latest_yearly": 0.08,
            "eps_growth_yearly": 347.7
        },
        "20201": {
            "year_quarter": 20201,
            "year": 2020,
            "quarter": 1,
            "eps": -0.15,
            "eps_growth_year": -250,
            "eps_4q": 1.03,
            "eps_4q_growth_year": -57.15,
            "roe": -1.24,
            "roe_4q": 7.859999999999999,
            "gross_profit": 123812,
            "gross_margin": 30.02,
            "gross_margin_4q_avg": 29.3,
            "net_income": -10663,
            "revenue": 412458,
            "common_shares": 349732,
            "book_valuer_per_share": 15.54,
            "book_valuer_per_share_4q_avg": 14.53,
            "equity": 856317,
            "current_ratio": 129.3,
            "debt_ratio": 65.44,
            "inventory_turnover_ratio": 0.6,
            "account_receivable_turnover_ratio": 1.35,
            "reinvestment_rate": 839.51,
            "research_to_sale_ratio": 1.69,
            "price_fair": 65.02,
            "eps_avg_yearly": 1.86,
            "eps_latest_yearly": 0.08,
            "eps_growth_yearly": 360.61
        },
        "20202": {
            "year_quarter": 20202,
            "year": 2020,
            "quarter": 2,
            "eps": -0.28,
            "eps_growth_year": -134.57,
            "eps_4q": 0.09,
            "eps_4q_growth_year": -96.26,
            "roe": -0.84,
            "roe_4q": 1.75,
            "gross_profit": 157573,
            "gross_margin": 28.9,
            "gross_margin_4q_avg": 29.85,
            "net_income": -6534,
            "revenue": 545206,
            "common_shares": 349732,
            "book_valuer_per_share": 15.16,
            "book_valuer_per_share_4q_avg": 15.04,
            "equity": 698017,
            "current_ratio": 113.01,
            "debt_ratio": 73.66,
            "inventory_turnover_ratio": 0.85,
            "account_receivable_turnover_ratio": 1.58,
            "reinvestment_rate": 1240.75,
            "research_to_sale_ratio": 1.3,
            "price_fair": 67.9,
            "eps_avg_yearly": 1.94,
            "eps_latest_yearly": 0.08,
            "eps_growth_yearly": 405.68
        },
        "20203": {
            "year_quarter": 20203,
            "year": 2020,
            "quarter": 3,
            "eps": -2.85,
            "eps_growth_year": -591.38,
            "eps_4q": -3.23,
            "eps_4q_growth_year": -250.9,
            "roe": -14.78,
            "roe_4q": -16.28,
            "gross_profit": 116942,
            "gross_margin": 20.55,
            "gross_margin_4q_avg": 27.87,
            "net_income": -95994,
            "revenue": 569177,
            "common_shares": 349732,
            "book_valuer_per_share": 12.31,
            "book_valuer_per_share_4q_avg": 14.43,
            "equity": 601135,
            "current_ratio": 106.04,
            "debt_ratio": 79.15,
            "inventory_turnover_ratio": 1.06,
            "account_receivable_turnover_ratio": 1.42,
            "reinvestment_rate": null,
            "research_to_sale_ratio": 1.06,
            "price_fair": 74,
            "eps_avg_yearly": 2.11,
            "eps_latest_yearly": 0.08,
            "eps_growth_yearly": 486.49
        },
        "20204": {
            "year_quarter": 20204,
            "year": 2020,
            "quarter": 4,
            "eps": -0.46,
            "eps_growth_year": -2105.65,
            "eps_4q": -3.71,
            "eps_4q_growth_year": -366.76,
            "roe": -2.51,
            "roe_4q": -19.369999999999997,
            "gross_profit": 150175,
            "gross_margin": 27.29,
            "gross_margin_4q_avg": 26.69,
            "net_income": -14819,
            "revenue": 550247,
            "common_shares": 349732,
            "book_valuer_per_share": 11.82,
            "book_valuer_per_share_4q_avg": 13.71,
            "equity": 579047,
            "current_ratio": 95.5,
            "debt_ratio": 79.45,
            "inventory_turnover_ratio": 0.98,
            "account_receivable_turnover_ratio": 1.44,
            "reinvestment_rate": null,
            "research_to_sale_ratio": 1.06,
            "price_fair": 67.9,
            "eps_avg_yearly": 1.94,
            "eps_latest_yearly": 0.08,
            "eps_growth_yearly": 341.65
        },
        "20211": {
            "year_quarter": 20211,
            "year": 2021,
            "quarter": 1,
            "eps": 0.55,
            "eps_growth_year": null,
            "eps_4q": -3.02,
            "eps_4q_growth_year": -393.34,
            "roe": 6.56,
            "roe_4q": -11.57,
            "gross_profit": 214282,
            "gross_margin": 34.01,
            "gross_margin_4q_avg": 27.69,
            "net_income": 39263,
            "revenue": 630047,
            "common_shares": 349732,
            "book_valuer_per_share": 12.37,
            "book_valuer_per_share_4q_avg": 12.92,
            "equity": 617100,
            "current_ratio": 95.25,
            "debt_ratio": 79.1,
            "inventory_turnover_ratio": 1.05,
            "account_receivable_turnover_ratio": 1.88,
            "reinvestment_rate": null,
            "research_to_sale_ratio": 0.97,
            "price_fair": 67.9,
            "eps_avg_yearly": 1.94,
            "eps_latest_yearly": 0.08,
            "eps_growth_yearly": 341.65
        },
        "20212": {
            "year_quarter": 20212,
            "year": 2021,
            "quarter": 2,
            "eps": 0.57,
            "eps_growth_year": null,
            "eps_4q": -2.17,
            "eps_4q_growth_year": -2612.48,
            "roe": 5.49,
            "roe_4q": -5.239999999999998,
            "gross_profit": 245504,
            "gross_margin": 35.31,
            "gross_margin_4q_avg": 29.29,
            "net_income": 34728,
            "revenue": 695352,
            "common_shares": 349732,
            "book_valuer_per_share": 12.9,
            "book_valuer_per_share_4q_avg": 12.35,
            "equity": 646902,
            "current_ratio": 94.92,
            "debt_ratio": 78.36,
            "inventory_turnover_ratio": 1.13,
            "account_receivable_turnover_ratio": 1.98,
            "reinvestment_rate": null,
            "research_to_sale_ratio": 0.97,
            "price_fair": 69.6,
            "eps_avg_yearly": 1.99,
            "eps_latest_yearly": 2.28,
            "eps_growth_yearly": 294.92
        },
        "20213": {
            "year_quarter": 20213,
            "year": 2021,
            "quarter": 3,
            "eps": 1.11,
            "eps_growth_year": null,
            "eps_4q": 1.78,
            "eps_4q_growth_year": null,
            "roe": 9.2,
            "roe_4q": 18.740000000000002,
            "gross_profit": 253227,
            "gross_margin": 36.19,
            "gross_margin_4q_avg": 33.2,
            "net_income": 62087,
            "revenue": 699682,
            "common_shares": 349732,
            "book_valuer_per_share": 14.02,
            "book_valuer_per_share_4q_avg": 12.78,
            "equity": 702473,
            "current_ratio": 95.03,
            "debt_ratio": 77.31,
            "inventory_turnover_ratio": 1.05,
            "account_receivable_turnover_ratio": 1.75,
            "reinvestment_rate": null,
            "research_to_sale_ratio": 0.94,
            "price_fair": 80.33,
            "eps_avg_yearly": 2.3,
            "eps_latest_yearly": 4.44,
            "eps_growth_yearly": 305.42
        },
        "20214": {
            "year_quarter": 20214,
            "year": 2021,
            "quarter": 4,
            "eps": 0.87,
            "eps_growth_year": null,
            "eps_4q": 3.11,
            "eps_4q_growth_year": null,
            "roe": 7.07,
            "roe_4q": 28.319999999999997,
            "gross_profit": 257188,
            "gross_margin": 36.8,
            "gross_margin_4q_avg": 35.58,
            "net_income": 51277,
            "revenue": 698929,
            "common_shares": 349732,
            "book_valuer_per_share": 14.88,
            "book_valuer_per_share_4q_avg": 13.54,
            "equity": 749055,
            "current_ratio": 93,
            "debt_ratio": 76.12,
            "inventory_turnover_ratio": 1,
            "account_receivable_turnover_ratio": 1.86,
            "reinvestment_rate": 1091.3,
            "research_to_sale_ratio": 0.83,
            "price_fair": 84.93,
            "eps_avg_yearly": 2.43,
            "eps_latest_yearly": 3.48,
            "eps_growth_yearly": 261.88
        },
        "20221": {
            "year_quarter": 20221,
            "year": 2022,
            "quarter": 1,
            "eps": 1.19,
            "eps_growth_year": 116.36,
            "eps_4q": 3.75,
            "eps_4q_growth_year": null,
            "roe": 8.25,
            "roe_4q": 30.009999999999998,
            "gross_profit": 267935,
            "gross_margin": 36.67,
            "gross_margin_4q_avg": 36.24,
            "net_income": 64548,
            "revenue": 730744,
            "common_shares": 349732,
            "book_valuer_per_share": 16.12,
            "book_valuer_per_share_4q_avg": 14.48,
            "equity": 815792,
            "current_ratio": 89.15,
            "debt_ratio": 74.88,
            "inventory_turnover_ratio": 1.08,
            "account_receivable_turnover_ratio": 2.16,
            "reinvestment_rate": 836.72,
            "research_to_sale_ratio": 0.88,
            "price_fair": 93.1,
            "eps_avg_yearly": 2.66,
            "eps_latest_yearly": 4.76,
            "eps_growth_yearly": 250.4
        },
        "20222": {
            "year_quarter": 20222,
            "year": 2022,
            "quarter": 2,
            "eps": 1.34,
            "eps_growth_year": 135.09,
            "eps_4q": 3.93,
            "eps_4q_growth_year": null,
            "roe": 7.53,
            "roe_4q": 32.05,
            "gross_profit": 295835,
            "gross_margin": 37.34,
            "gross_margin_4q_avg": 36.75,
            "net_income": 62041,
            "revenue": 792271,
            "common_shares": 349732,
            "book_valuer_per_share": 17.02,
            "book_valuer_per_share_4q_avg": 15.51,
            "equity": 832469,
            "current_ratio": 88.11,
            "debt_ratio": 73.75,
            "inventory_turnover_ratio": 1.19,
            "account_receivable_turnover_ratio": 2.24,
            "reinvestment_rate": 729.78,
            "research_to_sale_ratio": 0.78,
            "price_fair": 101.69,
            "eps_avg_yearly": 2.91,
            "eps_latest_yearly": 5.36,
            "eps_growth_yearly": 232.22
        },
        "20223": {
            "year_quarter": 20223,
            "year": 2022,
            "quarter": 3,
            "eps": 1.15,
            "eps_growth_year": 3.6,
            "eps_4q": 4.11,
            "eps_4q_growth_year": 131.34,
            "roe": 7.16,
            "roe_4q": 30.01,
            "gross_profit": 294315,
            "gross_margin": 35.92,
            "gross_margin_4q_avg": 36.68,
            "net_income": 61634,
            "revenue": 819470,
            "common_shares": 349732,
            "book_valuer_per_share": 18.43,
            "book_valuer_per_share_4q_avg": 16.61,
            "equity": 888516,
            "current_ratio": 86.48,
            "debt_ratio": 74.39,
            "inventory_turnover_ratio": 1.18,
            "account_receivable_turnover_ratio": 2.39,
            "reinvestment_rate": 651.93,
            "research_to_sale_ratio": 0.76,
            "price_fair": 109.33,
            "eps_avg_yearly": 3.12,
            "eps_latest_yearly": 4.6,
            "eps_growth_yearly": 241.21
        },
        "20224": {
            "year_quarter": 20224,
            "year": 2022,
            "quarter": 4,
            "eps": 1.24,
            "eps_growth_year": 42.65,
            "eps_4q": 4.6,
            "eps_4q_growth_year": 48.05,
            "roe": 7.22,
            "roe_4q": 30.16,
            "gross_profit": 311194,
            "gross_margin": 37.47,
            "gross_margin_4q_avg": 36.85,
            "net_income": 66306,
            "revenue": 830599,
            "common_shares": 402192,
            "book_valuer_per_share": 17.24,
            "book_valuer_per_share_4q_avg": 17.2,
            "equity": 947489,
            "current_ratio": 87.63,
            "debt_ratio": 73.18,
            "inventory_turnover_ratio": 1.05,
            "account_receivable_turnover_ratio": 2.58,
            "reinvestment_rate": 491.2,
            "research_to_sale_ratio": 1.22,
            "price_fair": 114.29,
            "eps_avg_yearly": 3.27,
            "eps_latest_yearly": 4.96,
            "eps_growth_yearly": 224.22
        },
        "20231": {
            "year_quarter": 20231,
            "year": 2023,
            "quarter": 1,
            "eps": 1.06,
            "eps_growth_year": -10.92,
            "eps_4q": 4.62,
            "eps_4q_growth_year": 23.21,
            "roe": 5.22,
            "roe_4q": 27.130000000000003,
            "gross_profit": 288410,
            "gross_margin": 35.51,
            "gross_margin_4q_avg": 36.56,
            "net_income": 50576,
            "revenue": 812265,
            "common_shares": 402192,
            "book_valuer_per_share": 18.33,
            "book_valuer_per_share_4q_avg": 17.76,
            "equity": 991444,
            "current_ratio": 85.89,
            "debt_ratio": 71.01,
            "inventory_turnover_ratio": 1.06,
            "account_receivable_turnover_ratio": 2.61,
            "reinvestment_rate": 432.51,
            "research_to_sale_ratio": 0.73,
            "price_fair": 126.51,
            "eps_avg_yearly": 3.61,
            "eps_latest_yearly": 4.24,
            "eps_growth_yearly": 251.03
        }
    },
    "months": {
        "2001-06": {
            "month": "2001-06",
            "price": "5.72",
            "revenue": 129154
        },
        "2001-07": {
            "month": "2001-07",
            "price": "4.34",
            "revenue": 212504
        },
        "2001-08": {
            "month": "2001-08",
            "price": "4.74",
            "revenue": 214415
        },
        "2001-09": {
            "month": "2001-09",
            "price": "3.75",
            "revenue": 155401
        },
        "2001-10": {
            "month": "2001-10",
            "price": "3.09",
            "revenue": 200946
        },
        "2001-11": {
            "month": "2001-11",
            "price": "4.31",
            "revenue": 222935
        },
        "2001-12": {
            "month": "2001-12",
            "price": "6.02",
            "revenue": 148740
        },
        "2002-01": {
            "month": "2002-01",
            "price": "7.10",
            "revenue": 224347
        },
        "2002-02": {
            "month": "2002-02",
            "price": "6.70",
            "revenue": 186992
        },
        "2002-03": {
            "month": "2002-03",
            "price": "8.06",
            "revenue": 247022
        },
        "2002-04": {
            "month": "2002-04",
            "price": "11.79",
            "revenue": 201983
        },
        "2002-05": {
            "month": "2002-05",
            "price": "9.10",
            "revenue": 244118
        },
        "2002-06": {
            "month": "2002-06",
            "price": "8.48",
            "revenue": 202560
        },
        "2002-07": {
            "month": "2002-07",
            "price": "7.06",
            "revenue": 203857
        },
        "2002-08": {
            "month": "2002-08",
            "price": "5.80",
            "revenue": 216438
        },
        "2002-09": {
            "month": "2002-09",
            "price": "5.55",
            "revenue": 242843
        },
        "2002-10": {
            "month": "2002-10",
            "price": "5.64",
            "revenue": 273780
        },
        "2002-11": {
            "month": "2002-11",
            "price": "6.88",
            "revenue": 305458
        },
        "2002-12": {
            "month": "2002-12",
            "price": "8.45",
            "revenue": 274370
        },
        "2003-01": {
            "month": "2003-01",
            "price": "8.81",
            "revenue": 302980
        },
        "2003-02": {
            "month": "2003-02",
            "price": "8.98",
            "revenue": 230582
        },
        "2003-03": {
            "month": "2003-03",
            "price": "8.37",
            "revenue": 267687
        },
        "2003-04": {
            "month": "2003-04",
            "price": "7.86",
            "revenue": 266227
        },
        "2003-05": {
            "month": "2003-05",
            "price": "6.88",
            "revenue": 320094
        },
        "2003-06": {
            "month": "2003-06",
            "price": "8.77",
            "revenue": 253964
        },
        "2003-07": {
            "month": "2003-07",
            "price": "8.94",
            "revenue": 325157
        },
        "2003-08": {
            "month": "2003-08",
            "price": "8.64",
            "revenue": 307014
        },
        "2003-09": {
            "month": "2003-09",
            "price": "7.85",
            "revenue": 308020
        },
        "2003-10": {
            "month": "2003-10",
            "price": "7.84",
            "revenue": 339170
        },
        "2003-11": {
            "month": "2003-11",
            "price": "8.36",
            "revenue": 309431
        },
        "2003-12": {
            "month": "2003-12",
            "price": "8.40",
            "revenue": 246511
        },
        "2004-01": {
            "month": "2004-01",
            "price": "8.34",
            "revenue": 267011
        },
        "2004-02": {
            "month": "2004-02",
            "price": "9.04",
            "revenue": 226759
        },
        "2004-03": {
            "month": "2004-03",
            "price": "8.29",
            "revenue": 261409
        },
        "2004-04": {
            "month": "2004-04",
            "price": "8.55",
            "revenue": 257347
        },
        "2004-05": {
            "month": "2004-05",
            "price": "7.20",
            "revenue": 217601
        },
        "2004-06": {
            "month": "2004-06",
            "price": "6.08",
            "revenue": 211127
        },
        "2004-07": {
            "month": "2004-07",
            "price": "4.73",
            "revenue": 267154
        },
        "2004-08": {
            "month": "2004-08",
            "price": "4.33",
            "revenue": 290255
        },
        "2004-09": {
            "month": "2004-09",
            "price": "4.80",
            "revenue": 303683
        },
        "2004-10": {
            "month": "2004-10",
            "price": "6.22",
            "revenue": 304067
        },
        "2004-11": {
            "month": "2004-11",
            "price": "5.84",
            "revenue": 280824
        },
        "2004-12": {
            "month": "2004-12",
            "price": "4.93",
            "revenue": 270996
        },
        "2005-01": {
            "month": "2005-01",
            "price": "4.18",
            "revenue": 248397
        },
        "2005-02": {
            "month": "2005-02",
            "price": "4.06",
            "revenue": 176736
        },
        "2005-03": {
            "month": "2005-03",
            "price": "3.85",
            "revenue": 243045
        },
        "2005-04": {
            "month": "2005-04",
            "price": "3.05",
            "revenue": 242381
        },
        "2005-05": {
            "month": "2005-05",
            "price": "2.99",
            "revenue": 203180
        },
        "2005-06": {
            "month": "2005-06",
            "price": "3.48",
            "revenue": 208213
        },
        "2005-07": {
            "month": "2005-07",
            "price": "3.96",
            "revenue": 209339
        },
        "2005-08": {
            "month": "2005-08",
            "price": "3.35",
            "revenue": 244090
        },
        "2005-09": {
            "month": "2005-09",
            "price": "3.85",
            "revenue": 277926
        },
        "2005-10": {
            "month": "2005-10",
            "price": "3.77",
            "revenue": 282409
        },
        "2005-11": {
            "month": "2005-11",
            "price": "2.93",
            "revenue": 296718
        },
        "2005-12": {
            "month": "2005-12",
            "price": "3.82",
            "revenue": 219731
        },
        "2006-01": {
            "month": "2006-01",
            "price": "4.31",
            "revenue": 300650
        },
        "2006-02": {
            "month": "2006-02",
            "price": "5.60",
            "revenue": 244945
        },
        "2006-03": {
            "month": "2006-03",
            "price": "5.62",
            "revenue": 280994
        },
        "2006-04": {
            "month": "2006-04",
            "price": "4.81",
            "revenue": 175534
        },
        "2006-05": {
            "month": "2006-05",
            "price": "4.07",
            "revenue": 229651
        },
        "2006-06": {
            "month": "2006-06",
            "price": "3.75",
            "revenue": 194803
        },
        "2006-07": {
            "month": "2006-07",
            "price": "2.84",
            "revenue": 87728
        },
        "2007-03": {
            "month": "2007-03",
            "price": "2.57",
            "revenue": 139082
        },
        "2007-04": {
            "month": "2007-04",
            "price": "3.99",
            "revenue": 168936
        },
        "2007-05": {
            "month": "2007-05",
            "price": "3.48",
            "revenue": 169460
        },
        "2007-06": {
            "month": "2007-06",
            "price": "3.23",
            "revenue": 173056
        },
        "2007-07": {
            "month": "2007-07",
            "price": "3.41",
            "revenue": 175716
        },
        "2007-08": {
            "month": "2007-08",
            "price": "3.41",
            "revenue": 236961
        },
        "2007-09": {
            "month": "2007-09",
            "price": "4.04",
            "revenue": 246971
        },
        "2007-10": {
            "month": "2007-10",
            "price": "3.85",
            "revenue": 266023
        },
        "2007-11": {
            "month": "2007-11",
            "price": "14.02",
            "revenue": 224606
        },
        "2007-12": {
            "month": "2007-12",
            "price": "11.05",
            "revenue": 175144
        },
        "2008-01": {
            "month": "2008-01",
            "price": "8.99",
            "revenue": 193162
        },
        "2008-02": {
            "month": "2008-02",
            "price": "7.98",
            "revenue": 103540
        },
        "2008-03": {
            "month": "2008-03",
            "price": "7.97",
            "revenue": 130739
        },
        "2008-04": {
            "month": "2008-04",
            "price": "8.19",
            "revenue": 181997
        },
        "2008-05": {
            "month": "2008-05",
            "price": "8.40",
            "revenue": 190546
        },
        "2008-06": {
            "month": "2008-06",
            "price": "7.00",
            "revenue": 127687
        },
        "2008-07": {
            "month": "2008-07",
            "price": "5.06",
            "revenue": 158634
        },
        "2008-08": {
            "month": "2008-08",
            "price": "4.69",
            "revenue": 174679
        },
        "2008-09": {
            "month": "2008-09",
            "price": "3.51",
            "revenue": 190541
        },
        "2008-10": {
            "month": "2008-10",
            "price": "2.71",
            "revenue": 185921
        },
        "2008-11": {
            "month": "2008-11",
            "price": "2.19",
            "revenue": 69915
        },
        "2008-12": {
            "month": "2008-12",
            "price": "2.02",
            "revenue": 66720
        },
        "2009-01": {
            "month": "2009-01",
            "price": "1.92",
            "revenue": 65890
        },
        "2009-02": {
            "month": "2009-02",
            "price": "1.85",
            "revenue": 71610
        },
        "2009-03": {
            "month": "2009-03",
            "price": "2.28",
            "revenue": 67300
        },
        "2009-04": {
            "month": "2009-04",
            "price": "3.15",
            "revenue": 90488
        },
        "2009-05": {
            "month": "2009-05",
            "price": "2.81",
            "revenue": 56989
        },
        "2009-06": {
            "month": "2009-06",
            "price": "2.61",
            "revenue": 61466
        },
        "2009-07": {
            "month": "2009-07",
            "price": "2.57",
            "revenue": 89092
        },
        "2009-08": {
            "month": "2009-08",
            "price": "2.73",
            "revenue": 112550
        },
        "2009-09": {
            "month": "2009-09",
            "price": "3.24",
            "revenue": 115869
        },
        "2009-10": {
            "month": "2009-10",
            "price": "3.85",
            "revenue": 124567
        },
        "2009-11": {
            "month": "2009-11",
            "price": "6.12",
            "revenue": 60928
        },
        "2009-12": {
            "month": "2009-12",
            "price": "7.04",
            "revenue": 55098
        },
        "2010-01": {
            "month": "2010-01",
            "price": "7.48",
            "revenue": 66126
        },
        "2010-02": {
            "month": "2010-02",
            "price": "7.04",
            "revenue": 52831
        },
        "2010-03": {
            "month": "2010-03",
            "price": "7.76",
            "revenue": 82517
        },
        "2010-04": {
            "month": "2010-04",
            "price": "9.45",
            "revenue": 86726
        },
        "2010-05": {
            "month": "2010-05",
            "price": "8.42",
            "revenue": 95056
        },
        "2010-06": {
            "month": "2010-06",
            "price": "8.19",
            "revenue": 93721
        },
        "2010-07": {
            "month": "2010-07",
            "price": "8.98",
            "revenue": 112368
        },
        "2010-08": {
            "month": "2010-08",
            "price": "9.08",
            "revenue": 73575
        },
        "2010-09": {
            "month": "2010-09",
            "price": "8.05",
            "revenue": 100164
        },
        "2010-10": {
            "month": "2010-10",
            "price": "7.65",
            "revenue": 107984
        },
        "2010-11": {
            "month": "2010-11",
            "price": "5.99",
            "revenue": 96100
        },
        "2010-12": {
            "month": "2010-12",
            "price": "6.17",
            "revenue": 79860
        },
        "2011-01": {
            "month": "2011-01",
            "price": "6.01",
            "revenue": 86953
        },
        "2011-02": {
            "month": "2011-02",
            "price": "5.93",
            "revenue": 32524
        },
        "2011-03": {
            "month": "2011-03",
            "price": "5.75",
            "revenue": 57434
        },
        "2011-04": {
            "month": "2011-04",
            "price": "5.48",
            "revenue": 85408
        },
        "2011-05": {
            "month": "2011-05",
            "price": "4.41",
            "revenue": 57131
        },
        "2011-06": {
            "month": "2011-06",
            "price": "3.85",
            "revenue": 58650
        },
        "2011-07": {
            "month": "2011-07",
            "price": "3.37",
            "revenue": 75579
        },
        "2011-08": {
            "month": "2011-08",
            "price": "3.00",
            "revenue": 71264
        },
        "2011-09": {
            "month": "2011-09",
            "price": "2.60",
            "revenue": 35221
        },
        "2011-10": {
            "month": "2011-10",
            "price": "2.10",
            "revenue": 38934
        },
        "2011-11": {
            "month": "2011-11",
            "price": "2.26",
            "revenue": 33177
        },
        "2011-12": {
            "month": "2011-12",
            "price": "2.85",
            "revenue": 23418
        },
        "2012-01": {
            "month": "2012-01",
            "price": "2.67",
            "revenue": 20110
        },
        "2012-02": {
            "month": "2012-02",
            "price": "3.22",
            "revenue": 30238
        },
        "2012-03": {
            "month": "2012-03",
            "price": "3.17",
            "revenue": 23077
        },
        "2012-04": {
            "month": "2012-04",
            "price": "2.13",
            "revenue": 14415
        },
        "2012-05": {
            "month": "2012-05",
            "price": "1.54",
            "revenue": 18030
        },
        "2012-06": {
            "month": "2012-06",
            "price": "1.62",
            "revenue": 15759
        },
        "2012-07": {
            "month": "2012-07",
            "price": "1.95",
            "revenue": 20009
        },
        "2012-08": {
            "month": "2012-08",
            "price": "1.92",
            "revenue": 15552
        },
        "2012-09": {
            "month": "2012-09",
            "price": "2.00",
            "revenue": 22582
        },
        "2012-10": {
            "month": "2012-10",
            "price": "2.43",
            "revenue": 16679
        },
        "2012-11": {
            "month": "2012-11",
            "price": "2.85",
            "revenue": 11152
        },
        "2012-12": {
            "month": "2012-12",
            "price": "3.79",
            "revenue": 5754
        },
        "2013-01": {
            "month": "2013-01",
            "price": "4.20",
            "revenue": 14681
        },
        "2013-02": {
            "month": "2013-02",
            "price": "4.42",
            "revenue": 10497
        },
        "2013-03": {
            "month": "2013-03",
            "price": "4.14",
            "revenue": 26505
        },
        "2013-04": {
            "month": "2013-04",
            "price": "4.32",
            "revenue": 24756
        },
        "2013-05": {
            "month": "2013-05",
            "price": "6.41",
            "revenue": 123704
        },
        "2013-06": {
            "month": "2013-06",
            "price": "9.08",
            "revenue": 87611
        },
        "2013-07": {
            "month": "2013-07",
            "price": "8.62",
            "revenue": 78012
        },
        "2013-08": {
            "month": "2013-08",
            "price": "7.74",
            "revenue": 60899
        },
        "2013-09": {
            "month": "2013-09",
            "price": "6.49",
            "revenue": 51883
        },
        "2013-10": {
            "month": "2013-10",
            "price": "5.75",
            "revenue": 53441
        },
        "2013-11": {
            "month": "2013-11",
            "price": "9.33",
            "revenue": 60266
        },
        "2013-12": {
            "month": "2013-12",
            "price": "15.82",
            "revenue": 67310
        },
        "2014-01": {
            "month": "2014-01",
            "price": "16.03",
            "revenue": 58335
        },
        "2014-02": {
            "month": "2014-02",
            "price": "16.63",
            "revenue": 46771
        },
        "2014-03": {
            "month": "2014-03",
            "price": "17.46",
            "revenue": 63572
        },
        "2014-04": {
            "month": "2014-04",
            "price": "17.55",
            "revenue": 76606
        },
        "2014-05": {
            "month": "2014-05",
            "price": "17.40",
            "revenue": 90664
        },
        "2014-06": {
            "month": "2014-06",
            "price": "18.29",
            "revenue": 73350
        },
        "2014-07": {
            "month": "2014-07",
            "price": "16.69",
            "revenue": 103003
        },
        "2014-08": {
            "month": "2014-08",
            "price": "17.12",
            "revenue": 105492
        },
        "2014-09": {
            "month": "2014-09",
            "price": "17.73",
            "revenue": 103829
        },
        "2014-10": {
            "month": "2014-10",
            "price": "19.13",
            "revenue": 126751
        },
        "2014-11": {
            "month": "2014-11",
            "price": "19.44",
            "revenue": 122318
        },
        "2014-12": {
            "month": "2014-12",
            "price": "21.31",
            "revenue": 132413
        },
        "2015-01": {
            "month": "2015-01",
            "price": "21.18",
            "revenue": 120374
        },
        "2015-02": {
            "month": "2015-02",
            "price": "20.69",
            "revenue": 81698
        },
        "2015-03": {
            "month": "2015-03",
            "price": "20.44",
            "revenue": 95893
        },
        "2015-04": {
            "month": "2015-04",
            "price": "29.95",
            "revenue": 97029
        },
        "2015-05": {
            "month": "2015-05",
            "price": "34.50",
            "revenue": 107208
        },
        "2015-06": {
            "month": "2015-06",
            "price": "40.20",
            "revenue": 100700
        },
        "2015-07": {
            "month": "2015-07",
            "price": "45.39",
            "revenue": 97557
        },
        "2015-08": {
            "month": "2015-08",
            "price": "39.52",
            "revenue": 80371
        },
        "2015-09": {
            "month": "2015-09",
            "price": "37.48",
            "revenue": 89020
        },
        "2015-10": {
            "month": "2015-10",
            "price": "35.90",
            "revenue": 91336
        },
        "2015-11": {
            "month": "2015-11",
            "price": "31.10",
            "revenue": 75699
        },
        "2015-12": {
            "month": "2015-12",
            "price": "23.20",
            "revenue": 80108
        },
        "2016-01": {
            "month": "2016-01",
            "price": "23.24",
            "revenue": 74591
        },
        "2016-02": {
            "month": "2016-02",
            "price": "22.96",
            "revenue": 51878
        },
        "2016-03": {
            "month": "2016-03",
            "price": "25.84",
            "revenue": 76720
        },
        "2016-04": {
            "month": "2016-04",
            "price": "29.14",
            "revenue": 92763
        },
        "2016-05": {
            "month": "2016-05",
            "price": "29.43",
            "revenue": 71143
        },
        "2016-06": {
            "month": "2016-06",
            "price": "35.82",
            "revenue": 65162
        },
        "2016-07": {
            "month": "2016-07",
            "price": "39.63",
            "revenue": 83911
        },
        "2016-08": {
            "month": "2016-08",
            "price": "39.57",
            "revenue": 99128
        },
        "2016-09": {
            "month": "2016-09",
            "price": "39.55",
            "revenue": 80797
        },
        "2016-10": {
            "month": "2016-10",
            "price": "37.90",
            "revenue": 94576
        },
        "2016-11": {
            "month": "2016-11",
            "price": "32.81",
            "revenue": 86385
        },
        "2016-12": {
            "month": "2016-12",
            "price": "28.56",
            "revenue": 64190
        },
        "2017-01": {
            "month": "2017-01",
            "price": "28.71",
            "revenue": 72530
        },
        "2017-02": {
            "month": "2017-02",
            "price": "28.80",
            "revenue": 65113
        },
        "2017-03": {
            "month": "2017-03",
            "price": "27.54",
            "revenue": 75927
        },
        "2017-04": {
            "month": "2017-04",
            "price": "28.05",
            "revenue": 60356
        },
        "2017-05": {
            "month": "2017-05",
            "price": "36.33",
            "revenue": 66137
        },
        "2017-06": {
            "month": "2017-06",
            "price": "34.34",
            "revenue": 68376
        },
        "2017-07": {
            "month": "2017-07",
            "price": "32.48",
            "revenue": 63023
        },
        "2017-08": {
            "month": "2017-08",
            "price": "30.19",
            "revenue": 68623
        },
        "2017-09": {
            "month": "2017-09",
            "price": "26.98",
            "revenue": 65138
        },
        "2017-10": {
            "month": "2017-10",
            "price": "22.49",
            "revenue": 59220
        },
        "2017-11": {
            "month": "2017-11",
            "price": "21.63",
            "revenue": 65200
        },
        "2017-12": {
            "month": "2017-12",
            "price": "20.82",
            "revenue": 61670
        },
        "2018-01": {
            "month": "2018-01",
            "price": "19.45",
            "revenue": 65402
        },
        "2018-02": {
            "month": "2018-02",
            "price": "18.10",
            "revenue": 40369
        },
        "2018-03": {
            "month": "2018-03",
            "price": "18.72",
            "revenue": 74634
        },
        "2018-04": {
            "month": "2018-04",
            "price": "18.86",
            "revenue": 70611
        },
        "2018-05": {
            "month": "2018-05",
            "price": "38.08",
            "revenue": 89774
        },
        "2018-06": {
            "month": "2018-06",
            "price": "49.20",
            "revenue": 77043
        },
        "2018-07": {
            "month": "2018-07",
            "price": "47.83",
            "revenue": 84843
        },
        "2018-08": {
            "month": "2018-08",
            "price": "48.90",
            "revenue": 123368
        },
        "2018-09": {
            "month": "2018-09",
            "price": "48.31",
            "revenue": 91483
        },
        "2018-10": {
            "month": "2018-10",
            "price": "47.50",
            "revenue": 105423
        },
        "2018-11": {
            "month": "2018-11",
            "price": "44.13",
            "revenue": 98571
        },
        "2018-12": {
            "month": "2018-12",
            "price": "44.75",
            "revenue": 98919
        },
        "2019-01": {
            "month": "2019-01",
            "price": "41.42",
            "revenue": 128319
        },
        "2019-02": {
            "month": "2019-02",
            "price": "40.11",
            "revenue": 71726
        },
        "2019-03": {
            "month": "2019-03",
            "price": "43.98",
            "revenue": 105962
        },
        "2019-04": {
            "month": "2019-04",
            "price": "43.22",
            "revenue": 95387
        },
        "2019-05": {
            "month": "2019-05",
            "price": "41.38",
            "revenue": 97461
        },
        "2019-06": {
            "month": "2019-06",
            "price": "41.16",
            "revenue": 85004
        },
        "2019-07": {
            "month": "2019-07",
            "price": "39.61",
            "revenue": 98013
        },
        "2019-08": {
            "month": "2019-08",
            "price": "37.58",
            "revenue": 102771
        },
        "2019-09": {
            "month": "2019-09",
            "price": "34.11",
            "revenue": 102292
        },
        "2019-10": {
            "month": "2019-10",
            "price": "33.46",
            "revenue": 174051
        },
        "2019-11": {
            "month": "2019-11",
            "price": "37.16",
            "revenue": 172377
        },
        "2019-12": {
            "month": "2019-12",
            "price": "39.69",
            "revenue": 152578
        },
        "2020-01": {
            "month": "2020-01",
            "price": "37.54",
            "revenue": 155055
        },
        "2020-02": {
            "month": "2020-02",
            "price": "31.01",
            "revenue": 125143
        },
        "2020-03": {
            "month": "2020-03",
            "price": "23.21",
            "revenue": 151708
        },
        "2020-04": {
            "month": "2020-04",
            "price": "25.10",
            "revenue": 159808
        },
        "2020-05": {
            "month": "2020-05",
            "price": "22.39",
            "revenue": 173138
        },
        "2020-06": {
            "month": "2020-06",
            "price": "32.07",
            "revenue": 192786
        },
        "2020-07": {
            "month": "2020-07",
            "price": "42.02",
            "revenue": 194761
        },
        "2020-08": {
            "month": "2020-08",
            "price": "44.74",
            "revenue": 195722
        },
        "2020-09": {
            "month": "2020-09",
            "price": "40.40",
            "revenue": 178730
        },
        "2020-10": {
            "month": "2020-10",
            "price": "37.70",
            "revenue": 189814
        },
        "2020-11": {
            "month": "2020-11",
            "price": "34.35",
            "revenue": 157378
        },
        "2020-12": {
            "month": "2020-12",
            "price": "33.92",
            "revenue": 203718
        },
        "2021-01": {
            "month": "2021-01",
            "price": "31.10",
            "revenue": 232028
        },
        "2021-02": {
            "month": "2021-02",
            "price": "31.37",
            "revenue": 184702
        },
        "2021-03": {
            "month": "2021-03",
            "price": "31.00",
            "revenue": 212866
        },
        "2021-04": {
            "month": "2021-04",
            "price": "33.78",
            "revenue": 227780
        },
        "2021-05": {
            "month": "2021-05",
            "price": "33.88",
            "revenue": 229521
        },
        "2021-06": {
            "month": "2021-06",
            "price": "33.01",
            "revenue": 238033
        },
        "2021-07": {
            "month": "2021-07",
            "price": "38.11",
            "revenue": 241347
        },
        "2021-08": {
            "month": "2021-08",
            "price": "53.83",
            "revenue": 242327
        },
        "2021-09": {
            "month": "2021-09",
            "price": "77.08",
            "revenue": 215937
        },
        "2021-10": {
            "month": "2021-10",
            "price": "117.58",
            "revenue": 217908
        },
        "2021-11": {
            "month": "2021-11",
            "price": "114.59",
            "revenue": 240817
        },
        "2021-12": {
            "month": "2021-12",
            "price": "106.91",
            "revenue": 240294
        },
        "2022-01": {
            "month": "2022-01",
            "price": "103.50",
            "revenue": 272952
        },
        "2022-02": {
            "month": "2022-02",
            "price": "133.50",
            "revenue": 202703
        },
        "2022-03": {
            "month": "2022-03",
            "price": "139.22",
            "revenue": 258002
        },
        "2022-04": {
            "month": "2022-04",
            "price": "138.03",
            "revenue": 212073
        },
        "2022-05": {
            "month": "2022-05",
            "price": "126.26",
            "revenue": 336618
        },
        "2022-06": {
            "month": "2022-06",
            "price": "116.16",
            "revenue": 241371
        },
        "2022-07": {
            "month": "2022-07",
            "price": "85.14",
            "revenue": 285883
        },
        "2022-08": {
            "month": "2022-08",
            "price": "83.82",
            "revenue": 251483
        },
        "2022-09": {
            "month": "2022-09",
            "price": "81.40",
            "revenue": 281959
        },
        "2022-10": {
            "month": "2022-10",
            "price": "63.84",
            "revenue": 241880
        },
        "2022-11": {
            "month": "2022-11",
            "price": "67.14",
            "revenue": 253799
        },
        "2022-12": {
            "month": "2022-12",
            "price": "65.46",
            "revenue": 334490
        },
        "2023-01": {
            "month": "2023-01",
            "price": "78.85",
            "revenue": 292359
        },
        "2023-02": {
            "month": "2023-02",
            "price": "88.17",
            "revenue": 222629
        },
        "2023-03": {
            "month": "2023-03",
            "price": "87.51",
            "revenue": 296813
        },
        "2023-04": {
            "month": "2023-04",
            "price": "90.36",
            "revenue": 315244
        },
        "2023-05": {
            "month": "2023-05",
            "price": "105.41",
            "revenue": 316098
        }
    }
}
