{
    "summary": {
        "stock_name": "士開",
        "stock_id": "5324",
        "category": "建材營造",
        "main_business": "住宅及大樓開發租售業<br>都市更新重建業<br>不動產買賣租賃業",
        "website_url": "http://www.sldc.com.tw",
        "ceo": "林信成",
        "pe_ratio": -12,
        "report_year_from": 2001,
        "report_year_to": 2023,
        "age": 22,
        "eps_negative_percentage": 81,
        "eps_growth_avg": {
            "last_all": -51.74,
            "last_2y": -100,
            "last_4y": -100,
            "last_8y": -100,
            "last_12y": -44.85,
            "last_16y": -44.85,
            "last_20y": -51.74,
            "at_2006_last_3y": null,
            "at_2007_last_3y": null,
            "at_2008_last_3y": null,
            "at_2009_last_3y": null,
            "at_2010_last_3y": null,
            "at_2011_last_3y": 10.07,
            "at_2012_last_3y": -6.96,
            "at_2013_last_3y": 28.69,
            "at_2014_last_3y": -3.48,
            "at_2015_last_3y": -7.99,
            "at_2016_last_3y": 0,
            "at_2017_last_3y": -100,
            "at_2018_last_3y": -100,
            "at_2019_last_3y": -100,
            "at_2020_last_3y": -100,
            "at_2021_last_3y": -100,
            "at_2022_last_3y": -100,
            "at_2023_last_3y": -100,
            "at_2006_last_all": -100,
            "at_2007_last_all": -100,
            "at_2008_last_all": -100,
            "at_2009_last_all": -100,
            "at_2010_last_all": -100,
            "at_2011_last_all": -44.97,
            "at_2012_last_all": -37.97,
            "at_2013_last_all": -3.48,
            "at_2014_last_all": -22.78,
            "at_2015_last_all": -22.78,
            "at_2016_last_all": -22.78,
            "at_2017_last_all": -35.65,
            "at_2018_last_all": -35.65,
            "at_2019_last_all": -44.85,
            "at_2020_last_all": -44.85,
            "at_2021_last_all": -51.74,
            "at_2022_last_all": -51.74,
            "at_2023_last_all": -51.74
        },
        "latest_eps": -0.83,
        "latest_price": 9.87,
        "latest_roe": -12.77,
        "latest_gross_margin": 42.24,
        "latest_equity": 1505719,
        "latest_revenue": 134519,
        "latest_gross_profit": 56825,
        "latest_net_income": -47813,
        "latest_debt_ratio": 82.37,
        "latest_current_ratio": 205.32,
        "latest_account_receivable_turnover_ratio": 8.19,
        "latest_inventory_turnover_ratio": 0.02,
        "latest_reinvestment_rate": null,
        "latest_research_to_sale_ratio": null
    },
    "eps_dividends": {
        "1995": {
            "cash": 0,
            "stock": 1,
            "eps": 0
        },
        "1996": {
            "cash": 0,
            "stock": 3,
            "eps": 0
        },
        "1997": {
            "cash": 0,
            "stock": 1,
            "eps": 0
        },
        "1998": {
            "cash": 0,
            "stock": 1,
            "eps": 0
        },
        "2001": {
            "cash": 0,
            "stock": 0,
            "eps": 0.21
        },
        "2002": {
            "cash": 0,
            "stock": 0,
            "eps": -0.37
        },
        "2003": {
            "cash": 0,
            "stock": 0,
            "eps": -0.65
        },
        "2004": {
            "cash": 0,
            "stock": 0,
            "eps": -1.3
        },
        "2005": {
            "cash": 0,
            "stock": 0,
            "eps": -4.92
        },
        "2006": {
            "cash": 0,
            "stock": 0,
            "eps": -1.27
        },
        "2007": {
            "cash": 0,
            "stock": 0,
            "eps": -0.13
        },
        "2008": {
            "cash": 0,
            "stock": 0,
            "eps": -0.98
        },
        "2009": {
            "cash": 0,
            "stock": 0,
            "eps": -1.5
        },
        "2010": {
            "cash": 0,
            "stock": 0,
            "eps": 4.47
        },
        "2011": {
            "cash": 0,
            "stock": 0,
            "eps": 4.92
        },
        "2012": {
            "cash": 1,
            "stock": 3,
            "eps": 3.74
        },
        "2013": {
            "cash": 1,
            "stock": 2,
            "eps": 15.41
        },
        "2014": {
            "cash": 0,
            "stock": 0,
            "eps": -1.69
        },
        "2015": {
            "cash": 0,
            "stock": 0,
            "eps": -2.68
        },
        "2016": {
            "cash": 0,
            "stock": 0,
            "eps": 0.71
        },
        "2017": {
            "cash": 0,
            "stock": 0,
            "eps": -0.35
        },
        "2018": {
            "cash": 0,
            "stock": 0,
            "eps": 0.03
        },
        "2019": {
            "cash": 0,
            "stock": 0,
            "eps": -0.98
        },
        "2020": {
            "cash": 0,
            "stock": 0,
            "eps": 0.07
        },
        "2021": {
            "cash": 0,
            "stock": 0,
            "eps": -0.68
        },
        "2022": {
            "cash": 0,
            "stock": 0,
            "eps": -0.92
        },
        "2023": {
            "cash": 0,
            "stock": 0,
            "eps": -0.2
        }
    },
    "dividends": {
        "1995-05-29": {
            "cash": 0,
            "stock": 1
        },
        "1996-05-10": {
            "cash": 0,
            "stock": 2.5
        },
        "1997-06-04": {
            "cash": 0,
            "stock": 1
        },
        "1998-06-01": {
            "cash": 0,
            "stock": 1
        },
        "2011-03-31": {
            "cash": 0.3,
            "stock": 0
        },
        "2012-06-05": {
            "cash": 1,
            "stock": 3
        },
        "2013-06-13": {
            "cash": 1,
            "stock": 2
        }
    },
    "prices": {
        "200101": "9.63",
        "200102": "10.59",
        "200103": "10.35",
        "200104": "11.15",
        "200105": "9.41",
        "200106": "7.78",
        "200107": "5.88",
        "200108": "4.62",
        "200109": "3.49",
        "200110": "3.14",
        "200111": "4.18",
        "200112": "6.42",
        "200201": "11.00",
        "200202": "9.80",
        "200203": "10.40",
        "200204": "11.12",
        "200205": "8.86",
        "200206": "8.02",
        "200207": "7.09",
        "200208": "6.41",
        "200209": "5.80",
        "200210": "5.38",
        "200211": "5.33",
        "200212": "5.00",
        "200301": "5.39",
        "200302": "5.03",
        "200303": "4.66",
        "200304": "4.27",
        "200305": "3.63",
        "200306": "4.81",
        "200307": "5.08",
        "200308": "4.52",
        "200309": "4.03",
        "200310": "4.13",
        "200311": "4.62",
        "200312": "4.74",
        "200401": "6.38",
        "200402": "6.49",
        "200403": "6.29",
        "200404": "7.58",
        "200405": "6.05",
        "200406": "5.41",
        "200407": "4.81",
        "200408": "4.34",
        "200409": "3.94",
        "200410": "3.62",
        "200411": "3.19",
        "200412": "2.99",
        "200501": "2.80",
        "200502": "2.69",
        "200503": "2.88",
        "200504": "2.50",
        "200505": "1.96",
        "200506": "2.34",
        "200507": "2.49",
        "200508": "2.02",
        "200509": "0.99",
        "200510": "0.79",
        "200511": "0.70",
        "200512": "0.71",
        "200601": "0.80",
        "200602": "0.85",
        "200603": "0.79",
        "200604": "0.76",
        "200605": "0.94",
        "200606": "1.12",
        "200607": "0.88",
        "200608": "0.86",
        "200609": "0.76",
        "200610": "0.68",
        "200611": "0.71",
        "200612": "0.91",
        "200701": "1.00",
        "200702": "0.88",
        "200703": "1.38",
        "200704": "1.23",
        "200705": "1.10",
        "200706": "1.34",
        "200707": "1.66",
        "200708": "3.37",
        "200709": "3.06",
        "200710": "2.67",
        "200711": "2.72",
        "200712": "2.84",
        "200801": "2.76",
        "200802": "3.21",
        "200803": "3.83",
        "200804": "8.11",
        "200805": "6.80",
        "200806": "5.72",
        "200807": "3.41",
        "200808": "3.87",
        "200809": "3.26",
        "200810": "2.88",
        "200811": "11.93",
        "200812": "9.72",
        "200901": "9.32",
        "200902": "9.62",
        "200903": "10.07",
        "200904": "13.97",
        "200905": "15.12",
        "200906": "17.18",
        "200907": "16.80",
        "200908": "17.33",
        "200909": "19.84",
        "200910": "26.17",
        "200911": "24.44",
        "200912": "29.38",
        "201001": "28.85",
        "201002": "28.72",
        "201003": "30.75",
        "201004": "30.51",
        "201005": "29.54",
        "201006": "28.10",
        "201007": "28.51",
        "201008": "37.98",
        "201009": "38.02",
        "201010": "35.95",
        "201011": "36.72",
        "201012": "38.26",
        "201101": "39.28",
        "201102": "47.35",
        "201103": "42.61",
        "201104": "39.97",
        "201105": "39.94",
        "201106": "39.60",
        "201107": "39.36",
        "201108": "39.07",
        "201109": "38.28",
        "201110": "39.74",
        "201111": "38.52",
        "201112": "33.55",
        "201201": "33.29",
        "201202": "34.10",
        "201203": "39.12",
        "201204": "39.65",
        "201205": "39.78",
        "201206": "39.19",
        "201207": "39.30",
        "201208": "38.99",
        "201209": "32.75",
        "201210": "31.54",
        "201211": "31.47",
        "201212": "31.47",
        "201301": "32.15",
        "201302": "32.63",
        "201303": "37.00",
        "201304": "41.28",
        "201305": "56.96",
        "201306": "65.59",
        "201307": "56.88",
        "201308": "57.05",
        "201309": "54.11",
        "201310": "44.34",
        "201311": "39.52",
        "201312": "41.03",
        "201401": "39.32",
        "201402": "39.79",
        "201403": "39.56",
        "201404": "37.48",
        "201405": "27.43",
        "201406": "23.88",
        "201407": "19.72",
        "201408": "16.68",
        "201409": "15.87",
        "201410": "13.54",
        "201411": "14.42",
        "201412": "15.69",
        "201501": "16.55",
        "201502": "15.68",
        "201503": "14.94",
        "201504": "13.92",
        "201505": "12.99",
        "201506": "10.30",
        "201507": "10.09",
        "201508": "9.93",
        "201509": "10.30",
        "201510": "11.86",
        "201511": "10.97",
        "201512": "10.19",
        "201601": "9.52",
        "201602": "9.70",
        "201603": "9.79",
        "201604": "9.71",
        "201605": "9.78",
        "201606": "10.14",
        "201607": "11.94",
        "201608": "11.52",
        "201609": "11.24",
        "201610": "11.56",
        "201611": "11.55",
        "201612": "11.74",
        "201701": "11.93",
        "201702": "12.06",
        "201703": "11.96",
        "201704": "11.57",
        "201705": "11.70",
        "201706": "11.45",
        "201707": "11.30",
        "201708": "10.67",
        "201709": "10.29",
        "201710": "10.36",
        "201711": "10.03",
        "201712": "9.80",
        "201801": "9.84",
        "201802": "9.88",
        "201803": "11.20",
        "201804": "11.95",
        "201805": "13.30",
        "201806": "16.09",
        "201807": "13.62",
        "201808": "15.43",
        "201809": "15.87",
        "201810": "13.75",
        "201811": "11.66",
        "201812": "10.60",
        "201901": "10.10",
        "201902": "10.73",
        "201903": "10.45",
        "201904": "10.55",
        "201905": "10.39",
        "201906": "10.31",
        "201907": "10.18",
        "201908": "9.97",
        "201909": "9.87",
        "201910": "9.91",
        "201911": "9.84",
        "201912": "9.88",
        "202001": "9.55",
        "202002": "9.35",
        "202003": "7.83",
        "202004": "7.65",
        "202005": "8.23",
        "202006": "7.95",
        "202007": "8.01",
        "202008": "8.74",
        "202009": "10.39",
        "202010": "10.41",
        "202011": "11.85",
        "202012": "11.24",
        "202101": "10.54",
        "202102": "10.77",
        "202103": "10.38",
        "202104": "10.56",
        "202105": "10.16",
        "202106": "9.96",
        "202107": "9.78",
        "202108": "9.81",
        "202109": "9.65",
        "202110": "9.33",
        "202111": "9.53",
        "202112": "9.56",
        "202201": "9.53",
        "202202": "9.52",
        "202203": "9.35",
        "202204": "9.24",
        "202205": "9.43",
        "202206": "9.17",
        "202207": "8.93",
        "202208": "9.18",
        "202209": "9.15",
        "202210": "8.85",
        "202211": "8.60",
        "202212": "8.46",
        "202301": "8.38",
        "202302": "8.53",
        "202303": "9.18",
        "202304": "9.04",
        "202305": "9.26"
    },
    "quarters": {
        "20011": {
            "year_quarter": 20011,
            "year": 2001,
            "quarter": 1,
            "eps": 0.08,
            "eps_growth_year": 700,
            "eps_4q": 0.33,
            "eps_4q_growth_year": null,
            "roe": 0.75,
            "gross_profit": 49791,
            "gross_margin": 21.1,
            "net_income": 7549,
            "revenue": 235991,
            "common_shares": 1000000,
            "equity": 919669,
            "current_ratio": 188.44,
            "debt_ratio": 37.65,
            "inventory_turnover_ratio": 0.31,
            "account_receivable_turnover_ratio": null,
            "reinvestment_rate": null,
            "research_to_sale_ratio": null,
            "price_fair": 0,
            "eps_avg_yearly": 0,
            "eps_latest_yearly": 0,
            "eps_growth_yearly": 0
        },
        "20012": {
            "year_quarter": 20012,
            "year": 2001,
            "quarter": 2,
            "eps": -0.01,
            "eps_growth_year": -112.5,
            "eps_4q": 0.22,
            "eps_4q_growth_year": null,
            "roe": -0.14,
            "gross_profit": 41026,
            "gross_margin": 19.1,
            "net_income": -1319,
            "revenue": 214804,
            "common_shares": 1000000,
            "equity": 924145,
            "current_ratio": 178.38,
            "debt_ratio": 39.48,
            "inventory_turnover_ratio": 0.27,
            "account_receivable_turnover_ratio": null,
            "reinvestment_rate": null,
            "research_to_sale_ratio": null,
            "price_fair": 0,
            "eps_avg_yearly": 0,
            "eps_latest_yearly": 0,
            "eps_growth_yearly": 0
        },
        "20013": {
            "year_quarter": 20013,
            "year": 2001,
            "quarter": 3,
            "eps": 0.06,
            "eps_growth_year": -25,
            "eps_4q": 0.2,
            "eps_4q_growth_year": -29.28,
            "roe": 0.66,
            "gross_profit": 53706,
            "gross_margin": 18.9,
            "net_income": 6096,
            "revenue": 284163,
            "common_shares": 1000000,
            "equity": 930945,
            "current_ratio": 172.65,
            "debt_ratio": 39.54,
            "inventory_turnover_ratio": 0.37,
            "account_receivable_turnover_ratio": null,
            "reinvestment_rate": null,
            "research_to_sale_ratio": null,
            "price_fair": 0,
            "eps_avg_yearly": 0,
            "eps_latest_yearly": 0,
            "eps_growth_yearly": 0
        },
        "20014": {
            "year_quarter": 20014,
            "year": 2001,
            "quarter": 4,
            "eps": 0.08,
            "eps_growth_year": 0,
            "eps_4q": 0.2,
            "eps_4q_growth_year": -18.38,
            "roe": 0.84,
            "gross_profit": 58145,
            "gross_margin": 18.96,
            "net_income": 8345,
            "revenue": 306681,
            "common_shares": 1000000,
            "equity": 1056009,
            "current_ratio": 138.07,
            "debt_ratio": 46.99,
            "inventory_turnover_ratio": 0.4,
            "account_receivable_turnover_ratio": null,
            "reinvestment_rate": null,
            "research_to_sale_ratio": null,
            "price_fair": 0,
            "eps_avg_yearly": 0,
            "eps_latest_yearly": 0,
            "eps_growth_yearly": 0
        },
        "20021": {
            "year_quarter": 20021,
            "year": 2002,
            "quarter": 1,
            "eps": 0.05,
            "eps_growth_year": -37.5,
            "eps_4q": 0.19,
            "eps_4q_growth_year": -42.38,
            "roe": 0.47,
            "gross_profit": 50735,
            "gross_margin": 21.73,
            "net_income": 4661,
            "revenue": 233532,
            "common_shares": 1000000,
            "equity": 937729,
            "current_ratio": 184.24,
            "debt_ratio": 36.58,
            "inventory_turnover_ratio": 0.3,
            "account_receivable_turnover_ratio": null,
            "reinvestment_rate": null,
            "research_to_sale_ratio": null,
            "price_fair": 0.6,
            "eps_avg_yearly": 0.2,
            "eps_latest_yearly": 0.2,
            "eps_growth_yearly": -150
        },
        "20022": {
            "year_quarter": 20022,
            "year": 2002,
            "quarter": 2,
            "eps": -0.03,
            "eps_growth_year": null,
            "eps_4q": 0.17,
            "eps_4q_growth_year": -24.85,
            "roe": -0.27,
            "gross_profit": 54110,
            "gross_margin": 19.4,
            "net_income": -2551,
            "revenue": 278853,
            "common_shares": 1000000,
            "equity": 926220,
            "current_ratio": 184.72,
            "debt_ratio": 36.89,
            "inventory_turnover_ratio": 0.4,
            "account_receivable_turnover_ratio": null,
            "reinvestment_rate": null,
            "research_to_sale_ratio": null,
            "price_fair": 0.6,
            "eps_avg_yearly": 0.2,
            "eps_latest_yearly": 0.2,
            "eps_growth_yearly": -150
        },
        "20023": {
            "year_quarter": 20023,
            "year": 2002,
            "quarter": 3,
            "eps": -0.04,
            "eps_growth_year": -166.67,
            "eps_4q": 0.06,
            "eps_4q_growth_year": -69.45,
            "roe": -0.46,
            "gross_profit": 34875,
            "gross_margin": 13.39,
            "net_income": -4299,
            "revenue": 260524,
            "common_shares": 1000000,
            "equity": 934132,
            "current_ratio": 174.67,
            "debt_ratio": 38.12,
            "inventory_turnover_ratio": 0.41,
            "account_receivable_turnover_ratio": null,
            "reinvestment_rate": null,
            "research_to_sale_ratio": null,
            "price_fair": 0.6,
            "eps_avg_yearly": 0.2,
            "eps_latest_yearly": 0.2,
            "eps_growth_yearly": -150
        },
        "20024": {
            "year_quarter": 20024,
            "year": 2002,
            "quarter": 4,
            "eps": -0.35,
            "eps_growth_year": -537.5,
            "eps_4q": -0.25,
            "eps_4q_growth_year": -227.21,
            "roe": -3.62,
            "gross_profit": 36309,
            "gross_margin": 15.41,
            "net_income": -34720,
            "revenue": 235590,
            "common_shares": 1000000,
            "equity": 982044,
            "current_ratio": 122.68,
            "debt_ratio": 52.24,
            "inventory_turnover_ratio": 0.35,
            "account_receivable_turnover_ratio": null,
            "reinvestment_rate": null,
            "research_to_sale_ratio": null,
            "price_fair": 0.6,
            "eps_avg_yearly": 0.2,
            "eps_latest_yearly": 0.2,
            "eps_growth_yearly": -150
        },
        "20031": {
            "year_quarter": 20031,
            "year": 2003,
            "quarter": 1,
            "eps": -0.13,
            "eps_growth_year": -360,
            "eps_4q": -0.53,
            "eps_4q_growth_year": -378.13,
            "roe": -1.45,
            "gross_profit": 38126,
            "gross_margin": 15.96,
            "net_income": -13491,
            "revenue": 238858,
            "common_shares": 1000000,
            "equity": 873157,
            "current_ratio": 170.67,
            "debt_ratio": 39.94,
            "inventory_turnover_ratio": 0.35,
            "account_receivable_turnover_ratio": null,
            "reinvestment_rate": null,
            "research_to_sale_ratio": null,
            "price_fair": 0.6,
            "eps_avg_yearly": 0.2,
            "eps_latest_yearly": 0.2,
            "eps_growth_yearly": -150
        },
        "20032": {
            "year_quarter": 20032,
            "year": 2003,
            "quarter": 2,
            "eps": -0.17,
            "eps_growth_year": null,
            "eps_4q": -0.7,
            "eps_4q_growth_year": -520.26,
            "roe": -1.97,
            "gross_profit": 38216,
            "gross_margin": 16.35,
            "net_income": -17048,
            "revenue": 233681,
            "common_shares": 1000000,
            "equity": 855020,
            "current_ratio": 171.3,
            "debt_ratio": 40.56,
            "inventory_turnover_ratio": 0.34,
            "account_receivable_turnover_ratio": null,
            "reinvestment_rate": null,
            "research_to_sale_ratio": null,
            "price_fair": 0.6,
            "eps_avg_yearly": 0.2,
            "eps_latest_yearly": 0.2,
            "eps_growth_yearly": -150
        },
        "20033": {
            "year_quarter": 20033,
            "year": 2003,
            "quarter": 3,
            "eps": -0.14,
            "eps_growth_year": null,
            "eps_4q": -0.79,
            "eps_4q_growth_year": -1384.97,
            "roe": -1.64,
            "gross_profit": 50542,
            "gross_margin": 17.43,
            "net_income": -13844,
            "revenue": 290035,
            "common_shares": 1000000,
            "equity": 835454,
            "current_ratio": 173.59,
            "debt_ratio": 40.77,
            "inventory_turnover_ratio": 0.41,
            "account_receivable_turnover_ratio": null,
            "reinvestment_rate": null,
            "research_to_sale_ratio": null,
            "price_fair": 0.6,
            "eps_avg_yearly": 0.2,
            "eps_latest_yearly": 0.2,
            "eps_growth_yearly": -150
        },
        "20034": {
            "year_quarter": 20034,
            "year": 2003,
            "quarter": 4,
            "eps": -0.21,
            "eps_growth_year": null,
            "eps_4q": -0.47,
            "eps_4q_growth_year": null,
            "roe": -2.41,
            "gross_profit": 45244,
            "gross_margin": 17.05,
            "net_income": -20588,
            "revenue": 265401,
            "common_shares": 1000000,
            "equity": 874597,
            "current_ratio": 99.49,
            "debt_ratio": 57.48,
            "inventory_turnover_ratio": 0.38,
            "account_receivable_turnover_ratio": null,
            "reinvestment_rate": null,
            "research_to_sale_ratio": null,
            "price_fair": 0.6,
            "eps_avg_yearly": 0.2,
            "eps_latest_yearly": 0.2,
            "eps_growth_yearly": -150
        },
        "20041": {
            "year_quarter": 20041,
            "year": 2004,
            "quarter": 1,
            "eps": -0.04,
            "eps_growth_year": null,
            "eps_4q": -0.57,
            "eps_4q_growth_year": null,
            "roe": -0.47,
            "gross_profit": 51378,
            "gross_margin": 19.93,
            "net_income": -3906,
            "revenue": 257756,
            "common_shares": 1000000,
            "equity": 799741,
            "current_ratio": 185.57,
            "debt_ratio": 40.32,
            "inventory_turnover_ratio": 0.36,
            "account_receivable_turnover_ratio": null,
            "reinvestment_rate": null,
            "research_to_sale_ratio": null,
            "price_fair": 0.6,
            "eps_avg_yearly": 0.2,
            "eps_latest_yearly": 0.2,
            "eps_growth_yearly": -150
        },
        "20042": {
            "year_quarter": 20042,
            "year": 2004,
            "quarter": 2,
            "eps": -0.12,
            "eps_growth_year": null,
            "eps_4q": -0.5,
            "eps_4q_growth_year": null,
            "roe": -1.45,
            "gross_profit": 58535,
            "gross_margin": 21.06,
            "net_income": -11556,
            "revenue": 277958,
            "common_shares": 1000000,
            "equity": 792815,
            "current_ratio": 184.59,
            "debt_ratio": 40.98,
            "inventory_turnover_ratio": 0.39,
            "account_receivable_turnover_ratio": null,
            "reinvestment_rate": null,
            "research_to_sale_ratio": null,
            "price_fair": 0.6,
            "eps_avg_yearly": 0.2,
            "eps_latest_yearly": 0.2,
            "eps_growth_yearly": -150
        },
        "20043": {
            "year_quarter": 20043,
            "year": 2004,
            "quarter": 3,
            "eps": -0.17,
            "eps_growth_year": null,
            "eps_4q": -0.53,
            "eps_4q_growth_year": null,
            "roe": -2.16,
            "gross_profit": 50739,
            "gross_margin": 19.89,
            "net_income": -16988,
            "revenue": 255088,
            "common_shares": 1000000,
            "equity": 776557,
            "current_ratio": 188.44,
            "debt_ratio": 40.16,
            "inventory_turnover_ratio": 0.36,
            "account_receivable_turnover_ratio": null,
            "reinvestment_rate": null,
            "research_to_sale_ratio": null,
            "price_fair": 0.6,
            "eps_avg_yearly": 0.2,
            "eps_latest_yearly": 0.2,
            "eps_growth_yearly": -150
        },
        "20044": {
            "year_quarter": 20044,
            "year": 2004,
            "quarter": 4,
            "eps": -0.97,
            "eps_growth_year": null,
            "eps_4q": -1.14,
            "eps_4q_growth_year": null,
            "roe": -13.05,
            "gross_profit": 15150,
            "gross_margin": 8.48,
            "net_income": -96829,
            "revenue": 178621,
            "common_shares": 1000000,
            "equity": 707898,
            "current_ratio": 94.43,
            "debt_ratio": 61.63,
            "inventory_turnover_ratio": 0.3,
            "account_receivable_turnover_ratio": null,
            "reinvestment_rate": null,
            "research_to_sale_ratio": null,
            "price_fair": 0.6,
            "eps_avg_yearly": 0.2,
            "eps_latest_yearly": 0.2,
            "eps_growth_yearly": -150
        },
        "20051": {
            "year_quarter": 20051,
            "year": 2005,
            "quarter": 1,
            "eps": -1.33,
            "eps_growth_year": null,
            "eps_4q": -2.58,
            "eps_4q_growth_year": null,
            "roe": -21.47,
            "gross_profit": 26441,
            "gross_margin": 16.08,
            "net_income": -133125,
            "revenue": 164460,
            "common_shares": 1000000,
            "equity": 532409,
            "current_ratio": 195.12,
            "debt_ratio": 43.7,
            "inventory_turnover_ratio": 0.27,
            "account_receivable_turnover_ratio": null,
            "reinvestment_rate": null,
            "research_to_sale_ratio": null,
            "price_fair": 0.6,
            "eps_avg_yearly": 0.2,
            "eps_latest_yearly": 0.2,
            "eps_growth_yearly": -150
        },
        "20052": {
            "year_quarter": 20052,
            "year": 2005,
            "quarter": 2,
            "eps": -2.23,
            "eps_growth_year": null,
            "eps_4q": -4.7,
            "eps_4q_growth_year": null,
            "roe": -53.25,
            "gross_profit": 26950,
            "gross_margin": 14.68,
            "net_income": -223145,
            "revenue": 183645,
            "common_shares": 1000000,
            "equity": 305718,
            "current_ratio": 149.68,
            "debt_ratio": 54.02,
            "inventory_turnover_ratio": 0.44,
            "account_receivable_turnover_ratio": null,
            "reinvestment_rate": null,
            "research_to_sale_ratio": null,
            "price_fair": 0.6,
            "eps_avg_yearly": 0.2,
            "eps_latest_yearly": 0.2,
            "eps_growth_yearly": -150
        },
        "20053": {
            "year_quarter": 20053,
            "year": 2005,
            "quarter": 3,
            "eps": -0.02,
            "eps_growth_year": null,
            "eps_4q": -4.56,
            "eps_4q_growth_year": null,
            "roe": -0.78,
            "gross_profit": 25739,
            "gross_margin": 13.37,
            "net_income": -2425,
            "revenue": 192544,
            "common_shares": 1000000,
            "equity": 313449,
            "current_ratio": 151.98,
            "debt_ratio": 51.94,
            "inventory_turnover_ratio": 0.74,
            "account_receivable_turnover_ratio": null,
            "reinvestment_rate": null,
            "research_to_sale_ratio": null,
            "price_fair": 0.6,
            "eps_avg_yearly": 0.2,
            "eps_latest_yearly": 0.2,
            "eps_growth_yearly": -150
        },
        "20054": {
            "year_quarter": 20054,
            "year": 2005,
            "quarter": 4,
            "eps": -1.34,
            "eps_growth_year": null,
            "eps_4q": -4.56,
            "eps_4q_growth_year": null,
            "roe": -54.52,
            "gross_profit": -50126,
            "gross_margin": -28.81,
            "net_income": -133678,
            "revenue": 173981,
            "common_shares": 1000000,
            "equity": 176956,
            "current_ratio": 59.8,
            "debt_ratio": 85.17,
            "inventory_turnover_ratio": 1.13,
            "account_receivable_turnover_ratio": null,
            "reinvestment_rate": null,
            "research_to_sale_ratio": null,
            "price_fair": 0.6,
            "eps_avg_yearly": 0.2,
            "eps_latest_yearly": 0.2,
            "eps_growth_yearly": -150
        },
        "20061": {
            "year_quarter": 20061,
            "year": 2006,
            "quarter": 1,
            "eps": 0.03,
            "eps_growth_year": null,
            "eps_4q": -3.75,
            "eps_4q_growth_year": null,
            "roe": 1.6,
            "gross_profit": 25976,
            "gross_margin": 16.18,
            "net_income": 2854,
            "revenue": 160514,
            "common_shares": 1000000,
            "equity": 179343,
            "current_ratio": 166.67,
            "debt_ratio": 61.8,
            "inventory_turnover_ratio": 0.73,
            "account_receivable_turnover_ratio": null,
            "reinvestment_rate": null,
            "research_to_sale_ratio": null,
            "price_fair": 0,
            "eps_avg_yearly": 0,
            "eps_latest_yearly": 0,
            "eps_growth_yearly": 0
        },
        "20062": {
            "year_quarter": 20062,
            "year": 2006,
            "quarter": 2,
            "eps": -1.06,
            "eps_growth_year": null,
            "eps_4q": -2.39,
            "eps_4q_growth_year": null,
            "roe": -88.26,
            "gross_profit": -19467,
            "gross_margin": -13.65,
            "net_income": -105504,
            "revenue": 142661,
            "common_shares": 1000000,
            "equity": 59730,
            "current_ratio": 156.33,
            "debt_ratio": 85.6,
            "inventory_turnover_ratio": 0.88,
            "account_receivable_turnover_ratio": null,
            "reinvestment_rate": null,
            "research_to_sale_ratio": null,
            "price_fair": 0,
            "eps_avg_yearly": 0,
            "eps_latest_yearly": 0,
            "eps_growth_yearly": 0
        },
        "20063": {
            "year_quarter": 20063,
            "year": 2006,
            "quarter": 3,
            "eps": 0.01,
            "eps_growth_year": null,
            "eps_4q": -2.2,
            "eps_4q_growth_year": null,
            "roe": 1.08,
            "gross_profit": -11459,
            "gross_margin": -7.62,
            "net_income": 678,
            "revenue": 150445,
            "common_shares": 1069444,
            "equity": 65296,
            "current_ratio": 166.59,
            "debt_ratio": 83.19,
            "inventory_turnover_ratio": 0.92,
            "account_receivable_turnover_ratio": null,
            "reinvestment_rate": null,
            "research_to_sale_ratio": null,
            "price_fair": 0,
            "eps_avg_yearly": 0,
            "eps_latest_yearly": 0,
            "eps_growth_yearly": 0
        },
        "20064": {
            "year_quarter": 20064,
            "year": 2006,
            "quarter": 4,
            "eps": -0.25,
            "eps_growth_year": null,
            "eps_4q": -1.24,
            "eps_4q_growth_year": null,
            "roe": -49.53,
            "gross_profit": 9090,
            "gross_margin": 6.39,
            "net_income": -25996,
            "revenue": 142345,
            "common_shares": 1069444,
            "equity": 39678,
            "current_ratio": 117.45,
            "debt_ratio": 89.62,
            "inventory_turnover_ratio": 0.92,
            "account_receivable_turnover_ratio": null,
            "reinvestment_rate": null,
            "research_to_sale_ratio": null,
            "price_fair": 0,
            "eps_avg_yearly": 0,
            "eps_latest_yearly": 0,
            "eps_growth_yearly": 0
        },
        "20071": {
            "year_quarter": 20071,
            "year": 2007,
            "quarter": 1,
            "eps": 0,
            "eps_growth_year": -100,
            "eps_4q": -1.22,
            "eps_4q_growth_year": null,
            "roe": 0.18,
            "gross_profit": 20931,
            "gross_margin": 14.85,
            "net_income": 72,
            "revenue": 140931,
            "common_shares": 1069444,
            "equity": 39022,
            "current_ratio": 180.88,
            "debt_ratio": 85.93,
            "inventory_turnover_ratio": 1.05,
            "account_receivable_turnover_ratio": null,
            "reinvestment_rate": null,
            "research_to_sale_ratio": null,
            "price_fair": 0,
            "eps_avg_yearly": 0,
            "eps_latest_yearly": 0,
            "eps_growth_yearly": 0
        },
        "20072": {
            "year_quarter": 20072,
            "year": 2007,
            "quarter": 2,
            "eps": -0.02,
            "eps_growth_year": null,
            "eps_4q": -0.26,
            "eps_4q_growth_year": null,
            "roe": -6.84,
            "gross_profit": 17151,
            "gross_margin": 10.83,
            "net_income": -2570,
            "revenue": 158323,
            "common_shares": 1069444,
            "equity": 36127,
            "current_ratio": 209.34,
            "debt_ratio": 86.36,
            "inventory_turnover_ratio": 1.34,
            "account_receivable_turnover_ratio": null,
            "reinvestment_rate": null,
            "research_to_sale_ratio": null,
            "price_fair": 0,
            "eps_avg_yearly": 0,
            "eps_latest_yearly": 0,
            "eps_growth_yearly": 0
        },
        "20073": {
            "year_quarter": 20073,
            "year": 2007,
            "quarter": 3,
            "eps": 0.2,
            "eps_growth_year": 1900,
            "eps_4q": -0.06,
            "eps_4q_growth_year": null,
            "roe": 44.97,
            "gross_profit": 17222,
            "gross_margin": 15.03,
            "net_income": 21668,
            "revenue": 114554,
            "common_shares": 1178535,
            "equity": 60248,
            "current_ratio": 145.74,
            "debt_ratio": 78.74,
            "inventory_turnover_ratio": 1.29,
            "account_receivable_turnover_ratio": null,
            "reinvestment_rate": null,
            "research_to_sale_ratio": null,
            "price_fair": 0,
            "eps_avg_yearly": 0,
            "eps_latest_yearly": 0,
            "eps_growth_yearly": 0
        },
        "20074": {
            "year_quarter": 20074,
            "year": 2007,
            "quarter": 4,
            "eps": -0.31,
            "eps_growth_year": null,
            "eps_4q": -0.15,
            "eps_4q_growth_year": null,
            "roe": -24.88,
            "gross_profit": -62321,
            "gross_margin": -86.77,
            "net_income": -38475,
            "revenue": 71825,
            "common_shares": 1928535,
            "equity": 249021,
            "current_ratio": 550.43,
            "debt_ratio": 20.99,
            "inventory_turnover_ratio": 5.37,
            "account_receivable_turnover_ratio": null,
            "reinvestment_rate": null,
            "research_to_sale_ratio": null,
            "price_fair": 0,
            "eps_avg_yearly": 0,
            "eps_latest_yearly": 0,
            "eps_growth_yearly": 0
        },
        "20081": {
            "year_quarter": 20081,
            "year": 2008,
            "quarter": 1,
            "eps": 0.07,
            "eps_growth_year": null,
            "eps_4q": -0.04,
            "eps_4q_growth_year": null,
            "roe": 5.02,
            "gross_profit": 3133,
            "gross_margin": 4.06,
            "net_income": 12770,
            "revenue": 77121,
            "common_shares": 1928535,
            "equity": 259672,
            "current_ratio": 465.98,
            "debt_ratio": 24.15,
            "inventory_turnover_ratio": 1.71,
            "account_receivable_turnover_ratio": null,
            "reinvestment_rate": null,
            "research_to_sale_ratio": null,
            "price_fair": 0,
            "eps_avg_yearly": 0,
            "eps_latest_yearly": 0,
            "eps_growth_yearly": 0
        },
        "20082": {
            "year_quarter": 20082,
            "year": 2008,
            "quarter": 2,
            "eps": -0.1,
            "eps_growth_year": null,
            "eps_4q": -0.12,
            "eps_4q_growth_year": null,
            "roe": -7.85,
            "gross_profit": -22962,
            "gross_margin": -39.39,
            "net_income": -19620,
            "revenue": 58291,
            "common_shares": 1928535,
            "equity": 240277,
            "current_ratio": 147.04,
            "debt_ratio": 40.08,
            "inventory_turnover_ratio": 0.93,
            "account_receivable_turnover_ratio": null,
            "reinvestment_rate": null,
            "research_to_sale_ratio": null,
            "price_fair": 0,
            "eps_avg_yearly": 0,
            "eps_latest_yearly": 0,
            "eps_growth_yearly": 0
        },
        "20083": {
            "year_quarter": 20083,
            "year": 2008,
            "quarter": 3,
            "eps": -0.46,
            "eps_growth_year": -330,
            "eps_4q": -1.26,
            "eps_4q_growth_year": null,
            "roe": -1.67,
            "gross_profit": 77674,
            "gross_margin": 19.38,
            "net_income": -6492,
            "revenue": 400783,
            "common_shares": 475200,
            "equity": 537156,
            "current_ratio": 133.85,
            "debt_ratio": 72.24,
            "inventory_turnover_ratio": 0.54,
            "account_receivable_turnover_ratio": null,
            "reinvestment_rate": null,
            "research_to_sale_ratio": null,
            "price_fair": 0,
            "eps_avg_yearly": 0,
            "eps_latest_yearly": 0,
            "eps_growth_yearly": 0
        },
        "20084": {
            "year_quarter": 20084,
            "year": 2008,
            "quarter": 4,
            "eps": -0.49,
            "eps_growth_year": null,
            "eps_4q": -1.11,
            "eps_4q_growth_year": null,
            "roe": -3.71,
            "gross_profit": 95920,
            "gross_margin": 19.37,
            "net_income": -19112,
            "revenue": 495319,
            "common_shares": 475200,
            "equity": 492680,
            "current_ratio": 135.11,
            "debt_ratio": 71.24,
            "inventory_turnover_ratio": 0.38,
            "account_receivable_turnover_ratio": 10.54,
            "reinvestment_rate": null,
            "research_to_sale_ratio": null,
            "price_fair": 0,
            "eps_avg_yearly": 0,
            "eps_latest_yearly": 0,
            "eps_growth_yearly": 0
        },
        "20091": {
            "year_quarter": 20091,
            "year": 2009,
            "quarter": 1,
            "eps": -0.3,
            "eps_growth_year": -528.57,
            "eps_4q": -1.38,
            "eps_4q_growth_year": null,
            "roe": -2.86,
            "gross_profit": 31618,
            "gross_margin": 26.08,
            "net_income": -13879,
            "revenue": 121255,
            "common_shares": 475200,
            "equity": 479205,
            "current_ratio": 158.8,
            "debt_ratio": 70.87,
            "inventory_turnover_ratio": 0.09,
            "account_receivable_turnover_ratio": 1.21,
            "reinvestment_rate": null,
            "research_to_sale_ratio": null,
            "price_fair": 0,
            "eps_avg_yearly": 0,
            "eps_latest_yearly": 0,
            "eps_growth_yearly": 0
        },
        "20092": {
            "year_quarter": 20092,
            "year": 2009,
            "quarter": 2,
            "eps": -0.51,
            "eps_growth_year": null,
            "eps_4q": -1.47,
            "eps_4q_growth_year": null,
            "roe": -4.98,
            "gross_profit": 28717,
            "gross_margin": 28.2,
            "net_income": -23327,
            "revenue": 101828,
            "common_shares": 475200,
            "equity": 456768,
            "current_ratio": 155.28,
            "debt_ratio": 72.48,
            "inventory_turnover_ratio": 0.07,
            "account_receivable_turnover_ratio": 1.3,
            "reinvestment_rate": null,
            "research_to_sale_ratio": null,
            "price_fair": 0,
            "eps_avg_yearly": 0,
            "eps_latest_yearly": 0,
            "eps_growth_yearly": 0
        },
        "20093": {
            "year_quarter": 20093,
            "year": 2009,
            "quarter": 3,
            "eps": -0.24,
            "eps_growth_year": null,
            "eps_4q": -1.41,
            "eps_4q_growth_year": null,
            "roe": -2.35,
            "gross_profit": 26823,
            "gross_margin": 24.86,
            "net_income": -10612,
            "revenue": 107884,
            "common_shares": 475200,
            "equity": 447935,
            "current_ratio": 156.45,
            "debt_ratio": 72.12,
            "inventory_turnover_ratio": 0.08,
            "account_receivable_turnover_ratio": 1.66,
            "reinvestment_rate": null,
            "research_to_sale_ratio": null,
            "price_fair": 0,
            "eps_avg_yearly": 0,
            "eps_latest_yearly": 0,
            "eps_growth_yearly": 0
        },
        "20094": {
            "year_quarter": 20094,
            "year": 2009,
            "quarter": 4,
            "eps": -0.45,
            "eps_growth_year": null,
            "eps_4q": -1.5,
            "eps_4q_growth_year": null,
            "roe": -5.28,
            "gross_profit": 26895,
            "gross_margin": 25.61,
            "net_income": -23051,
            "revenue": 105003,
            "common_shares": 475200,
            "equity": 425020,
            "current_ratio": 140.01,
            "debt_ratio": 76.44,
            "inventory_turnover_ratio": 0.08,
            "account_receivable_turnover_ratio": 3.33,
            "reinvestment_rate": null,
            "research_to_sale_ratio": null,
            "price_fair": 0,
            "eps_avg_yearly": 0,
            "eps_latest_yearly": 0,
            "eps_growth_yearly": 0
        },
        "20101": {
            "year_quarter": 20101,
            "year": 2010,
            "quarter": 1,
            "eps": -0.19,
            "eps_growth_year": null,
            "eps_4q": -1.39,
            "eps_4q_growth_year": null,
            "roe": -2.12,
            "gross_profit": 24008,
            "gross_margin": 33.88,
            "net_income": -8897,
            "revenue": 70859,
            "common_shares": 475200,
            "equity": 416223,
            "current_ratio": 139.26,
            "debt_ratio": 76.79,
            "inventory_turnover_ratio": 0.05,
            "account_receivable_turnover_ratio": 1.2,
            "reinvestment_rate": null,
            "research_to_sale_ratio": null,
            "price_fair": 0,
            "eps_avg_yearly": 0,
            "eps_latest_yearly": 0,
            "eps_growth_yearly": 0
        },
        "20102": {
            "year_quarter": 20102,
            "year": 2010,
            "quarter": 2,
            "eps": 2.18,
            "eps_growth_year": null,
            "eps_4q": 1.31,
            "eps_4q_growth_year": null,
            "roe": 22.34,
            "gross_profit": 168399,
            "gross_margin": 41.34,
            "net_income": 104532,
            "revenue": 407318,
            "common_shares": 475200,
            "equity": 519770,
            "current_ratio": 141.33,
            "debt_ratio": 74.9,
            "inventory_turnover_ratio": 0.21,
            "account_receivable_turnover_ratio": 6.24,
            "reinvestment_rate": null,
            "research_to_sale_ratio": null,
            "price_fair": 0,
            "eps_avg_yearly": 0,
            "eps_latest_yearly": 0,
            "eps_growth_yearly": 0
        },
        "20103": {
            "year_quarter": 20103,
            "year": 2010,
            "quarter": 3,
            "eps": 0.72,
            "eps_growth_year": null,
            "eps_4q": 2.26,
            "eps_4q_growth_year": null,
            "roe": 6.51,
            "gross_profit": 85908,
            "gross_margin": 41.1,
            "net_income": 34972,
            "revenue": 209038,
            "common_shares": 475200,
            "equity": 555363,
            "current_ratio": 140.89,
            "debt_ratio": 74.61,
            "inventory_turnover_ratio": 0.09,
            "account_receivable_turnover_ratio": 3.34,
            "reinvestment_rate": null,
            "research_to_sale_ratio": null,
            "price_fair": 8.64,
            "eps_avg_yearly": 2.88,
            "eps_latest_yearly": 2.88,
            "eps_growth_yearly": -267.89
        },
        "20104": {
            "year_quarter": 20104,
            "year": 2010,
            "quarter": 4,
            "eps": 1.76,
            "eps_growth_year": null,
            "eps_4q": 4.39,
            "eps_4q_growth_year": null,
            "roe": 14.26,
            "gross_profit": 165355,
            "gross_margin": 39.63,
            "net_income": 86024,
            "revenue": 417248,
            "common_shares": 489609,
            "equity": 651170,
            "current_ratio": 145.31,
            "debt_ratio": 72.27,
            "inventory_turnover_ratio": 0.17,
            "account_receivable_turnover_ratio": 12.66,
            "reinvestment_rate": 90.27,
            "research_to_sale_ratio": null,
            "price_fair": 173.6,
            "eps_avg_yearly": 4.96,
            "eps_latest_yearly": 7.04,
            "eps_growth_yearly": 154.94
        },
        "20111": {
            "year_quarter": 20111,
            "year": 2011,
            "quarter": 1,
            "eps": 0.36,
            "eps_growth_year": null,
            "eps_4q": 4.94,
            "eps_4q_growth_year": null,
            "roe": 2.82,
            "gross_profit": 76851,
            "gross_margin": 40.11,
            "net_income": 18646,
            "revenue": 191618,
            "common_shares": 489609,
            "equity": 669277,
            "current_ratio": 136.71,
            "debt_ratio": 73.81,
            "inventory_turnover_ratio": 0.07,
            "account_receivable_turnover_ratio": 12.27,
            "reinvestment_rate": 156.67,
            "research_to_sale_ratio": null,
            "price_fair": 11.36,
            "eps_avg_yearly": 3.79,
            "eps_latest_yearly": 1.44,
            "eps_growth_yearly": -2.76
        },
        "20112": {
            "year_quarter": 20112,
            "year": 2011,
            "quarter": 2,
            "eps": 1.21,
            "eps_growth_year": -44.51,
            "eps_4q": 4.03,
            "eps_4q_growth_year": 208.26,
            "roe": 8.64,
            "gross_profit": 130336,
            "gross_margin": 44.63,
            "net_income": 59961,
            "revenue": 292013,
            "common_shares": 489609,
            "equity": 718824,
            "current_ratio": 135.84,
            "debt_ratio": 73.91,
            "inventory_turnover_ratio": 0.09,
            "account_receivable_turnover_ratio": 24.79,
            "reinvestment_rate": 100.19,
            "research_to_sale_ratio": null,
            "price_fair": 141.75,
            "eps_avg_yearly": 4.05,
            "eps_latest_yearly": 4.84,
            "eps_growth_yearly": 234.04
        },
        "20113": {
            "year_quarter": 20113,
            "year": 2011,
            "quarter": 3,
            "eps": 0.35,
            "eps_growth_year": -51.92,
            "eps_4q": 3.68,
            "eps_4q_growth_year": 62.76,
            "roe": 1.54,
            "gross_profit": 104106,
            "gross_margin": 40.48,
            "net_income": 11471,
            "revenue": 257164,
            "common_shares": 489609,
            "equity": 774387,
            "current_ratio": 133.14,
            "debt_ratio": 74.44,
            "inventory_turnover_ratio": 0.08,
            "account_receivable_turnover_ratio": 15.89,
            "reinvestment_rate": 117.41,
            "research_to_sale_ratio": null,
            "price_fair": 123.2,
            "eps_avg_yearly": 3.52,
            "eps_latest_yearly": 1.4,
            "eps_growth_yearly": 130.37
        },
        "20114": {
            "year_quarter": 20114,
            "year": 2011,
            "quarter": 4,
            "eps": 3,
            "eps_growth_year": 70.39,
            "eps_4q": 4.92,
            "eps_4q_growth_year": 12.1,
            "roe": 16.31,
            "gross_profit": 409287,
            "gross_margin": 50.09,
            "net_income": 137437,
            "revenue": 817045,
            "common_shares": 489609,
            "equity": 910542,
            "current_ratio": 138.15,
            "debt_ratio": 72.55,
            "inventory_turnover_ratio": 0.21,
            "account_receivable_turnover_ratio": 39.9,
            "reinvestment_rate": 48.47,
            "research_to_sale_ratio": null,
            "price_fair": 172.67,
            "eps_avg_yearly": 4.93,
            "eps_latest_yearly": 12,
            "eps_growth_yearly": 613.4
        },
        "20121": {
            "year_quarter": 20121,
            "year": 2012,
            "quarter": 1,
            "eps": 1.19,
            "eps_growth_year": 230.56,
            "eps_4q": 5.75,
            "eps_4q_growth_year": 16.37,
            "roe": 5.42,
            "gross_profit": 174134,
            "gross_margin": 43.02,
            "net_income": 50577,
            "revenue": 404759,
            "common_shares": 489609,
            "equity": 956602,
            "current_ratio": 141.1,
            "debt_ratio": 70.82,
            "inventory_turnover_ratio": 0.11,
            "account_receivable_turnover_ratio": 21.01,
            "reinvestment_rate": 53.8,
            "research_to_sale_ratio": null,
            "price_fair": 171.8,
            "eps_avg_yearly": 4.91,
            "eps_latest_yearly": 4.76,
            "eps_growth_yearly": 491.3
        },
        "20122": {
            "year_quarter": 20122,
            "year": 2012,
            "quarter": 2,
            "eps": 0.94,
            "eps_growth_year": -22.27,
            "eps_4q": 4.43,
            "eps_4q_growth_year": 9.91,
            "roe": 6.35,
            "gross_profit": 129493,
            "gross_margin": 39.24,
            "net_income": 60468,
            "revenue": 329961,
            "common_shares": 489609,
            "equity": 946592,
            "current_ratio": 135.79,
            "debt_ratio": 74.82,
            "inventory_turnover_ratio": 0.09,
            "account_receivable_turnover_ratio": 21.58,
            "reinvestment_rate": 30.54,
            "research_to_sale_ratio": null,
            "price_fair": 166.78,
            "eps_avg_yearly": 4.77,
            "eps_latest_yearly": 3.76,
            "eps_growth_yearly": 419.38
        },
        "20123": {
            "year_quarter": 20123,
            "year": 2012,
            "quarter": 3,
            "eps": 1.32,
            "eps_growth_year": 281.49,
            "eps_4q": 5.48,
            "eps_4q_growth_year": 48.97,
            "roe": 8.57,
            "gross_profit": 180968,
            "gross_margin": 39.98,
            "net_income": 84777,
            "revenue": 452680,
            "common_shares": 636492,
            "equity": 1031461,
            "current_ratio": 138.91,
            "debt_ratio": 72.5,
            "inventory_turnover_ratio": 0.11,
            "account_receivable_turnover_ratio": 30.34,
            "reinvestment_rate": 28.23,
            "research_to_sale_ratio": null,
            "price_fair": 168.78,
            "eps_avg_yearly": 4.82,
            "eps_latest_yearly": 5.28,
            "eps_growth_yearly": 390.75
        },
        "20124": {
            "year_quarter": 20124,
            "year": 2012,
            "quarter": 4,
            "eps": 0.29,
            "eps_growth_year": -90.3,
            "eps_4q": 3.47,
            "eps_4q_growth_year": -29.51,
            "roe": 1.67,
            "gross_profit": 115908,
            "gross_margin": 34.92,
            "net_income": 17409,
            "revenue": 331910,
            "common_shares": 636492,
            "equity": 1048255,
            "current_ratio": 133.54,
            "debt_ratio": 74.94,
            "inventory_turnover_ratio": 0.08,
            "account_receivable_turnover_ratio": 7.35,
            "reinvestment_rate": 27.63,
            "research_to_sale_ratio": null,
            "price_fair": 155.96,
            "eps_avg_yearly": 4.46,
            "eps_latest_yearly": 1.16,
            "eps_growth_yearly": 320.46
        },
        "20131": {
            "year_quarter": 20131,
            "year": 2013,
            "quarter": 1,
            "eps": 16.57,
            "eps_growth_year": 1292.44,
            "eps_4q": 19.12,
            "eps_4q_growth_year": 232.53,
            "roe": 96.76,
            "gross_profit": 1246642,
            "gross_margin": 39.26,
            "net_income": 1053757,
            "revenue": 3175386,
            "common_shares": 636492,
            "equity": 1129939,
            "current_ratio": 256.66,
            "debt_ratio": 44.3,
            "inventory_turnover_ratio": 1.23,
            "account_receivable_turnover_ratio": 66.34,
            "reinvestment_rate": 6.24,
            "research_to_sale_ratio": null,
            "price_fair": 352.67,
            "eps_avg_yearly": 10.08,
            "eps_latest_yearly": 66.28,
            "eps_growth_yearly": 2332.71
        },
        "20132": {
            "year_quarter": 20132,
            "year": 2013,
            "quarter": 2,
            "eps": -0.32,
            "eps_growth_year": -133.97,
            "eps_4q": 14.88,
            "eps_4q_growth_year": 235.76,
            "roe": -2.06,
            "gross_profit": 47089,
            "gross_margin": 48.91,
            "net_income": -22391,
            "revenue": 96275,
            "common_shares": 636492,
            "equity": 1039739,
            "current_ratio": 325.8,
            "debt_ratio": 37.69,
            "inventory_turnover_ratio": 0.22,
            "account_receivable_turnover_ratio": 3.4,
            "reinvestment_rate": 5.92,
            "research_to_sale_ratio": null,
            "price_fair": 352.67,
            "eps_avg_yearly": 10.08,
            "eps_latest_yearly": 66.28,
            "eps_growth_yearly": 2332.71
        },
        "20133": {
            "year_quarter": 20133,
            "year": 2013,
            "quarter": 3,
            "eps": -0.21,
            "eps_growth_year": -115.95,
            "eps_4q": 13.58,
            "eps_4q_growth_year": 147.58,
            "roe": -1.78,
            "gross_profit": 42575,
            "gross_margin": 63.84,
            "net_income": -18378,
            "revenue": 66692,
            "common_shares": 763791,
            "equity": 1023337,
            "current_ratio": 323.14,
            "debt_ratio": 37.99,
            "inventory_turnover_ratio": 0.11,
            "account_receivable_turnover_ratio": 2.03,
            "reinvestment_rate": 5.49,
            "research_to_sale_ratio": null,
            "price_fair": 352.67,
            "eps_avg_yearly": 10.08,
            "eps_latest_yearly": 66.28,
            "eps_growth_yearly": 2332.71
        },
        "20134": {
            "year_quarter": 20134,
            "year": 2013,
            "quarter": 4,
            "eps": -0.63,
            "eps_growth_year": -316.19,
            "eps_4q": 12.71,
            "eps_4q_growth_year": 266.35,
            "roe": -5.29,
            "gross_profit": 3188,
            "gross_margin": 8.06,
            "net_income": -52829,
            "revenue": 39566,
            "common_shares": 763791,
            "equity": 972357,
            "current_ratio": 390.14,
            "debt_ratio": 35.89,
            "inventory_turnover_ratio": 0.19,
            "account_receivable_turnover_ratio": 1.36,
            "reinvestment_rate": 6.33,
            "research_to_sale_ratio": null,
            "price_fair": 352.67,
            "eps_avg_yearly": 10.08,
            "eps_latest_yearly": 66.28,
            "eps_growth_yearly": 2332.71
        },
        "20141": {
            "year_quarter": 20141,
            "year": 2014,
            "quarter": 1,
            "eps": -0.32,
            "eps_growth_year": -101.93,
            "eps_4q": -1.43,
            "eps_4q_growth_year": -107.46,
            "roe": -2.94,
            "gross_profit": 36111,
            "gross_margin": 58.7,
            "net_income": -28163,
            "revenue": 61519,
            "common_shares": 763791,
            "equity": 944080,
            "current_ratio": 317.42,
            "debt_ratio": 40.88,
            "inventory_turnover_ratio": 0.14,
            "account_receivable_turnover_ratio": 2.57,
            "reinvestment_rate": -3.55,
            "research_to_sale_ratio": null,
            "price_fair": 352.67,
            "eps_avg_yearly": 10.08,
            "eps_latest_yearly": 66.28,
            "eps_growth_yearly": 2332.71
        },
        "20142": {
            "year_quarter": 20142,
            "year": 2014,
            "quarter": 2,
            "eps": -0.27,
            "eps_growth_year": null,
            "eps_4q": -1.43,
            "eps_4q_growth_year": -109.63,
            "roe": -2.36,
            "gross_profit": 26692,
            "gross_margin": 80.31,
            "net_income": -21996,
            "revenue": 33237,
            "common_shares": 763791,
            "equity": 922473,
            "current_ratio": 398.84,
            "debt_ratio": 36.49,
            "inventory_turnover_ratio": 0.03,
            "account_receivable_turnover_ratio": 1.94,
            "reinvestment_rate": 7.19,
            "research_to_sale_ratio": null,
            "price_fair": 352.67,
            "eps_avg_yearly": 10.08,
            "eps_latest_yearly": 66.28,
            "eps_growth_yearly": 2332.71
        },
        "20143": {
            "year_quarter": 20143,
            "year": 2014,
            "quarter": 3,
            "eps": -0.53,
            "eps_growth_year": null,
            "eps_4q": -1.76,
            "eps_4q_growth_year": -112.95,
            "roe": -4.64,
            "gross_profit": 30571,
            "gross_margin": 79.3,
            "net_income": -41860,
            "revenue": 38551,
            "common_shares": 763791,
            "equity": 880405,
            "current_ratio": 672.52,
            "debt_ratio": 54.98,
            "inventory_turnover_ratio": 0.03,
            "account_receivable_turnover_ratio": 3.83,
            "reinvestment_rate": 9.82,
            "research_to_sale_ratio": null,
            "price_fair": 377.86,
            "eps_avg_yearly": 10.8,
            "eps_latest_yearly": 66.28,
            "eps_growth_yearly": 2592.77
        },
        "20144": {
            "year_quarter": 20144,
            "year": 2014,
            "quarter": 4,
            "eps": -0.57,
            "eps_growth_year": null,
            "eps_4q": -1.7,
            "eps_4q_growth_year": -113.36,
            "roe": -5.54,
            "gross_profit": 28175,
            "gross_margin": 80.06,
            "net_income": -47454,
            "revenue": 35192,
            "common_shares": 763791,
            "equity": 833151,
            "current_ratio": 306.01,
            "debt_ratio": 63.97,
            "inventory_turnover_ratio": 0.01,
            "account_receivable_turnover_ratio": 3.48,
            "reinvestment_rate": 10.69,
            "research_to_sale_ratio": null,
            "price_fair": 392.47,
            "eps_avg_yearly": 11.21,
            "eps_latest_yearly": 66.28,
            "eps_growth_yearly": 2816.66
        },
        "20151": {
            "year_quarter": 20151,
            "year": 2015,
            "quarter": 1,
            "eps": -0.97,
            "eps_growth_year": null,
            "eps_4q": -2.34,
            "eps_4q_growth_year": null,
            "roe": -9.44,
            "gross_profit": 27829,
            "gross_margin": 80.28,
            "net_income": -75136,
            "revenue": 34667,
            "common_shares": 763791,
            "equity": 758113,
            "current_ratio": 248.98,
            "debt_ratio": 68.8,
            "inventory_turnover_ratio": 0.01,
            "account_receivable_turnover_ratio": 3.52,
            "reinvestment_rate": 3.75,
            "research_to_sale_ratio": null,
            "price_fair": 435.23,
            "eps_avg_yearly": 12.44,
            "eps_latest_yearly": 66.28,
            "eps_growth_yearly": 3208.51
        },
        "20152": {
            "year_quarter": 20152,
            "year": 2015,
            "quarter": 2,
            "eps": -0.58,
            "eps_growth_year": null,
            "eps_4q": -2.65,
            "eps_4q_growth_year": null,
            "roe": -6.15,
            "gross_profit": 27673,
            "gross_margin": 78.92,
            "net_income": -45153,
            "revenue": 35063,
            "common_shares": 763791,
            "equity": 709240,
            "current_ratio": 173.73,
            "debt_ratio": 72.1,
            "inventory_turnover_ratio": 0.01,
            "account_receivable_turnover_ratio": 1.37,
            "reinvestment_rate": 19.4,
            "research_to_sale_ratio": null,
            "price_fair": 473.2,
            "eps_avg_yearly": 13.52,
            "eps_latest_yearly": 66.28,
            "eps_growth_yearly": 3531.95
        },
        "20153": {
            "year_quarter": 20153,
            "year": 2015,
            "quarter": 3,
            "eps": -0.59,
            "eps_growth_year": null,
            "eps_4q": -2.71,
            "eps_4q_growth_year": null,
            "roe": -6.74,
            "gross_profit": 28786,
            "gross_margin": 77.01,
            "net_income": -46247,
            "revenue": 37380,
            "common_shares": 763791,
            "equity": 663514,
            "current_ratio": 170.72,
            "debt_ratio": 73.37,
            "inventory_turnover_ratio": 0.01,
            "account_receivable_turnover_ratio": 1.29,
            "reinvestment_rate": 17.59,
            "research_to_sale_ratio": null,
            "price_fair": 543.9,
            "eps_avg_yearly": 15.54,
            "eps_latest_yearly": 66.28,
            "eps_growth_yearly": 4167.99
        },
        "20154": {
            "year_quarter": 20154,
            "year": 2015,
            "quarter": 4,
            "eps": -0.54,
            "eps_growth_year": null,
            "eps_4q": -2.08,
            "eps_4q_growth_year": null,
            "roe": -8.4,
            "gross_profit": 28044,
            "gross_margin": 79.23,
            "net_income": -65759,
            "revenue": 35395,
            "common_shares": 1063791,
            "equity": 902006,
            "current_ratio": 207.03,
            "debt_ratio": 65.07,
            "inventory_turnover_ratio": 0.01,
            "account_receivable_turnover_ratio": 2.55,
            "reinvestment_rate": 22.33,
            "research_to_sale_ratio": null,
            "price_fair": 568.68,
            "eps_avg_yearly": 16.25,
            "eps_latest_yearly": 66.28,
            "eps_growth_yearly": 4395.88
        },
        "20161": {
            "year_quarter": 20161,
            "year": 2016,
            "quarter": 1,
            "eps": -0.4,
            "eps_growth_year": null,
            "eps_4q": -1.78,
            "eps_4q_growth_year": null,
            "roe": -4.9,
            "gross_profit": 28081,
            "gross_margin": 81.26,
            "net_income": -42993,
            "revenue": 34557,
            "common_shares": 1063791,
            "equity": 853821,
            "current_ratio": 190.01,
            "debt_ratio": 67.82,
            "inventory_turnover_ratio": 0.01,
            "account_receivable_turnover_ratio": 3.23,
            "reinvestment_rate": 20.29,
            "research_to_sale_ratio": null,
            "price_fair": 669.2,
            "eps_avg_yearly": 19.12,
            "eps_latest_yearly": 66.28,
            "eps_growth_yearly": 5555.18
        },
        "20162": {
            "year_quarter": 20162,
            "year": 2016,
            "quarter": 2,
            "eps": 1.8,
            "eps_growth_year": null,
            "eps_4q": 0.43,
            "eps_4q_growth_year": null,
            "roe": 20.21,
            "gross_profit": 271195,
            "gross_margin": 37.97,
            "net_income": 191226,
            "revenue": 714152,
            "common_shares": 1063791,
            "equity": 1038648,
            "current_ratio": 229.22,
            "debt_ratio": 61.51,
            "inventory_turnover_ratio": 0.44,
            "account_receivable_turnover_ratio": 62.2,
            "reinvestment_rate": 10.12,
            "research_to_sale_ratio": null,
            "price_fair": 848.4,
            "eps_avg_yearly": 24.24,
            "eps_latest_yearly": 66.28,
            "eps_growth_yearly": 7434.92
        },
        "20163": {
            "year_quarter": 20163,
            "year": 2016,
            "quarter": 3,
            "eps": -0.39,
            "eps_growth_year": null,
            "eps_4q": 0.47,
            "eps_4q_growth_year": null,
            "roe": -4.12,
            "gross_profit": 28118,
            "gross_margin": 79.68,
            "net_income": -41955,
            "revenue": 35290,
            "common_shares": 1063791,
            "equity": 996128,
            "current_ratio": 247.13,
            "debt_ratio": 59.56,
            "inventory_turnover_ratio": 0.01,
            "account_receivable_turnover_ratio": 3.1,
            "reinvestment_rate": 13.37,
            "research_to_sale_ratio": null,
            "price_fair": 1180.2,
            "eps_avg_yearly": 33.72,
            "eps_latest_yearly": 66.28,
            "eps_growth_yearly": 11071.53
        },
        "20164": {
            "year_quarter": 20164,
            "year": 2016,
            "quarter": 4,
            "eps": -0.3,
            "eps_growth_year": null,
            "eps_4q": 0.71,
            "eps_4q_growth_year": null,
            "roe": -3.15,
            "gross_profit": 51583,
            "gross_margin": 59.74,
            "net_income": -32420,
            "revenue": 86345,
            "common_shares": 1063791,
            "equity": 1064019,
            "current_ratio": 156.83,
            "debt_ratio": 69.71,
            "inventory_turnover_ratio": 0.04,
            "account_receivable_turnover_ratio": 3.3,
            "reinvestment_rate": 138.21,
            "research_to_sale_ratio": null,
            "price_fair": 2319.8,
            "eps_avg_yearly": 66.28,
            "eps_latest_yearly": 66.28,
            "eps_growth_yearly": 22455.17
        },
        "20171": {
            "year_quarter": 20171,
            "year": 2017,
            "quarter": 1,
            "eps": -0.43,
            "eps_growth_year": null,
            "eps_4q": 0.68,
            "eps_4q_growth_year": null,
            "roe": -4.84,
            "gross_profit": 82668,
            "gross_margin": 45.5,
            "net_income": -50807,
            "revenue": 181698,
            "common_shares": 1063791,
            "equity": 1033561,
            "current_ratio": 176.79,
            "debt_ratio": 67.07,
            "inventory_turnover_ratio": 0.1,
            "account_receivable_turnover_ratio": 2.23,
            "reinvestment_rate": null,
            "research_to_sale_ratio": null,
            "price_fair": 0,
            "eps_avg_yearly": 0,
            "eps_latest_yearly": 0,
            "eps_growth_yearly": 0
        },
        "20172": {
            "year_quarter": 20172,
            "year": 2017,
            "quarter": 2,
            "eps": 0.01,
            "eps_growth_year": -99.44,
            "eps_4q": -1.11,
            "eps_4q_growth_year": -359.18,
            "roe": 0.23,
            "gross_profit": 114572,
            "gross_margin": 37.87,
            "net_income": 2351,
            "revenue": 302517,
            "common_shares": 1063791,
            "equity": 1025387,
            "current_ratio": 162.74,
            "debt_ratio": 66.82,
            "inventory_turnover_ratio": 0.19,
            "account_receivable_turnover_ratio": 4.03,
            "reinvestment_rate": null,
            "research_to_sale_ratio": null,
            "price_fair": 0,
            "eps_avg_yearly": 0,
            "eps_latest_yearly": 0,
            "eps_growth_yearly": 0
        },
        "20173": {
            "year_quarter": 20173,
            "year": 2017,
            "quarter": 3,
            "eps": -0.38,
            "eps_growth_year": null,
            "eps_4q": -1.1,
            "eps_4q_growth_year": -337.32,
            "roe": -4.55,
            "gross_profit": 67516,
            "gross_margin": 39.6,
            "net_income": -45336,
            "revenue": 170511,
            "common_shares": 1063791,
            "equity": 966590,
            "current_ratio": 143.78,
            "debt_ratio": 67.74,
            "inventory_turnover_ratio": 0.1,
            "account_receivable_turnover_ratio": 6.33,
            "reinvestment_rate": null,
            "research_to_sale_ratio": null,
            "price_fair": 0,
            "eps_avg_yearly": 0,
            "eps_latest_yearly": 0,
            "eps_growth_yearly": 0
        },
        "20174": {
            "year_quarter": 20174,
            "year": 2017,
            "quarter": 4,
            "eps": 0.45,
            "eps_growth_year": null,
            "eps_4q": -0.36,
            "eps_4q_growth_year": -150.74,
            "roe": 6.36,
            "gross_profit": 161150,
            "gross_margin": 45.73,
            "net_income": 63345,
            "revenue": 352406,
            "common_shares": 1063791,
            "equity": 1025763,
            "current_ratio": 140.07,
            "debt_ratio": 67.54,
            "inventory_turnover_ratio": 0.18,
            "account_receivable_turnover_ratio": 12.68,
            "reinvestment_rate": null,
            "research_to_sale_ratio": null,
            "price_fair": 0,
            "eps_avg_yearly": 0,
            "eps_latest_yearly": 0,
            "eps_growth_yearly": 0
        },
        "20181": {
            "year_quarter": 20181,
            "year": 2018,
            "quarter": 1,
            "eps": 1.07,
            "eps_growth_year": null,
            "eps_4q": 1.13,
            "eps_4q_growth_year": 65.89,
            "roe": 10.42,
            "gross_profit": 236397,
            "gross_margin": 26.55,
            "net_income": 112075,
            "revenue": 890227,
            "common_shares": 1063791,
            "equity": 1124640,
            "current_ratio": 194.91,
            "debt_ratio": 56.96,
            "inventory_turnover_ratio": 0.82,
            "account_receivable_turnover_ratio": 14.45,
            "reinvestment_rate": null,
            "research_to_sale_ratio": null,
            "price_fair": 149.8,
            "eps_avg_yearly": 4.28,
            "eps_latest_yearly": 4.28,
            "eps_growth_yearly": 551.11
        },
        "20182": {
            "year_quarter": 20182,
            "year": 2018,
            "quarter": 2,
            "eps": -0.29,
            "eps_growth_year": -3000,
            "eps_4q": 0.84,
            "eps_4q_growth_year": null,
            "roe": -2.52,
            "gross_profit": 79576,
            "gross_margin": 43.52,
            "net_income": -28263,
            "revenue": 182850,
            "common_shares": 1063791,
            "equity": 1114804,
            "current_ratio": 196.4,
            "debt_ratio": 56.22,
            "inventory_turnover_ratio": 0.17,
            "account_receivable_turnover_ratio": 3.13,
            "reinvestment_rate": null,
            "research_to_sale_ratio": null,
            "price_fair": 149.8,
            "eps_avg_yearly": 4.28,
            "eps_latest_yearly": 4.28,
            "eps_growth_yearly": 551.11
        },
        "20183": {
            "year_quarter": 20183,
            "year": 2018,
            "quarter": 3,
            "eps": -0.33,
            "eps_growth_year": null,
            "eps_4q": 0.9,
            "eps_4q_growth_year": null,
            "roe": -2.96,
            "gross_profit": 81446,
            "gross_margin": 43.29,
            "net_income": -32358,
            "revenue": 188150,
            "common_shares": 1063791,
            "equity": 1072710,
            "current_ratio": 107.91,
            "debt_ratio": 56.94,
            "inventory_turnover_ratio": 0.17,
            "account_receivable_turnover_ratio": 7.05,
            "reinvestment_rate": null,
            "research_to_sale_ratio": null,
            "price_fair": 149.8,
            "eps_avg_yearly": 4.28,
            "eps_latest_yearly": 4.28,
            "eps_growth_yearly": 551.11
        },
        "20184": {
            "year_quarter": 20184,
            "year": 2018,
            "quarter": 4,
            "eps": -0.42,
            "eps_growth_year": -194.09,
            "eps_4q": 0.03,
            "eps_4q_growth_year": null,
            "roe": -3.5,
            "gross_profit": 120218,
            "gross_margin": 55.94,
            "net_income": -36267,
            "revenue": 214906,
            "common_shares": 1063791,
            "equity": 999698,
            "current_ratio": 108.28,
            "debt_ratio": 58.54,
            "inventory_turnover_ratio": 0.15,
            "account_receivable_turnover_ratio": 7.25,
            "reinvestment_rate": null,
            "research_to_sale_ratio": null,
            "price_fair": 149.8,
            "eps_avg_yearly": 4.28,
            "eps_latest_yearly": 4.28,
            "eps_growth_yearly": 551.11
        },
        "20191": {
            "year_quarter": 20191,
            "year": 2019,
            "quarter": 1,
            "eps": -0.34,
            "eps_growth_year": -131.78,
            "eps_4q": -1.37,
            "eps_4q_growth_year": -221.11,
            "roe": -3.52,
            "gross_profit": 83493,
            "gross_margin": 45.04,
            "net_income": -34872,
            "revenue": 185377,
            "common_shares": 1063791,
            "equity": 980997,
            "current_ratio": 98.81,
            "debt_ratio": 74.82,
            "inventory_turnover_ratio": 0.15,
            "account_receivable_turnover_ratio": 6.04,
            "reinvestment_rate": null,
            "research_to_sale_ratio": null,
            "price_fair": 149.8,
            "eps_avg_yearly": 4.28,
            "eps_latest_yearly": 4.28,
            "eps_growth_yearly": 551.11
        },
        "20192": {
            "year_quarter": 20192,
            "year": 2019,
            "quarter": 2,
            "eps": -0.34,
            "eps_growth_year": null,
            "eps_4q": -1.42,
            "eps_4q_growth_year": -268.79,
            "roe": -3.39,
            "gross_profit": 91970,
            "gross_margin": 50.09,
            "net_income": -32605,
            "revenue": 183606,
            "common_shares": 1063791,
            "equity": 939925,
            "current_ratio": 96.98,
            "debt_ratio": 75.39,
            "inventory_turnover_ratio": 0.13,
            "account_receivable_turnover_ratio": 6.9,
            "reinvestment_rate": null,
            "research_to_sale_ratio": null,
            "price_fair": 149.8,
            "eps_avg_yearly": 4.28,
            "eps_latest_yearly": 4.28,
            "eps_growth_yearly": 551.11
        },
        "20193": {
            "year_quarter": 20193,
            "year": 2019,
            "quarter": 3,
            "eps": -0.25,
            "eps_growth_year": null,
            "eps_4q": -1.35,
            "eps_4q_growth_year": -249.77,
            "roe": -2.75,
            "gross_profit": 84411,
            "gross_margin": 46.33,
            "net_income": -25593,
            "revenue": 182191,
            "common_shares": 1063791,
            "equity": 918434,
            "current_ratio": 158.36,
            "debt_ratio": 75.59,
            "inventory_turnover_ratio": 0.14,
            "account_receivable_turnover_ratio": 7.61,
            "reinvestment_rate": null,
            "research_to_sale_ratio": null,
            "price_fair": 149.8,
            "eps_avg_yearly": 4.28,
            "eps_latest_yearly": 4.28,
            "eps_growth_yearly": 551.11
        },
        "20194": {
            "year_quarter": 20194,
            "year": 2019,
            "quarter": 4,
            "eps": -0.05,
            "eps_growth_year": null,
            "eps_4q": -0.97,
            "eps_4q_growth_year": -3088.16,
            "roe": 0.44,
            "gross_profit": 115203,
            "gross_margin": 54.49,
            "net_income": 3972,
            "revenue": 211428,
            "common_shares": 1063791,
            "equity": 881909,
            "current_ratio": 163.53,
            "debt_ratio": 75.54,
            "inventory_turnover_ratio": 0.13,
            "account_receivable_turnover_ratio": 8.26,
            "reinvestment_rate": null,
            "research_to_sale_ratio": null,
            "price_fair": 149.8,
            "eps_avg_yearly": 4.28,
            "eps_latest_yearly": 4.28,
            "eps_growth_yearly": 551.11
        },
        "20201": {
            "year_quarter": 20201,
            "year": 2020,
            "quarter": 1,
            "eps": -0.37,
            "eps_growth_year": null,
            "eps_4q": -0.83,
            "eps_4q_growth_year": null,
            "roe": -6.53,
            "gross_profit": 25761,
            "gross_margin": 22.79,
            "net_income": -64689,
            "revenue": 113036,
            "common_shares": 1363791,
            "equity": 1099341,
            "current_ratio": 196.64,
            "debt_ratio": 70.85,
            "inventory_turnover_ratio": 0.12,
            "account_receivable_turnover_ratio": 4.2,
            "reinvestment_rate": null,
            "research_to_sale_ratio": null,
            "price_fair": 149.8,
            "eps_avg_yearly": 4.28,
            "eps_latest_yearly": 4.28,
            "eps_growth_yearly": 551.11
        },
        "20202": {
            "year_quarter": 20202,
            "year": 2020,
            "quarter": 2,
            "eps": 0.82,
            "eps_growth_year": null,
            "eps_4q": 0.26,
            "eps_4q_growth_year": null,
            "roe": 7.64,
            "gross_profit": -17205,
            "gross_margin": -33.31,
            "net_income": 86518,
            "revenue": 51651,
            "common_shares": 1363791,
            "equity": 1167012,
            "current_ratio": 177.02,
            "debt_ratio": 70.45,
            "inventory_turnover_ratio": 0.09,
            "account_receivable_turnover_ratio": 2.44,
            "reinvestment_rate": null,
            "research_to_sale_ratio": null,
            "price_fair": 149.8,
            "eps_avg_yearly": 4.28,
            "eps_latest_yearly": 4.28,
            "eps_growth_yearly": 551.11
        },
        "20203": {
            "year_quarter": 20203,
            "year": 2020,
            "quarter": 3,
            "eps": -0.04,
            "eps_growth_year": null,
            "eps_4q": 0.41,
            "eps_4q_growth_year": null,
            "roe": -2.07,
            "gross_profit": 10262,
            "gross_margin": 11.32,
            "net_income": -23995,
            "revenue": 90649,
            "common_shares": 1363791,
            "equity": 1153867,
            "current_ratio": 169.28,
            "debt_ratio": 72.44,
            "inventory_turnover_ratio": 0.09,
            "account_receivable_turnover_ratio": 6.95,
            "reinvestment_rate": null,
            "research_to_sale_ratio": null,
            "price_fair": 149.8,
            "eps_avg_yearly": 4.28,
            "eps_latest_yearly": 4.28,
            "eps_growth_yearly": 551.11
        },
        "20204": {
            "year_quarter": 20204,
            "year": 2020,
            "quarter": 4,
            "eps": -0.34,
            "eps_growth_year": null,
            "eps_4q": 0.11,
            "eps_4q_growth_year": null,
            "roe": -5.25,
            "gross_profit": 31487,
            "gross_margin": 27.57,
            "net_income": -59234,
            "revenue": 114214,
            "common_shares": 1363791,
            "equity": 1101934,
            "current_ratio": 140.57,
            "debt_ratio": 78.16,
            "inventory_turnover_ratio": 0.06,
            "account_receivable_turnover_ratio": 6.9,
            "reinvestment_rate": null,
            "research_to_sale_ratio": null,
            "price_fair": 149.8,
            "eps_avg_yearly": 4.28,
            "eps_latest_yearly": 4.28,
            "eps_growth_yearly": 551.11
        },
        "20211": {
            "year_quarter": 20211,
            "year": 2021,
            "quarter": 1,
            "eps": -0.24,
            "eps_growth_year": null,
            "eps_4q": 0.2,
            "eps_4q_growth_year": null,
            "roe": -4.4,
            "gross_profit": 28955,
            "gross_margin": 25.16,
            "net_income": -47194,
            "revenue": 115104,
            "common_shares": 1363791,
            "equity": 1041224,
            "current_ratio": 169.69,
            "debt_ratio": 83.23,
            "inventory_turnover_ratio": 0.04,
            "account_receivable_turnover_ratio": 4.6,
            "reinvestment_rate": null,
            "research_to_sale_ratio": null,
            "price_fair": 149.8,
            "eps_avg_yearly": 4.28,
            "eps_latest_yearly": 4.28,
            "eps_growth_yearly": 551.11
        },
        "20212": {
            "year_quarter": 20212,
            "year": 2021,
            "quarter": 2,
            "eps": -0.34,
            "eps_growth_year": -141.46,
            "eps_4q": -0.96,
            "eps_4q_growth_year": -472.86,
            "roe": -6.92,
            "gross_profit": -3516,
            "gross_margin": -5.02,
            "net_income": -69461,
            "revenue": 70019,
            "common_shares": 1363791,
            "equity": 967130,
            "current_ratio": 167.65,
            "debt_ratio": 84.18,
            "inventory_turnover_ratio": 0.03,
            "account_receivable_turnover_ratio": 2.82,
            "reinvestment_rate": null,
            "research_to_sale_ratio": null,
            "price_fair": 149.8,
            "eps_avg_yearly": 4.28,
            "eps_latest_yearly": 4.28,
            "eps_growth_yearly": 551.11
        },
        "20213": {
            "year_quarter": 20213,
            "year": 2021,
            "quarter": 3,
            "eps": 0.03,
            "eps_growth_year": null,
            "eps_4q": -0.53,
            "eps_4q_growth_year": -229.74,
            "roe": -0.31,
            "gross_profit": 69723,
            "gross_margin": 16.26,
            "net_income": -4339,
            "revenue": 428687,
            "common_shares": 2263791,
            "equity": 1811900,
            "current_ratio": 178.53,
            "debt_ratio": 76.6,
            "inventory_turnover_ratio": 0.12,
            "account_receivable_turnover_ratio": 24.29,
            "reinvestment_rate": null,
            "research_to_sale_ratio": null,
            "price_fair": 149.8,
            "eps_avg_yearly": 4.28,
            "eps_latest_yearly": 4.28,
            "eps_growth_yearly": 551.11
        },
        "20214": {
            "year_quarter": 20214,
            "year": 2021,
            "quarter": 4,
            "eps": -0.13,
            "eps_growth_year": null,
            "eps_4q": -0.45,
            "eps_4q_growth_year": -529.75,
            "roe": -1.69,
            "gross_profit": 45303,
            "gross_margin": 36.99,
            "net_income": -30326,
            "revenue": 122461,
            "common_shares": 2263791,
            "equity": 1774917,
            "current_ratio": 165.16,
            "debt_ratio": 78.68,
            "inventory_turnover_ratio": 0.02,
            "account_receivable_turnover_ratio": 7.56,
            "reinvestment_rate": null,
            "research_to_sale_ratio": null,
            "price_fair": 149.8,
            "eps_avg_yearly": 4.28,
            "eps_latest_yearly": 4.28,
            "eps_growth_yearly": 551.11
        },
        "20221": {
            "year_quarter": 20221,
            "year": 2022,
            "quarter": 1,
            "eps": -0.29,
            "eps_growth_year": null,
            "eps_4q": -0.6,
            "eps_4q_growth_year": -399.51,
            "roe": -4.1,
            "gross_profit": 26343,
            "gross_margin": 25.34,
            "net_income": -71216,
            "revenue": 103940,
            "common_shares": 2263791,
            "equity": 1701437,
            "current_ratio": 234.29,
            "debt_ratio": 79.18,
            "inventory_turnover_ratio": 0.02,
            "account_receivable_turnover_ratio": 6.31,
            "reinvestment_rate": null,
            "research_to_sale_ratio": null,
            "price_fair": 0,
            "eps_avg_yearly": 0,
            "eps_latest_yearly": 0,
            "eps_growth_yearly": 0
        },
        "20222": {
            "year_quarter": 20222,
            "year": 2022,
            "quarter": 2,
            "eps": -0.13,
            "eps_growth_year": null,
            "eps_4q": -0.53,
            "eps_4q_growth_year": null,
            "roe": -2.03,
            "gross_profit": 36559,
            "gross_margin": 31.12,
            "net_income": -34180,
            "revenue": 117469,
            "common_shares": 2263791,
            "equity": 1667388,
            "current_ratio": 225.08,
            "debt_ratio": 79.99,
            "inventory_turnover_ratio": 0.02,
            "account_receivable_turnover_ratio": 7.94,
            "reinvestment_rate": null,
            "research_to_sale_ratio": null,
            "price_fair": 0,
            "eps_avg_yearly": 0,
            "eps_latest_yearly": 0,
            "eps_growth_yearly": 0
        },
        "20223": {
            "year_quarter": 20223,
            "year": 2022,
            "quarter": 3,
            "eps": -0.22,
            "eps_growth_year": -833.33,
            "eps_4q": -0.77,
            "eps_4q_growth_year": null,
            "roe": -3.38,
            "gross_profit": 35576,
            "gross_margin": 31.82,
            "net_income": -55338,
            "revenue": 111793,
            "common_shares": 2263791,
            "equity": 1608931,
            "current_ratio": 218.46,
            "debt_ratio": 80.85,
            "inventory_turnover_ratio": 0.02,
            "account_receivable_turnover_ratio": 6.64,
            "reinvestment_rate": null,
            "research_to_sale_ratio": null,
            "price_fair": 0,
            "eps_avg_yearly": 0,
            "eps_latest_yearly": 0,
            "eps_growth_yearly": 0
        },
        "20224": {
            "year_quarter": 20224,
            "year": 2022,
            "quarter": 4,
            "eps": -0.28,
            "eps_growth_year": null,
            "eps_4q": -0.92,
            "eps_4q_growth_year": null,
            "roe": -4.28,
            "gross_profit": 42468,
            "gross_margin": 35.69,
            "net_income": -67445,
            "revenue": 118991,
            "common_shares": 2263791,
            "equity": 1546116,
            "current_ratio": 207.45,
            "debt_ratio": 81.93,
            "inventory_turnover_ratio": 0.02,
            "account_receivable_turnover_ratio": 6.51,
            "reinvestment_rate": null,
            "research_to_sale_ratio": null,
            "price_fair": 0,
            "eps_avg_yearly": 0,
            "eps_latest_yearly": 0,
            "eps_growth_yearly": 0
        },
        "20231": {
            "year_quarter": 20231,
            "year": 2023,
            "quarter": 1,
            "eps": -0.2,
            "eps_growth_year": null,
            "eps_4q": -0.83,
            "eps_4q_growth_year": null,
            "roe": -3.13,
            "gross_profit": 56825,
            "gross_margin": 42.24,
            "net_income": -47813,
            "revenue": 134519,
            "common_shares": 2263791,
            "equity": 1505719,
            "current_ratio": 205.32,
            "debt_ratio": 82.37,
            "inventory_turnover_ratio": 0.02,
            "account_receivable_turnover_ratio": 8.19,
            "reinvestment_rate": null,
            "research_to_sale_ratio": null,
            "price_fair": 0,
            "eps_avg_yearly": 0,
            "eps_latest_yearly": 0,
            "eps_growth_yearly": 0
        }
    },
    "months": {
        "2001-06": {
            "month": "2001-06",
            "price": "7.78",
            "revenue": 66260
        },
        "2001-07": {
            "month": "2001-07",
            "price": "5.88",
            "revenue": 80302
        },
        "2001-08": {
            "month": "2001-08",
            "price": "4.62",
            "revenue": 106159
        },
        "2001-09": {
            "month": "2001-09",
            "price": "3.49",
            "revenue": 97702
        },
        "2001-10": {
            "month": "2001-10",
            "price": "3.14",
            "revenue": 91102
        },
        "2001-11": {
            "month": "2001-11",
            "price": "4.18",
            "revenue": 109373
        },
        "2001-12": {
            "month": "2001-12",
            "price": "6.42",
            "revenue": 106206
        },
        "2002-01": {
            "month": "2002-01",
            "price": "11.00",
            "revenue": 86681
        },
        "2002-02": {
            "month": "2002-02",
            "price": "9.80",
            "revenue": 60055
        },
        "2002-03": {
            "month": "2002-03",
            "price": "10.40",
            "revenue": 86795
        },
        "2002-04": {
            "month": "2002-04",
            "price": "11.12",
            "revenue": 90013
        },
        "2002-05": {
            "month": "2002-05",
            "price": "8.86",
            "revenue": 106497
        },
        "2002-06": {
            "month": "2002-06",
            "price": "8.02",
            "revenue": 82344
        },
        "2002-07": {
            "month": "2002-07",
            "price": "7.09",
            "revenue": 90004
        },
        "2002-08": {
            "month": "2002-08",
            "price": "6.41",
            "revenue": 88488
        },
        "2002-09": {
            "month": "2002-09",
            "price": "5.80",
            "revenue": 94810
        },
        "2002-10": {
            "month": "2002-10",
            "price": "5.38",
            "revenue": 77518
        },
        "2002-11": {
            "month": "2002-11",
            "price": "5.33",
            "revenue": 77755
        },
        "2002-12": {
            "month": "2002-12",
            "price": "5.00",
            "revenue": 67539
        },
        "2003-01": {
            "month": "2003-01",
            "price": "5.39",
            "revenue": 82525
        },
        "2003-02": {
            "month": "2003-02",
            "price": "5.03",
            "revenue": 64077
        },
        "2003-03": {
            "month": "2003-03",
            "price": "4.66",
            "revenue": 92257
        },
        "2003-04": {
            "month": "2003-04",
            "price": "4.27",
            "revenue": 76539
        },
        "2003-05": {
            "month": "2003-05",
            "price": "3.63",
            "revenue": 81633
        },
        "2003-06": {
            "month": "2003-06",
            "price": "4.81",
            "revenue": 75509
        },
        "2003-07": {
            "month": "2003-07",
            "price": "5.08",
            "revenue": 98249
        },
        "2003-08": {
            "month": "2003-08",
            "price": "4.52",
            "revenue": 96537
        },
        "2003-09": {
            "month": "2003-09",
            "price": "4.03",
            "revenue": 95248
        },
        "2003-10": {
            "month": "2003-10",
            "price": "4.13",
            "revenue": 101327
        },
        "2003-11": {
            "month": "2003-11",
            "price": "4.62",
            "revenue": 86799
        },
        "2003-12": {
            "month": "2003-12",
            "price": "4.74",
            "revenue": 77275
        },
        "2004-01": {
            "month": "2004-01",
            "price": "6.38",
            "revenue": 71762
        },
        "2004-02": {
            "month": "2004-02",
            "price": "6.49",
            "revenue": 80768
        },
        "2004-03": {
            "month": "2004-03",
            "price": "6.29",
            "revenue": 105226
        },
        "2004-04": {
            "month": "2004-04",
            "price": "7.58",
            "revenue": 90815
        },
        "2004-05": {
            "month": "2004-05",
            "price": "6.05",
            "revenue": 106751
        },
        "2004-06": {
            "month": "2004-06",
            "price": "5.41",
            "revenue": 80392
        },
        "2004-07": {
            "month": "2004-07",
            "price": "4.81",
            "revenue": 80796
        },
        "2004-08": {
            "month": "2004-08",
            "price": "4.34",
            "revenue": 90066
        },
        "2004-09": {
            "month": "2004-09",
            "price": "3.94",
            "revenue": 84226
        },
        "2004-10": {
            "month": "2004-10",
            "price": "3.62",
            "revenue": 64557
        },
        "2004-11": {
            "month": "2004-11",
            "price": "3.19",
            "revenue": 63335
        },
        "2004-12": {
            "month": "2004-12",
            "price": "2.99",
            "revenue": 50729
        },
        "2005-01": {
            "month": "2005-01",
            "price": "2.80",
            "revenue": 60429
        },
        "2005-02": {
            "month": "2005-02",
            "price": "2.69",
            "revenue": 40771
        },
        "2005-03": {
            "month": "2005-03",
            "price": "2.88",
            "revenue": 63260
        },
        "2005-04": {
            "month": "2005-04",
            "price": "2.50",
            "revenue": 63554
        },
        "2005-05": {
            "month": "2005-05",
            "price": "1.96",
            "revenue": 70011
        },
        "2005-06": {
            "month": "2005-06",
            "price": "2.34",
            "revenue": 50080
        },
        "2005-07": {
            "month": "2005-07",
            "price": "2.49",
            "revenue": 62220
        },
        "2005-08": {
            "month": "2005-08",
            "price": "2.02",
            "revenue": 60308
        },
        "2005-09": {
            "month": "2005-09",
            "price": "0.99",
            "revenue": 70016
        },
        "2005-10": {
            "month": "2005-10",
            "price": "0.79",
            "revenue": 60520
        },
        "2005-11": {
            "month": "2005-11",
            "price": "0.70",
            "revenue": 61249
        },
        "2005-12": {
            "month": "2005-12",
            "price": "0.71",
            "revenue": 52936
        },
        "2006-01": {
            "month": "2006-01",
            "price": "0.80",
            "revenue": 56887
        },
        "2006-02": {
            "month": "2006-02",
            "price": "0.85",
            "revenue": 45553
        },
        "2006-03": {
            "month": "2006-03",
            "price": "0.79",
            "revenue": 57860
        },
        "2006-04": {
            "month": "2006-04",
            "price": "0.76",
            "revenue": 50886
        },
        "2006-05": {
            "month": "2006-05",
            "price": "0.94",
            "revenue": 47192
        },
        "2006-06": {
            "month": "2006-06",
            "price": "1.12",
            "revenue": 44798
        },
        "2006-07": {
            "month": "2006-07",
            "price": "0.88",
            "revenue": 51243
        },
        "2006-08": {
            "month": "2006-08",
            "price": "0.86",
            "revenue": 55712
        },
        "2006-09": {
            "month": "2006-09",
            "price": "0.76",
            "revenue": 41369
        },
        "2006-10": {
            "month": "2006-10",
            "price": "0.68",
            "revenue": 40567
        },
        "2006-11": {
            "month": "2006-11",
            "price": "0.71",
            "revenue": 52603
        },
        "2006-12": {
            "month": "2006-12",
            "price": "0.91",
            "revenue": 51295
        },
        "2007-01": {
            "month": "2007-01",
            "price": "1.00",
            "revenue": 56745
        },
        "2007-02": {
            "month": "2007-02",
            "price": "0.88",
            "revenue": 31666
        },
        "2007-03": {
            "month": "2007-03",
            "price": "1.38",
            "revenue": 52520
        },
        "2007-04": {
            "month": "2007-04",
            "price": "1.23",
            "revenue": 53020
        },
        "2007-05": {
            "month": "2007-05",
            "price": "1.10",
            "revenue": 59133
        },
        "2007-06": {
            "month": "2007-06",
            "price": "1.34",
            "revenue": 46170
        },
        "2007-07": {
            "month": "2007-07",
            "price": "1.66",
            "revenue": 53197
        },
        "2007-08": {
            "month": "2007-08",
            "price": "3.37",
            "revenue": 24860
        },
        "2007-09": {
            "month": "2007-09",
            "price": "3.06",
            "revenue": 36498
        },
        "2007-10": {
            "month": "2007-10",
            "price": "2.67",
            "revenue": 36875
        },
        "2007-11": {
            "month": "2007-11",
            "price": "2.72",
            "revenue": 38858
        },
        "2007-12": {
            "month": "2007-12",
            "price": "2.84",
            "revenue": 17965
        },
        "2008-01": {
            "month": "2008-01",
            "price": "2.76",
            "revenue": 24905
        },
        "2008-02": {
            "month": "2008-02",
            "price": "3.21",
            "revenue": 15681
        },
        "2008-03": {
            "month": "2008-03",
            "price": "3.83",
            "revenue": 36534
        },
        "2008-04": {
            "month": "2008-04",
            "price": "8.11",
            "revenue": 14867
        },
        "2008-05": {
            "month": "2008-05",
            "price": "6.80",
            "revenue": 23593
        },
        "2008-06": {
            "month": "2008-06",
            "price": "5.72",
            "revenue": 19860
        },
        "2008-07": {
            "month": "2008-07",
            "price": "3.41",
            "revenue": 22689
        },
        "2008-08": {
            "month": "2008-08",
            "price": "3.87",
            "revenue": 27357
        },
        "2008-09": {
            "month": "2008-09",
            "price": "3.26",
            "revenue": 5345
        },
        "2008-10": {
            "month": "2008-10",
            "price": "2.88",
            "revenue": 42866
        },
        "2008-11": {
            "month": "2008-11",
            "price": "11.93",
            "revenue": 54970
        },
        "2008-12": {
            "month": "2008-12",
            "price": "9.72",
            "revenue": 14826
        },
        "2009-01": {
            "month": "2009-01",
            "price": "9.32",
            "revenue": 15405
        },
        "2009-02": {
            "month": "2009-02",
            "price": "9.62",
            "revenue": 30657
        },
        "2009-03": {
            "month": "2009-03",
            "price": "10.07",
            "revenue": 14793
        },
        "2009-04": {
            "month": "2009-04",
            "price": "13.97",
            "revenue": 14325
        },
        "2009-05": {
            "month": "2009-05",
            "price": "15.12",
            "revenue": 22151
        },
        "2009-06": {
            "month": "2009-06",
            "price": "17.18",
            "revenue": 10839
        },
        "2009-07": {
            "month": "2009-07",
            "price": "16.80",
            "revenue": 18958
        },
        "2009-08": {
            "month": "2009-08",
            "price": "17.33",
            "revenue": 13553
        },
        "2009-09": {
            "month": "2009-09",
            "price": "19.84",
            "revenue": 17533
        },
        "2009-10": {
            "month": "2009-10",
            "price": "26.17",
            "revenue": 29684
        },
        "2009-11": {
            "month": "2009-11",
            "price": "24.44",
            "revenue": 15245
        },
        "2009-12": {
            "month": "2009-12",
            "price": "29.38",
            "revenue": 7171
        },
        "2010-01": {
            "month": "2010-01",
            "price": "28.85",
            "revenue": 6099
        },
        "2010-02": {
            "month": "2010-02",
            "price": "28.72",
            "revenue": 6775
        },
        "2010-03": {
            "month": "2010-03",
            "price": "30.75",
            "revenue": 7216
        },
        "2010-04": {
            "month": "2010-04",
            "price": "30.51",
            "revenue": 4991
        },
        "2010-05": {
            "month": "2010-05",
            "price": "29.54",
            "revenue": 5797
        },
        "2010-06": {
            "month": "2010-06",
            "price": "28.10",
            "revenue": 345865
        },
        "2010-07": {
            "month": "2010-07",
            "price": "28.51",
            "revenue": 107282
        },
        "2010-08": {
            "month": "2010-08",
            "price": "37.98",
            "revenue": 27854
        },
        "2010-09": {
            "month": "2010-09",
            "price": "38.02",
            "revenue": 20789
        },
        "2010-10": {
            "month": "2010-10",
            "price": "35.95",
            "revenue": 78455
        },
        "2010-11": {
            "month": "2010-11",
            "price": "36.72",
            "revenue": 106584
        },
        "2010-12": {
            "month": "2010-12",
            "price": "38.26",
            "revenue": 182514
        },
        "2011-01": {
            "month": "2011-01",
            "price": "39.28",
            "revenue": 48251
        },
        "2011-02": {
            "month": "2011-02",
            "price": "47.35",
            "revenue": 48489
        },
        "2011-03": {
            "month": "2011-03",
            "price": "42.61",
            "revenue": 43027
        },
        "2011-04": {
            "month": "2011-04",
            "price": "39.97",
            "revenue": 121009
        },
        "2011-05": {
            "month": "2011-05",
            "price": "39.94",
            "revenue": 76469
        },
        "2011-06": {
            "month": "2011-06",
            "price": "39.60",
            "revenue": 43717
        },
        "2011-07": {
            "month": "2011-07",
            "price": "39.36",
            "revenue": 43984
        },
        "2011-08": {
            "month": "2011-08",
            "price": "39.07",
            "revenue": 40133
        },
        "2011-09": {
            "month": "2011-09",
            "price": "38.28",
            "revenue": 83302
        },
        "2011-10": {
            "month": "2011-10",
            "price": "39.74",
            "revenue": 60781
        },
        "2011-11": {
            "month": "2011-11",
            "price": "38.52",
            "revenue": 62724
        },
        "2011-12": {
            "month": "2011-12",
            "price": "33.55",
            "revenue": 632583
        },
        "2012-01": {
            "month": "2012-01",
            "price": "33.29",
            "revenue": 72123
        },
        "2012-02": {
            "month": "2012-02",
            "price": "34.10",
            "revenue": 80284
        },
        "2012-03": {
            "month": "2012-03",
            "price": "39.12",
            "revenue": 164936
        },
        "2012-04": {
            "month": "2012-04",
            "price": "39.65",
            "revenue": 68659
        },
        "2012-05": {
            "month": "2012-05",
            "price": "39.78",
            "revenue": 104640
        },
        "2012-06": {
            "month": "2012-06",
            "price": "39.19",
            "revenue": 100780
        },
        "2012-07": {
            "month": "2012-07",
            "price": "39.30",
            "revenue": 76935
        },
        "2012-08": {
            "month": "2012-08",
            "price": "38.99",
            "revenue": 134615
        },
        "2012-09": {
            "month": "2012-09",
            "price": "32.75",
            "revenue": 183215
        },
        "2012-10": {
            "month": "2012-10",
            "price": "31.54",
            "revenue": 111864
        },
        "2012-11": {
            "month": "2012-11",
            "price": "31.47",
            "revenue": 110658
        },
        "2012-12": {
            "month": "2012-12",
            "price": "31.47",
            "revenue": 54885
        },
        "2013-01": {
            "month": "2013-01",
            "price": "32.15",
            "revenue": 1073016
        },
        "2013-02": {
            "month": "2013-02",
            "price": "32.63",
            "revenue": 1996632
        },
        "2013-03": {
            "month": "2013-03",
            "price": "37.00",
            "revenue": 105738
        },
        "2013-04": {
            "month": "2013-04",
            "price": "41.28",
            "revenue": 71078
        },
        "2013-05": {
            "month": "2013-05",
            "price": "56.96",
            "revenue": 13589
        },
        "2013-06": {
            "month": "2013-06",
            "price": "65.59",
            "revenue": 11607
        },
        "2013-07": {
            "month": "2013-07",
            "price": "56.88",
            "revenue": 12598
        },
        "2013-08": {
            "month": "2013-08",
            "price": "57.05",
            "revenue": 41324
        },
        "2013-09": {
            "month": "2013-09",
            "price": "54.11",
            "revenue": 12771
        },
        "2013-10": {
            "month": "2013-10",
            "price": "44.34",
            "revenue": 21377
        },
        "2013-11": {
            "month": "2013-11",
            "price": "39.52",
            "revenue": 21473
        },
        "2013-12": {
            "month": "2013-12",
            "price": "41.03",
            "revenue": 19511
        },
        "2014-01": {
            "month": "2014-01",
            "price": "39.32",
            "revenue": 34367
        },
        "2014-02": {
            "month": "2014-02",
            "price": "39.79",
            "revenue": 11410
        },
        "2014-03": {
            "month": "2014-03",
            "price": "39.56",
            "revenue": 15742
        },
        "2014-04": {
            "month": "2014-04",
            "price": "37.48",
            "revenue": 11109
        },
        "2014-05": {
            "month": "2014-05",
            "price": "27.43",
            "revenue": 2472
        },
        "2014-06": {
            "month": "2014-06",
            "price": "23.88",
            "revenue": 19656
        },
        "2014-07": {
            "month": "2014-07",
            "price": "19.72",
            "revenue": 12037
        },
        "2014-08": {
            "month": "2014-08",
            "price": "16.68",
            "revenue": 12850
        },
        "2014-09": {
            "month": "2014-09",
            "price": "15.87",
            "revenue": 13664
        },
        "2014-10": {
            "month": "2014-10",
            "price": "13.54",
            "revenue": 11851
        },
        "2014-11": {
            "month": "2014-11",
            "price": "14.42",
            "revenue": 10919
        },
        "2014-12": {
            "month": "2014-12",
            "price": "15.69",
            "revenue": 12422
        },
        "2015-01": {
            "month": "2015-01",
            "price": "16.55",
            "revenue": 11045
        },
        "2015-02": {
            "month": "2015-02",
            "price": "15.68",
            "revenue": 12194
        },
        "2015-03": {
            "month": "2015-03",
            "price": "14.94",
            "revenue": 11428
        },
        "2015-04": {
            "month": "2015-04",
            "price": "13.92",
            "revenue": 11313
        },
        "2015-05": {
            "month": "2015-05",
            "price": "12.99",
            "revenue": 11514
        },
        "2015-06": {
            "month": "2015-06",
            "price": "10.30",
            "revenue": 12236
        },
        "2015-07": {
            "month": "2015-07",
            "price": "10.09",
            "revenue": 12620
        },
        "2015-08": {
            "month": "2015-08",
            "price": "9.93",
            "revenue": 11715
        },
        "2015-09": {
            "month": "2015-09",
            "price": "10.30",
            "revenue": 13045
        },
        "2015-10": {
            "month": "2015-10",
            "price": "11.86",
            "revenue": 11823
        },
        "2015-11": {
            "month": "2015-11",
            "price": "10.97",
            "revenue": 11501
        },
        "2015-12": {
            "month": "2015-12",
            "price": "10.19",
            "revenue": 12059
        },
        "2016-01": {
            "month": "2016-01",
            "price": "9.52",
            "revenue": 11477
        },
        "2016-02": {
            "month": "2016-02",
            "price": "9.70",
            "revenue": 11699
        },
        "2016-03": {
            "month": "2016-03",
            "price": "9.79",
            "revenue": 11381
        },
        "2016-04": {
            "month": "2016-04",
            "price": "9.71",
            "revenue": 11798
        },
        "2016-05": {
            "month": "2016-05",
            "price": "9.78",
            "revenue": 11274
        },
        "2016-06": {
            "month": "2016-06",
            "price": "10.14",
            "revenue": 691080
        },
        "2016-07": {
            "month": "2016-07",
            "price": "11.94",
            "revenue": 12138
        },
        "2016-08": {
            "month": "2016-08",
            "price": "11.52",
            "revenue": 12636
        },
        "2016-09": {
            "month": "2016-09",
            "price": "11.24",
            "revenue": 10516
        },
        "2016-10": {
            "month": "2016-10",
            "price": "11.56",
            "revenue": 10876
        },
        "2016-11": {
            "month": "2016-11",
            "price": "11.55",
            "revenue": 11811
        },
        "2016-12": {
            "month": "2016-12",
            "price": "11.74",
            "revenue": 63663
        },
        "2017-01": {
            "month": "2017-01",
            "price": "11.93",
            "revenue": 62920
        },
        "2017-02": {
            "month": "2017-02",
            "price": "12.06",
            "revenue": 56475
        },
        "2017-03": {
            "month": "2017-03",
            "price": "11.96",
            "revenue": 62303
        },
        "2017-04": {
            "month": "2017-04",
            "price": "11.57",
            "revenue": 185014
        },
        "2017-05": {
            "month": "2017-05",
            "price": "11.70",
            "revenue": 58060
        },
        "2017-06": {
            "month": "2017-06",
            "price": "11.45",
            "revenue": 59443
        },
        "2017-07": {
            "month": "2017-07",
            "price": "11.30",
            "revenue": 56151
        },
        "2017-08": {
            "month": "2017-08",
            "price": "10.67",
            "revenue": 58728
        },
        "2017-09": {
            "month": "2017-09",
            "price": "10.29",
            "revenue": 55632
        },
        "2017-10": {
            "month": "2017-10",
            "price": "10.36",
            "revenue": 63557
        },
        "2017-11": {
            "month": "2017-11",
            "price": "10.03",
            "revenue": 69186
        },
        "2017-12": {
            "month": "2017-12",
            "price": "9.80",
            "revenue": 219687
        },
        "2018-01": {
            "month": "2018-01",
            "price": "9.84",
            "revenue": 371635
        },
        "2018-02": {
            "month": "2018-02",
            "price": "9.88",
            "revenue": 460193
        },
        "2018-03": {
            "month": "2018-03",
            "price": "11.20",
            "revenue": 66098
        },
        "2018-04": {
            "month": "2018-04",
            "price": "11.95",
            "revenue": 62016
        },
        "2018-05": {
            "month": "2018-05",
            "price": "13.30",
            "revenue": 57408
        },
        "2018-06": {
            "month": "2018-06",
            "price": "16.09",
            "revenue": 63426
        },
        "2018-07": {
            "month": "2018-07",
            "price": "13.62",
            "revenue": 62256
        },
        "2018-08": {
            "month": "2018-08",
            "price": "15.43",
            "revenue": 67386
        },
        "2018-09": {
            "month": "2018-09",
            "price": "15.87",
            "revenue": 58508
        },
        "2018-10": {
            "month": "2018-10",
            "price": "13.75",
            "revenue": 65269
        },
        "2018-11": {
            "month": "2018-11",
            "price": "11.66",
            "revenue": 68852
        },
        "2018-12": {
            "month": "2018-12",
            "price": "10.60",
            "revenue": 80785
        },
        "2019-01": {
            "month": "2019-01",
            "price": "10.10",
            "revenue": 63462
        },
        "2019-02": {
            "month": "2019-02",
            "price": "10.73",
            "revenue": 55735
        },
        "2019-03": {
            "month": "2019-03",
            "price": "10.45",
            "revenue": 66180
        },
        "2019-04": {
            "month": "2019-04",
            "price": "10.55",
            "revenue": 59198
        },
        "2019-05": {
            "month": "2019-05",
            "price": "10.39",
            "revenue": 66147
        },
        "2019-06": {
            "month": "2019-06",
            "price": "10.31",
            "revenue": 58261
        },
        "2019-07": {
            "month": "2019-07",
            "price": "10.18",
            "revenue": 59533
        },
        "2019-08": {
            "month": "2019-08",
            "price": "9.97",
            "revenue": 70147
        },
        "2019-09": {
            "month": "2019-09",
            "price": "9.87",
            "revenue": 53561
        },
        "2019-10": {
            "month": "2019-10",
            "price": "9.91",
            "revenue": 63892
        },
        "2019-11": {
            "month": "2019-11",
            "price": "9.84",
            "revenue": 69127
        },
        "2019-12": {
            "month": "2019-12",
            "price": "9.88",
            "revenue": 80123
        },
        "2020-01": {
            "month": "2020-01",
            "price": "9.55",
            "revenue": 63402
        },
        "2020-02": {
            "month": "2020-02",
            "price": "9.35",
            "revenue": 29233
        },
        "2020-03": {
            "month": "2020-03",
            "price": "7.83",
            "revenue": 20401
        },
        "2020-04": {
            "month": "2020-04",
            "price": "7.65",
            "revenue": 8231
        },
        "2020-05": {
            "month": "2020-05",
            "price": "8.23",
            "revenue": 19860
        },
        "2020-06": {
            "month": "2020-06",
            "price": "7.95",
            "revenue": 23560
        },
        "2020-07": {
            "month": "2020-07",
            "price": "8.01",
            "revenue": 26086
        },
        "2020-08": {
            "month": "2020-08",
            "price": "8.74",
            "revenue": 31409
        },
        "2020-09": {
            "month": "2020-09",
            "price": "10.39",
            "revenue": 33471
        },
        "2020-10": {
            "month": "2020-10",
            "price": "10.41",
            "revenue": 32753
        },
        "2020-11": {
            "month": "2020-11",
            "price": "11.85",
            "revenue": 38468
        },
        "2020-12": {
            "month": "2020-12",
            "price": "11.24",
            "revenue": 43838
        },
        "2021-01": {
            "month": "2021-01",
            "price": "10.54",
            "revenue": 44030
        },
        "2021-02": {
            "month": "2021-02",
            "price": "10.77",
            "revenue": 36610
        },
        "2021-03": {
            "month": "2021-03",
            "price": "10.38",
            "revenue": 34338
        },
        "2021-04": {
            "month": "2021-04",
            "price": "10.56",
            "revenue": 35697
        },
        "2021-05": {
            "month": "2021-05",
            "price": "10.16",
            "revenue": 25352
        },
        "2021-06": {
            "month": "2021-06",
            "price": "9.96",
            "revenue": 9096
        },
        "2021-07": {
            "month": "2021-07",
            "price": "9.78",
            "revenue": 346590
        },
        "2021-08": {
            "month": "2021-08",
            "price": "9.81",
            "revenue": 40649
        },
        "2021-09": {
            "month": "2021-09",
            "price": "9.65",
            "revenue": 41448
        },
        "2021-10": {
            "month": "2021-10",
            "price": "9.33",
            "revenue": 34384
        },
        "2021-11": {
            "month": "2021-11",
            "price": "9.53",
            "revenue": 40487
        },
        "2021-12": {
            "month": "2021-12",
            "price": "9.56",
            "revenue": 47590
        },
        "2022-01": {
            "month": "2022-01",
            "price": "9.53",
            "revenue": 46920
        },
        "2022-02": {
            "month": "2022-02",
            "price": "9.52",
            "revenue": 29647
        },
        "2022-03": {
            "month": "2022-03",
            "price": "9.35",
            "revenue": 27373
        },
        "2022-04": {
            "month": "2022-04",
            "price": "9.24",
            "revenue": 31183
        },
        "2022-05": {
            "month": "2022-05",
            "price": "9.43",
            "revenue": 30859
        },
        "2022-06": {
            "month": "2022-06",
            "price": "9.17",
            "revenue": 55427
        },
        "2022-07": {
            "month": "2022-07",
            "price": "8.93",
            "revenue": 34612
        },
        "2022-08": {
            "month": "2022-08",
            "price": "9.18",
            "revenue": 38959
        },
        "2022-09": {
            "month": "2022-09",
            "price": "9.15",
            "revenue": 38222
        },
        "2022-10": {
            "month": "2022-10",
            "price": "8.85",
            "revenue": 30941
        },
        "2022-11": {
            "month": "2022-11",
            "price": "8.60",
            "revenue": 35112
        },
        "2022-12": {
            "month": "2022-12",
            "price": "8.46",
            "revenue": 52938
        },
        "2023-01": {
            "month": "2023-01",
            "price": "8.38",
            "revenue": 44227
        },
        "2023-02": {
            "month": "2023-02",
            "price": "8.53",
            "revenue": 40801
        },
        "2023-03": {
            "month": "2023-03",
            "price": "9.18",
            "revenue": 49491
        },
        "2023-04": {
            "month": "2023-04",
            "price": "9.04",
            "revenue": 41979
        }
    }
}
