{
    "summary": {
        "stock_name": "華容",
        "stock_id": "5328",
        "category": "電子零組件",
        "main_business": "各種電子零組件及原料之製造,加工,裝配,進出口及買賣業務電子<br>材料,塑膠(電子裝配用之塑膠另件),橡膠(電子裝配用之橡膠另件)<br>,機械之進出口及買賣業務G801010倉儲業",
        "website_url": "http://www.hjc.com.tw",
        "ceo": "許志彰",
        "pe_ratio": 33,
        "report_year_from": 2001,
        "report_year_to": 2023,
        "age": 22,
        "eps_negative_percentage": 35,
        "eps_growth_avg": {
            "last_all": -48.37,
            "last_2y": 73.08,
            "last_4y": 0.43,
            "last_8y": -25.19,
            "last_12y": -40.37,
            "last_16y": -46.93,
            "last_20y": -48.37,
            "at_2006_last_3y": -56.25,
            "at_2007_last_3y": -100,
            "at_2008_last_3y": -52.94,
            "at_2009_last_3y": -76.47,
            "at_2010_last_3y": -76.47,
            "at_2011_last_3y": -79.98,
            "at_2012_last_3y": -95.67,
            "at_2013_last_3y": -93.5,
            "at_2014_last_3y": -95.67,
            "at_2015_last_3y": -100,
            "at_2016_last_3y": -50,
            "at_2017_last_3y": -59.35,
            "at_2018_last_3y": -40.83,
            "at_2019_last_3y": -55.62,
            "at_2020_last_3y": -74.16,
            "at_2021_last_3y": -32.76,
            "at_2022_last_3y": 15.38,
            "at_2023_last_3y": 15.38,
            "at_2006_last_all": -56.25,
            "at_2007_last_all": -56.25,
            "at_2008_last_all": -55.15,
            "at_2009_last_all": -66.36,
            "at_2010_last_all": -66.36,
            "at_2011_last_all": -70.49,
            "at_2012_last_all": -75.41,
            "at_2013_last_all": -75.41,
            "at_2014_last_all": -78.92,
            "at_2015_last_all": -78.92,
            "at_2016_last_all": -69.06,
            "at_2017_last_all": -70.05,
            "at_2018_last_all": -67.49,
            "at_2019_last_all": -70.45,
            "at_2020_last_all": -70.45,
            "at_2021_last_all": -60.73,
            "at_2022_last_all": -48.37,
            "at_2023_last_all": -48.37
        },
        "latest_eps": 0.45,
        "latest_price": 14.95,
        "latest_roe": 4.51,
        "latest_gross_margin": 24.1,
        "latest_equity": 1730225,
        "latest_revenue": 251801,
        "latest_gross_profit": 60683,
        "latest_net_income": 13456,
        "latest_debt_ratio": 24.13,
        "latest_current_ratio": 311.63,
        "latest_account_receivable_turnover_ratio": 0.3,
        "latest_inventory_turnover_ratio": 1.24,
        "latest_reinvestment_rate": -49.55,
        "latest_research_to_sale_ratio": 0.71
    },
    "eps_dividends": {
        "1998": {
            "cash": 0,
            "stock": 3,
            "eps": 0
        },
        "1999": {
            "cash": 0,
            "stock": 2.5,
            "eps": 0
        },
        "2000": {
            "cash": 0,
            "stock": 1,
            "eps": 0
        },
        "2001": {
            "cash": 0,
            "stock": 1.2,
            "eps": -1.18
        },
        "2002": {
            "cash": 0,
            "stock": 0,
            "eps": 0.08
        },
        "2003": {
            "cash": 0,
            "stock": 0,
            "eps": 0.07
        },
        "2004": {
            "cash": 0,
            "stock": 0,
            "eps": -3.74
        },
        "2005": {
            "cash": 0,
            "stock": 0,
            "eps": -1.46
        },
        "2006": {
            "cash": 0,
            "stock": 0,
            "eps": -0.26
        },
        "2007": {
            "cash": 0,
            "stock": 0,
            "eps": 0.17
        },
        "2008": {
            "cash": 0,
            "stock": 0,
            "eps": 0.08
        },
        "2009": {
            "cash": 0,
            "stock": 0,
            "eps": -0.39
        },
        "2010": {
            "cash": 0,
            "stock": 0,
            "eps": 1
        },
        "2011": {
            "cash": 0.09,
            "stock": 0.21,
            "eps": 0.13
        },
        "2012": {
            "cash": 0.26,
            "stock": 0,
            "eps": -0.44
        },
        "2013": {
            "cash": 0,
            "stock": 0,
            "eps": 0.25
        },
        "2014": {
            "cash": 0,
            "stock": 0,
            "eps": -0.65
        },
        "2015": {
            "cash": 0,
            "stock": 0,
            "eps": 0.41
        },
        "2016": {
            "cash": 0,
            "stock": 0,
            "eps": 0.41
        },
        "2017": {
            "cash": 0.31,
            "stock": 0,
            "eps": 0.09
        },
        "2018": {
            "cash": 0,
            "stock": 0,
            "eps": 0.05
        },
        "2019": {
            "cash": 0,
            "stock": 0,
            "eps": -0.14
        },
        "2020": {
            "cash": 0,
            "stock": 0,
            "eps": 0.13
        },
        "2021": {
            "cash": 0,
            "stock": 0,
            "eps": 0.19
        },
        "2022": {
            "cash": 0.15,
            "stock": 0,
            "eps": 0.42
        },
        "2023": {
            "cash": 0,
            "stock": 0,
            "eps": 0.08
        }
    },
    "dividends": {
        "1998-05-08": {
            "cash": 0,
            "stock": 3
        },
        "1999-06-15": {
            "cash": 0,
            "stock": 2.5
        },
        "2000-06-20": {
            "cash": 0,
            "stock": 1
        },
        "2001-06-15": {
            "cash": 0,
            "stock": 1.2
        },
        "2011-03-28": {
            "cash": 0.09,
            "stock": 0.21
        },
        "2012-06-25": {
            "cash": 0.26,
            "stock": 0
        },
        "2017-09-08": {
            "cash": 0.31,
            "stock": 0
        },
        "2022-10-07": {
            "cash": 0.15,
            "stock": 0
        }
    },
    "prices": {
        "200101": "7.91",
        "200102": "11.26",
        "200103": "13.18",
        "200104": "14.97",
        "200105": "11.27",
        "200106": "10.66",
        "200107": "7.37",
        "200108": "6.89",
        "200109": "5.60",
        "200110": "4.94",
        "200111": "5.92",
        "200112": "8.70",
        "200201": "13.99",
        "200202": "15.01",
        "200203": "17.20",
        "200204": "22.72",
        "200205": "16.11",
        "200206": "13.04",
        "200207": "10.71",
        "200208": "9.28",
        "200209": "8.08",
        "200210": "9.20",
        "200211": "11.25",
        "200212": "10.43",
        "200301": "9.39",
        "200302": "8.96",
        "200303": "8.27",
        "200304": "8.20",
        "200305": "7.45",
        "200306": "10.72",
        "200307": "13.02",
        "200308": "11.96",
        "200309": "12.60",
        "200310": "11.23",
        "200311": "11.66",
        "200312": "11.97",
        "200401": "11.95",
        "200402": "12.36",
        "200403": "11.34",
        "200404": "10.87",
        "200405": "8.78",
        "200406": "7.48",
        "200407": "5.74",
        "200408": "5.24",
        "200409": "4.67",
        "200410": "4.22",
        "200411": "3.98",
        "200412": "3.57",
        "200501": "3.36",
        "200502": "3.35",
        "200503": "3.99",
        "200504": "3.95",
        "200505": "3.59",
        "200506": "4.03",
        "200507": "4.56",
        "200508": "5.04",
        "200509": "5.37",
        "200510": "4.74",
        "200511": "4.76",
        "200512": "5.85",
        "200601": "6.63",
        "200602": "5.95",
        "200603": "5.93",
        "200604": "6.17",
        "200605": "5.68",
        "200606": "4.96",
        "200607": "4.84",
        "200608": "4.64",
        "200609": "4.38",
        "200610": "4.82",
        "200611": "5.05",
        "200612": "5.60",
        "200701": "5.33",
        "200702": "5.26",
        "200703": "5.70",
        "200704": "6.90",
        "200705": "9.63",
        "200706": "10.21",
        "200707": "14.01",
        "200708": "12.38",
        "200709": "11.84",
        "200710": "12.11",
        "200711": "10.94",
        "200712": "9.78",
        "200801": "8.96",
        "200802": "7.94",
        "200803": "8.04",
        "200804": "7.30",
        "200805": "6.94",
        "200806": "5.75",
        "200807": "4.62",
        "200808": "4.43",
        "200809": "3.88",
        "200810": "2.92",
        "200811": "3.04",
        "200812": "2.80",
        "200901": "2.38",
        "200902": "2.51",
        "200903": "3.37",
        "200904": "4.44",
        "200905": "5.32",
        "200906": "5.60",
        "200907": "6.63",
        "200908": "8.48",
        "200909": "8.85",
        "200910": "8.66",
        "200911": "8.32",
        "200912": "9.26",
        "201001": "10.51",
        "201002": "8.60",
        "201003": "9.62",
        "201004": "11.77",
        "201005": "12.84",
        "201006": "12.03",
        "201007": "12.54",
        "201008": "12.55",
        "201009": "12.02",
        "201010": "11.10",
        "201011": "9.86",
        "201012": "11.42",
        "201101": "11.72",
        "201102": "10.73",
        "201103": "9.99",
        "201104": "10.00",
        "201105": "9.79",
        "201106": "9.16",
        "201107": "8.15",
        "201108": "7.29",
        "201109": "7.48",
        "201110": "7.30",
        "201111": "6.89",
        "201112": "6.24",
        "201201": "6.86",
        "201202": "7.80",
        "201203": "7.77",
        "201204": "7.52",
        "201205": "6.83",
        "201206": "6.66",
        "201207": "7.04",
        "201208": "6.99",
        "201209": "7.14",
        "201210": "7.67",
        "201211": "7.33",
        "201212": "7.36",
        "201301": "7.49",
        "201302": "8.29",
        "201303": "8.54",
        "201304": "7.59",
        "201305": "7.60",
        "201306": "7.91",
        "201307": "7.21",
        "201308": "7.21",
        "201309": "7.87",
        "201310": "7.83",
        "201311": "7.18",
        "201312": "7.22",
        "201401": "8.27",
        "201402": "9.24",
        "201403": "8.43",
        "201404": "8.33",
        "201405": "8.04",
        "201406": "8.22",
        "201407": "8.21",
        "201408": "7.64",
        "201409": "7.53",
        "201410": "7.00",
        "201411": "6.60",
        "201412": "6.83",
        "201501": "7.08",
        "201502": "7.73",
        "201503": "7.42",
        "201504": "6.52",
        "201505": "6.02",
        "201506": "5.37",
        "201507": "5.50",
        "201508": "4.56",
        "201509": "4.62",
        "201510": "4.66",
        "201511": "5.58",
        "201512": "5.25",
        "201601": "4.80",
        "201602": "5.19",
        "201603": "5.92",
        "201604": "5.98",
        "201605": "5.77",
        "201606": "5.92",
        "201607": "6.10",
        "201608": "6.50",
        "201609": "6.79",
        "201610": "6.43",
        "201611": "6.35",
        "201612": "6.69",
        "201701": "7.21",
        "201702": "8.01",
        "201703": "8.33",
        "201704": "9.10",
        "201705": "8.67",
        "201706": "9.05",
        "201707": "8.48",
        "201708": "8.38",
        "201709": "8.39",
        "201710": "8.88",
        "201711": "10.12",
        "201712": "10.05",
        "201801": "10.77",
        "201802": "9.90",
        "201803": "10.72",
        "201804": "10.10",
        "201805": "11.00",
        "201806": "18.68",
        "201807": "19.80",
        "201808": "16.06",
        "201809": "13.72",
        "201810": "10.69",
        "201811": "9.64",
        "201812": "9.65",
        "201901": "8.52",
        "201902": "9.56",
        "201903": "9.00",
        "201904": "8.88",
        "201905": "7.90",
        "201906": "7.34",
        "201907": "7.45",
        "201908": "6.72",
        "201909": "6.91",
        "201910": "7.17",
        "201911": "6.77",
        "201912": "7.90",
        "202001": "9.66",
        "202002": "9.61",
        "202003": "7.09",
        "202004": "7.71",
        "202005": "8.54",
        "202006": "8.39",
        "202007": "8.51",
        "202008": "8.73",
        "202009": "9.01",
        "202010": "8.72",
        "202011": "9.05",
        "202012": "11.07",
        "202101": "13.32",
        "202102": "13.11",
        "202103": "14.22",
        "202104": "16.78",
        "202105": "13.62",
        "202106": "13.64",
        "202107": "16.90",
        "202108": "16.35",
        "202109": "16.41",
        "202110": "15.15",
        "202111": "14.96",
        "202112": "14.58",
        "202201": "14.75",
        "202202": "13.77",
        "202203": "12.60",
        "202204": "11.98",
        "202205": "10.84",
        "202206": "10.59",
        "202207": "9.79",
        "202208": "10.14",
        "202209": "9.74",
        "202210": "8.87",
        "202211": "9.62",
        "202212": "10.16",
        "202301": "10.03",
        "202302": "10.70",
        "202303": "11.42",
        "202304": "13.78",
        "202305": "14.18",
        "202306": "15.72"
    },
    "quarters": {
        "20011": {
            "year_quarter": 20011,
            "year": 2001,
            "quarter": 1,
            "eps": -0.21,
            "eps_growth_year": null,
            "eps_4q": 1.37,
            "eps_4q_growth_year": 273.58,
            "roe": -1.31,
            "roe_4q": -1.31,
            "gross_profit": 32596,
            "gross_margin": 7.64,
            "gross_margin_4q_avg": 7.64,
            "net_income": -29558,
            "revenue": 426441,
            "common_shares": 1392990,
            "book_valuer_per_share": 16.03,
            "book_valuer_per_share_4q_avg": 16.03,
            "equity": 2233281,
            "current_ratio": 137.58,
            "debt_ratio": 33.03,
            "inventory_turnover_ratio": 0.91,
            "account_receivable_turnover_ratio": null,
            "reinvestment_rate": null,
            "research_to_sale_ratio": null,
            "price_fair": 0,
            "eps_avg_yearly": 0,
            "eps_latest_yearly": 0,
            "eps_growth_yearly": 0
        },
        "20012": {
            "year_quarter": 20012,
            "year": 2001,
            "quarter": 2,
            "eps": -0.33,
            "eps_growth_year": null,
            "eps_4q": 1.53,
            "eps_4q_growth_year": null,
            "roe": -2.07,
            "roe_4q": -3.38,
            "gross_profit": 18585,
            "gross_margin": 4.57,
            "gross_margin_4q_avg": 6.11,
            "net_income": -45946,
            "revenue": 407025,
            "common_shares": 1392990,
            "book_valuer_per_share": 15.81,
            "book_valuer_per_share_4q_avg": 15.92,
            "equity": 2202807,
            "current_ratio": 138.96,
            "debt_ratio": 36.34,
            "inventory_turnover_ratio": 1.49,
            "account_receivable_turnover_ratio": null,
            "reinvestment_rate": null,
            "research_to_sale_ratio": null,
            "price_fair": 0,
            "eps_avg_yearly": 0,
            "eps_latest_yearly": 0,
            "eps_growth_yearly": 0
        },
        "20013": {
            "year_quarter": 20013,
            "year": 2001,
            "quarter": 3,
            "eps": -0.03,
            "eps_growth_year": -101.46,
            "eps_4q": -0.49,
            "eps_4q_growth_year": -136.76,
            "roe": -0.2,
            "roe_4q": -3.58,
            "gross_profit": 35782,
            "gross_margin": 7.09,
            "gross_margin_4q_avg": 6.43,
            "net_income": -4408,
            "revenue": 504853,
            "common_shares": 1569213,
            "book_valuer_per_share": 14,
            "book_valuer_per_share_4q_avg": 15.28,
            "equity": 2196177,
            "current_ratio": 124.14,
            "debt_ratio": 39.54,
            "inventory_turnover_ratio": 1.73,
            "account_receivable_turnover_ratio": null,
            "reinvestment_rate": null,
            "research_to_sale_ratio": null,
            "price_fair": 0,
            "eps_avg_yearly": 0,
            "eps_latest_yearly": 0,
            "eps_growth_yearly": 0
        },
        "20014": {
            "year_quarter": 20014,
            "year": 2001,
            "quarter": 4,
            "eps": -0.61,
            "eps_growth_year": -3150,
            "eps_4q": -1.13,
            "eps_4q_growth_year": -207.47,
            "roe": -4.32,
            "roe_4q": -7.9,
            "gross_profit": 36634,
            "gross_margin": 6.87,
            "gross_margin_4q_avg": 6.54,
            "net_income": -92970,
            "revenue": 533325,
            "common_shares": 1569213,
            "book_valuer_per_share": 13.45,
            "book_valuer_per_share_4q_avg": 14.82,
            "equity": 2110454,
            "current_ratio": 103.95,
            "debt_ratio": 48.39,
            "inventory_turnover_ratio": 1.07,
            "account_receivable_turnover_ratio": null,
            "reinvestment_rate": null,
            "research_to_sale_ratio": null,
            "price_fair": 0,
            "eps_avg_yearly": 0,
            "eps_latest_yearly": 0,
            "eps_growth_yearly": 0
        },
        "20021": {
            "year_quarter": 20021,
            "year": 2002,
            "quarter": 1,
            "eps": 0.07,
            "eps_growth_year": null,
            "eps_4q": -0.87,
            "eps_4q_growth_year": -163.37,
            "roe": 0.5,
            "roe_4q": -6.09,
            "gross_profit": 47988,
            "gross_margin": 7.03,
            "gross_margin_4q_avg": 6.39,
            "net_income": 10683,
            "revenue": 682164,
            "common_shares": 1569213,
            "book_valuer_per_share": 13.78,
            "book_valuer_per_share_4q_avg": 14.26,
            "equity": 2161615,
            "current_ratio": 118.95,
            "debt_ratio": 39.52,
            "inventory_turnover_ratio": 1.39,
            "account_receivable_turnover_ratio": null,
            "reinvestment_rate": null,
            "research_to_sale_ratio": null,
            "price_fair": 0,
            "eps_avg_yearly": 0,
            "eps_latest_yearly": 0,
            "eps_growth_yearly": 0
        },
        "20022": {
            "year_quarter": 20022,
            "year": 2002,
            "quarter": 2,
            "eps": 0,
            "eps_growth_year": null,
            "eps_4q": -0.55,
            "eps_4q_growth_year": -135.84,
            "roe": 0.03,
            "roe_4q": -3.99,
            "gross_profit": 38535,
            "gross_margin": 8.24,
            "gross_margin_4q_avg": 7.31,
            "net_income": 575,
            "revenue": 467822,
            "common_shares": 1569213,
            "book_valuer_per_share": 13.67,
            "book_valuer_per_share_4q_avg": 13.73,
            "equity": 2145051,
            "current_ratio": 118.74,
            "debt_ratio": 38.87,
            "inventory_turnover_ratio": 1.62,
            "account_receivable_turnover_ratio": null,
            "reinvestment_rate": null,
            "research_to_sale_ratio": null,
            "price_fair": 0,
            "eps_avg_yearly": 0,
            "eps_latest_yearly": 0,
            "eps_growth_yearly": 0
        },
        "20023": {
            "year_quarter": 20023,
            "year": 2002,
            "quarter": 3,
            "eps": 0.05,
            "eps_growth_year": null,
            "eps_4q": -0.49,
            "eps_4q_growth_year": null,
            "roe": 0.35,
            "roe_4q": -3.4400000000000004,
            "gross_profit": 39053,
            "gross_margin": 7.08,
            "gross_margin_4q_avg": 7.31,
            "net_income": 7618,
            "revenue": 551712,
            "common_shares": 1569213,
            "book_valuer_per_share": 13.8,
            "book_valuer_per_share_4q_avg": 13.68,
            "equity": 2165649,
            "current_ratio": 116.49,
            "debt_ratio": 40.14,
            "inventory_turnover_ratio": 1.82,
            "account_receivable_turnover_ratio": null,
            "reinvestment_rate": null,
            "research_to_sale_ratio": null,
            "price_fair": 0,
            "eps_avg_yearly": 0,
            "eps_latest_yearly": 0,
            "eps_growth_yearly": 0
        },
        "20024": {
            "year_quarter": 20024,
            "year": 2002,
            "quarter": 4,
            "eps": -0.04,
            "eps_growth_year": null,
            "eps_4q": 0.08,
            "eps_4q_growth_year": null,
            "roe": -0.32,
            "roe_4q": 0.5599999999999999,
            "gross_profit": 55808,
            "gross_margin": 7.66,
            "gross_margin_4q_avg": 7.5,
            "net_income": -6950,
            "revenue": 728864,
            "common_shares": 1569213,
            "book_valuer_per_share": 13.7,
            "book_valuer_per_share_4q_avg": 13.74,
            "equity": 2149795,
            "current_ratio": 102.77,
            "debt_ratio": 48.41,
            "inventory_turnover_ratio": 1.26,
            "account_receivable_turnover_ratio": null,
            "reinvestment_rate": 144.28,
            "research_to_sale_ratio": null,
            "price_fair": 0,
            "eps_avg_yearly": 0,
            "eps_latest_yearly": 0,
            "eps_growth_yearly": 0
        },
        "20031": {
            "year_quarter": 20031,
            "year": 2003,
            "quarter": 1,
            "eps": 0.08,
            "eps_growth_year": 14.29,
            "eps_4q": 0.09,
            "eps_4q_growth_year": null,
            "roe": 0.61,
            "roe_4q": 0.6699999999999999,
            "gross_profit": 82701,
            "gross_margin": 11.69,
            "gross_margin_4q_avg": 8.67,
            "net_income": 13092,
            "revenue": 707359,
            "common_shares": 1569213,
            "book_valuer_per_share": 13.79,
            "book_valuer_per_share_4q_avg": 13.74,
            "equity": 2163617,
            "current_ratio": 115.24,
            "debt_ratio": 40.56,
            "inventory_turnover_ratio": 1.23,
            "account_receivable_turnover_ratio": null,
            "reinvestment_rate": -265.83,
            "research_to_sale_ratio": null,
            "price_fair": 0,
            "eps_avg_yearly": 0,
            "eps_latest_yearly": 0,
            "eps_growth_yearly": 0
        },
        "20032": {
            "year_quarter": 20032,
            "year": 2003,
            "quarter": 2,
            "eps": 0.1,
            "eps_growth_year": null,
            "eps_4q": 0.19,
            "eps_4q_growth_year": null,
            "roe": 0.69,
            "roe_4q": 1.3299999999999996,
            "gross_profit": 66603,
            "gross_margin": 10.62,
            "gross_margin_4q_avg": 9.26,
            "net_income": 14954,
            "revenue": 627339,
            "common_shares": 1569213,
            "book_valuer_per_share": 13.87,
            "book_valuer_per_share_4q_avg": 13.79,
            "equity": 2176882,
            "current_ratio": 161.33,
            "debt_ratio": 41.23,
            "inventory_turnover_ratio": 2.45,
            "account_receivable_turnover_ratio": null,
            "reinvestment_rate": -554.95,
            "research_to_sale_ratio": null,
            "price_fair": 14,
            "eps_avg_yearly": 0.4,
            "eps_latest_yearly": 0.4,
            "eps_growth_yearly": 100
        },
        "20033": {
            "year_quarter": 20033,
            "year": 2003,
            "quarter": 3,
            "eps": -0.13,
            "eps_growth_year": -360,
            "eps_4q": 0,
            "eps_4q_growth_year": null,
            "roe": -0.92,
            "roe_4q": 0.05999999999999989,
            "gross_profit": 72940,
            "gross_margin": 10.28,
            "gross_margin_4q_avg": 10.06,
            "net_income": -20678,
            "revenue": 709370,
            "common_shares": 1779621,
            "book_valuer_per_share": 13.02,
            "book_valuer_per_share_4q_avg": 13.6,
            "equity": 2316828,
            "current_ratio": 157.83,
            "debt_ratio": 38.32,
            "inventory_turnover_ratio": 2.98,
            "account_receivable_turnover_ratio": null,
            "reinvestment_rate": -1252.51,
            "research_to_sale_ratio": null,
            "price_fair": 14,
            "eps_avg_yearly": 0.4,
            "eps_latest_yearly": 0.4,
            "eps_growth_yearly": 100
        },
        "20034": {
            "year_quarter": 20034,
            "year": 2003,
            "quarter": 4,
            "eps": 0.02,
            "eps_growth_year": null,
            "eps_4q": 0.06,
            "eps_4q_growth_year": -18.79,
            "roe": 0.13,
            "roe_4q": 0.5099999999999999,
            "gross_profit": 77637,
            "gross_margin": 10.22,
            "gross_margin_4q_avg": 10.7,
            "net_income": 3277,
            "revenue": 759595,
            "common_shares": 2059917,
            "book_valuer_per_share": 12.39,
            "book_valuer_per_share_4q_avg": 13.27,
            "equity": 2552279,
            "current_ratio": 125.98,
            "debt_ratio": 44.14,
            "inventory_turnover_ratio": 1.18,
            "account_receivable_turnover_ratio": null,
            "reinvestment_rate": -139.2,
            "research_to_sale_ratio": null,
            "price_fair": 14,
            "eps_avg_yearly": 0.4,
            "eps_latest_yearly": 0.4,
            "eps_growth_yearly": 100
        },
        "20041": {
            "year_quarter": 20041,
            "year": 2004,
            "quarter": 1,
            "eps": -0.22,
            "eps_growth_year": -375,
            "eps_4q": -0.23,
            "eps_4q_growth_year": -364.62,
            "roe": -1.81,
            "roe_4q": -1.9100000000000001,
            "gross_profit": 73399,
            "gross_margin": 10.9,
            "gross_margin_4q_avg": 10.51,
            "net_income": -45657,
            "revenue": 673686,
            "common_shares": 2064874,
            "book_valuer_per_share": 12.08,
            "book_valuer_per_share_4q_avg": 12.84,
            "equity": 2495218,
            "current_ratio": 164.61,
            "debt_ratio": 33.15,
            "inventory_turnover_ratio": 1.04,
            "account_receivable_turnover_ratio": null,
            "reinvestment_rate": -1688.56,
            "research_to_sale_ratio": null,
            "price_fair": 14,
            "eps_avg_yearly": 0.4,
            "eps_latest_yearly": 0.4,
            "eps_growth_yearly": 100
        },
        "20042": {
            "year_quarter": 20042,
            "year": 2004,
            "quarter": 2,
            "eps": -0.28,
            "eps_growth_year": -380,
            "eps_4q": -0.59,
            "eps_4q_growth_year": -404.72,
            "roe": -2.34,
            "roe_4q": -4.94,
            "gross_profit": 65288,
            "gross_margin": 11.03,
            "gross_margin_4q_avg": 10.61,
            "net_income": -57760,
            "revenue": 592143,
            "common_shares": 2064874,
            "book_valuer_per_share": 11.85,
            "book_valuer_per_share_4q_avg": 12.34,
            "equity": 2446879,
            "current_ratio": 167.29,
            "debt_ratio": 31.8,
            "inventory_turnover_ratio": 3.02,
            "account_receivable_turnover_ratio": null,
            "reinvestment_rate": -1438.61,
            "research_to_sale_ratio": null,
            "price_fair": 14,
            "eps_avg_yearly": 0.4,
            "eps_latest_yearly": 0.4,
            "eps_growth_yearly": 100
        },
        "20043": {
            "year_quarter": 20043,
            "year": 2004,
            "quarter": 3,
            "eps": -0.06,
            "eps_growth_year": null,
            "eps_4q": -0.55,
            "eps_4q_growth_year": -23339.97,
            "roe": -0.52,
            "roe_4q": -4.54,
            "gross_profit": 63396,
            "gross_margin": 11.52,
            "gross_margin_4q_avg": 10.92,
            "net_income": -12583,
            "revenue": 550376,
            "common_shares": 2064874,
            "book_valuer_per_share": 11.71,
            "book_valuer_per_share_4q_avg": 12.01,
            "equity": 2418144,
            "current_ratio": 157.16,
            "debt_ratio": 33.49,
            "inventory_turnover_ratio": 3.28,
            "account_receivable_turnover_ratio": null,
            "reinvestment_rate": null,
            "research_to_sale_ratio": null,
            "price_fair": 14,
            "eps_avg_yearly": 0.4,
            "eps_latest_yearly": 0.4,
            "eps_growth_yearly": 100
        },
        "20044": {
            "year_quarter": 20044,
            "year": 2004,
            "quarter": 4,
            "eps": -3.18,
            "eps_growth_year": -16000,
            "eps_4q": -3.74,
            "eps_4q_growth_year": -5856.68,
            "roe": -31.21,
            "roe_4q": -35.88,
            "gross_profit": 48239,
            "gross_margin": 8.18,
            "gross_margin_4q_avg": 10.41,
            "net_income": -652410,
            "revenue": 589999,
            "common_shares": 2064874,
            "book_valuer_per_share": 8.54,
            "book_valuer_per_share_4q_avg": 11.05,
            "equity": 1762555,
            "current_ratio": 91.92,
            "debt_ratio": 52.84,
            "inventory_turnover_ratio": 1.37,
            "account_receivable_turnover_ratio": null,
            "reinvestment_rate": null,
            "research_to_sale_ratio": null,
            "price_fair": 14,
            "eps_avg_yearly": 0.4,
            "eps_latest_yearly": 0.4,
            "eps_growth_yearly": 100
        },
        "20051": {
            "year_quarter": 20051,
            "year": 2005,
            "quarter": 1,
            "eps": -0.65,
            "eps_growth_year": null,
            "eps_4q": -4.19,
            "eps_4q_growth_year": null,
            "roe": -7.82,
            "roe_4q": -41.89,
            "gross_profit": 24619,
            "gross_margin": 5.14,
            "gross_margin_4q_avg": 8.97,
            "net_income": -132562,
            "revenue": 478885,
            "common_shares": 2064874,
            "book_valuer_per_share": 7.87,
            "book_valuer_per_share_4q_avg": 9.99,
            "equity": 1625739,
            "current_ratio": 128.92,
            "debt_ratio": 43.41,
            "inventory_turnover_ratio": 1.19,
            "account_receivable_turnover_ratio": null,
            "reinvestment_rate": null,
            "research_to_sale_ratio": null,
            "price_fair": 14,
            "eps_avg_yearly": 0.4,
            "eps_latest_yearly": 0.4,
            "eps_growth_yearly": 100
        },
        "20052": {
            "year_quarter": 20052,
            "year": 2005,
            "quarter": 2,
            "eps": -0.75,
            "eps_growth_year": null,
            "eps_4q": -4.6,
            "eps_4q_growth_year": null,
            "roe": -9.77,
            "roe_4q": -49.32,
            "gross_profit": 33389,
            "gross_margin": 5.66,
            "gross_margin_4q_avg": 7.63,
            "net_income": -152011,
            "revenue": 589954,
            "common_shares": 2064874,
            "book_valuer_per_share": 7.2,
            "book_valuer_per_share_4q_avg": 8.83,
            "equity": 1485699,
            "current_ratio": 134.81,
            "debt_ratio": 45.95,
            "inventory_turnover_ratio": 4.81,
            "account_receivable_turnover_ratio": null,
            "reinvestment_rate": null,
            "research_to_sale_ratio": null,
            "price_fair": 14,
            "eps_avg_yearly": 0.4,
            "eps_latest_yearly": 0.4,
            "eps_growth_yearly": 100
        },
        "20053": {
            "year_quarter": 20053,
            "year": 2005,
            "quarter": 3,
            "eps": 0.16,
            "eps_growth_year": null,
            "eps_4q": -4.04,
            "eps_4q_growth_year": null,
            "roe": 2.21,
            "roe_4q": -46.59,
            "gross_profit": 55174,
            "gross_margin": 7.12,
            "gross_margin_4q_avg": 6.53,
            "net_income": 35673,
            "revenue": 774718,
            "common_shares": 2664874,
            "book_valuer_per_share": 6.52,
            "book_valuer_per_share_4q_avg": 7.53,
            "equity": 1737207,
            "current_ratio": 168.43,
            "debt_ratio": 43.39,
            "inventory_turnover_ratio": 7.49,
            "account_receivable_turnover_ratio": null,
            "reinvestment_rate": null,
            "research_to_sale_ratio": null,
            "price_fair": 14,
            "eps_avg_yearly": 0.4,
            "eps_latest_yearly": 0.4,
            "eps_growth_yearly": 100
        },
        "20054": {
            "year_quarter": 20054,
            "year": 2005,
            "quarter": 4,
            "eps": -0.22,
            "eps_growth_year": null,
            "eps_4q": -1.31,
            "eps_4q_growth_year": null,
            "roe": -2.94,
            "roe_4q": -18.32,
            "gross_profit": 89808,
            "gross_margin": 9.58,
            "gross_margin_4q_avg": 6.88,
            "net_income": -50152,
            "revenue": 937470,
            "common_shares": 2664874,
            "book_valuer_per_share": 6.3,
            "book_valuer_per_share_4q_avg": 6.97,
            "equity": 1678848,
            "current_ratio": 119.21,
            "debt_ratio": 51.48,
            "inventory_turnover_ratio": 2.97,
            "account_receivable_turnover_ratio": null,
            "reinvestment_rate": null,
            "research_to_sale_ratio": null,
            "price_fair": 14,
            "eps_avg_yearly": 0.4,
            "eps_latest_yearly": 0.4,
            "eps_growth_yearly": 100
        },
        "20061": {
            "year_quarter": 20061,
            "year": 2006,
            "quarter": 1,
            "eps": 0.03,
            "eps_growth_year": null,
            "eps_4q": -0.55,
            "eps_4q_growth_year": null,
            "roe": 0.51,
            "roe_4q": -9.989999999999998,
            "gross_profit": -4699,
            "gross_margin": -0.54,
            "gross_margin_4q_avg": 5.46,
            "net_income": 8590,
            "revenue": 866116,
            "common_shares": 2664874,
            "book_valuer_per_share": 6.37,
            "book_valuer_per_share_4q_avg": 6.6,
            "equity": 1697619,
            "current_ratio": 180.45,
            "debt_ratio": 44.38,
            "inventory_turnover_ratio": 3.11,
            "account_receivable_turnover_ratio": null,
            "reinvestment_rate": null,
            "research_to_sale_ratio": null,
            "price_fair": 14,
            "eps_avg_yearly": 0.4,
            "eps_latest_yearly": 0.4,
            "eps_growth_yearly": 100
        },
        "20062": {
            "year_quarter": 20062,
            "year": 2006,
            "quarter": 2,
            "eps": -0.1,
            "eps_growth_year": null,
            "eps_4q": -0.13,
            "eps_4q_growth_year": null,
            "roe": -1.63,
            "roe_4q": -1.8499999999999996,
            "gross_profit": 49655,
            "gross_margin": 5.51,
            "gross_margin_4q_avg": 5.42,
            "net_income": -27428,
            "revenue": 901101,
            "common_shares": 2664874,
            "book_valuer_per_share": 6.26,
            "book_valuer_per_share_4q_avg": 6.36,
            "equity": 1668993,
            "current_ratio": 178.3,
            "debt_ratio": 45.84,
            "inventory_turnover_ratio": 15.29,
            "account_receivable_turnover_ratio": null,
            "reinvestment_rate": null,
            "research_to_sale_ratio": null,
            "price_fair": 14,
            "eps_avg_yearly": 0.4,
            "eps_latest_yearly": 0.4,
            "eps_growth_yearly": 100
        },
        "20063": {
            "year_quarter": 20063,
            "year": 2006,
            "quarter": 3,
            "eps": 0.01,
            "eps_growth_year": -93.75,
            "eps_4q": -0.25,
            "eps_4q_growth_year": null,
            "roe": 0.12,
            "roe_4q": -3.9399999999999995,
            "gross_profit": 41899,
            "gross_margin": 4.3,
            "gross_margin_4q_avg": 4.71,
            "net_income": 2080,
            "revenue": 974455,
            "common_shares": 2664874,
            "book_valuer_per_share": 6.3,
            "book_valuer_per_share_4q_avg": 6.31,
            "equity": 1679180,
            "current_ratio": 176.02,
            "debt_ratio": 45.07,
            "inventory_turnover_ratio": 22.46,
            "account_receivable_turnover_ratio": null,
            "reinvestment_rate": null,
            "research_to_sale_ratio": null,
            "price_fair": 14,
            "eps_avg_yearly": 0.4,
            "eps_latest_yearly": 0.4,
            "eps_growth_yearly": 100
        },
        "20064": {
            "year_quarter": 20064,
            "year": 2006,
            "quarter": 4,
            "eps": -0.2,
            "eps_growth_year": null,
            "eps_4q": -0.26,
            "eps_4q_growth_year": null,
            "roe": -3.17,
            "roe_4q": -4.17,
            "gross_profit": 60929,
            "gross_margin": 5.52,
            "gross_margin_4q_avg": 3.7,
            "net_income": -52425,
            "revenue": 1104141,
            "common_shares": 2664874,
            "book_valuer_per_share": 6.1,
            "book_valuer_per_share_4q_avg": 6.26,
            "equity": 1624336,
            "current_ratio": 114.5,
            "debt_ratio": 57.19,
            "inventory_turnover_ratio": 4.11,
            "account_receivable_turnover_ratio": null,
            "reinvestment_rate": null,
            "research_to_sale_ratio": null,
            "price_fair": 14,
            "eps_avg_yearly": 0.4,
            "eps_latest_yearly": 0.4,
            "eps_growth_yearly": 100
        },
        "20071": {
            "year_quarter": 20071,
            "year": 2007,
            "quarter": 1,
            "eps": 0.07,
            "eps_growth_year": 133.33,
            "eps_4q": -0.37,
            "eps_4q_growth_year": null,
            "roe": 0.75,
            "roe_4q": -3.9299999999999997,
            "gross_profit": 56882,
            "gross_margin": 6.66,
            "gross_margin_4q_avg": 5.5,
            "net_income": 12250,
            "revenue": 853513,
            "common_shares": 1671191,
            "book_valuer_per_share": 9.81,
            "book_valuer_per_share_4q_avg": 7.12,
            "equity": 1639264,
            "current_ratio": 178.91,
            "debt_ratio": 44.86,
            "inventory_turnover_ratio": 3.2,
            "account_receivable_turnover_ratio": null,
            "reinvestment_rate": null,
            "research_to_sale_ratio": null,
            "price_fair": 14,
            "eps_avg_yearly": 0.4,
            "eps_latest_yearly": 0.4,
            "eps_growth_yearly": 100
        },
        "20072": {
            "year_quarter": 20072,
            "year": 2007,
            "quarter": 2,
            "eps": 0.01,
            "eps_growth_year": null,
            "eps_4q": -0.21,
            "eps_4q_growth_year": null,
            "roe": 0.15,
            "roe_4q": -2.15,
            "gross_profit": 64186,
            "gross_margin": 6.24,
            "gross_margin_4q_avg": 5.68,
            "net_income": 2488,
            "revenue": 1028105,
            "common_shares": 1671191,
            "book_valuer_per_share": 9.82,
            "book_valuer_per_share_4q_avg": 8.01,
            "equity": 1641515,
            "current_ratio": 174.67,
            "debt_ratio": 45.83,
            "inventory_turnover_ratio": 35.3,
            "account_receivable_turnover_ratio": null,
            "reinvestment_rate": null,
            "research_to_sale_ratio": null,
            "price_fair": 0.12,
            "eps_avg_yearly": 0.04,
            "eps_latest_yearly": 0.04,
            "eps_growth_yearly": -342.86
        },
        "20073": {
            "year_quarter": 20073,
            "year": 2007,
            "quarter": 3,
            "eps": 0.05,
            "eps_growth_year": 400,
            "eps_4q": -0.19,
            "eps_4q_growth_year": null,
            "roe": 0.48,
            "roe_4q": -1.79,
            "gross_profit": 75071,
            "gross_margin": 6.11,
            "gross_margin_4q_avg": 6.13,
            "net_income": 7891,
            "revenue": 1227910,
            "common_shares": 1671191,
            "book_valuer_per_share": 9.87,
            "book_valuer_per_share_4q_avg": 8.9,
            "equity": 1648894,
            "current_ratio": 182.26,
            "debt_ratio": 46.57,
            "inventory_turnover_ratio": 43.57,
            "account_receivable_turnover_ratio": null,
            "reinvestment_rate": null,
            "research_to_sale_ratio": null,
            "price_fair": 4.2,
            "eps_avg_yearly": 0.12,
            "eps_latest_yearly": 0.2,
            "eps_growth_yearly": 628.57
        },
        "20074": {
            "year_quarter": 20074,
            "year": 2007,
            "quarter": 4,
            "eps": 0.04,
            "eps_growth_year": null,
            "eps_4q": 0.19,
            "eps_4q_growth_year": null,
            "roe": 0.37,
            "roe_4q": 1.75,
            "gross_profit": 52078,
            "gross_margin": 5.71,
            "gross_margin_4q_avg": 6.18,
            "net_income": 6086,
            "revenue": 912129,
            "common_shares": 1671191,
            "book_valuer_per_share": 9.92,
            "book_valuer_per_share_4q_avg": 9.86,
            "equity": 1657468,
            "current_ratio": 114.98,
            "debt_ratio": 53.61,
            "inventory_turnover_ratio": 3.67,
            "account_receivable_turnover_ratio": null,
            "reinvestment_rate": null,
            "research_to_sale_ratio": null,
            "price_fair": 4.67,
            "eps_avg_yearly": 0.13,
            "eps_latest_yearly": 0.16,
            "eps_growth_yearly": 392.38
        },
        "20081": {
            "year_quarter": 20081,
            "year": 2008,
            "quarter": 1,
            "eps": -0.35,
            "eps_growth_year": -600,
            "eps_4q": -0.25,
            "eps_4q_growth_year": null,
            "roe": -3.58,
            "roe_4q": -2.58,
            "gross_profit": 87406,
            "gross_margin": 11.4,
            "gross_margin_4q_avg": 7.37,
            "net_income": -58241,
            "revenue": 766766,
            "common_shares": 1671191,
            "book_valuer_per_share": 9.55,
            "book_valuer_per_share_4q_avg": 9.79,
            "equity": 1595972,
            "current_ratio": 148.4,
            "debt_ratio": 53.69,
            "inventory_turnover_ratio": 1.7,
            "account_receivable_turnover_ratio": null,
            "reinvestment_rate": null,
            "research_to_sale_ratio": null,
            "price_fair": 4.67,
            "eps_avg_yearly": 0.13,
            "eps_latest_yearly": 0.16,
            "eps_growth_yearly": 392.38
        },
        "20082": {
            "year_quarter": 20082,
            "year": 2008,
            "quarter": 2,
            "eps": 0.04,
            "eps_growth_year": 300,
            "eps_4q": -0.24,
            "eps_4q_growth_year": null,
            "roe": 0.4,
            "roe_4q": -2.33,
            "gross_profit": 73899,
            "gross_margin": 10.86,
            "gross_margin_4q_avg": 8.52,
            "net_income": 6432,
            "revenue": 680417,
            "common_shares": 1671191,
            "book_valuer_per_share": 9.58,
            "book_valuer_per_share_4q_avg": 9.73,
            "equity": 1600363,
            "current_ratio": 120.7,
            "debt_ratio": 54.51,
            "inventory_turnover_ratio": 1.77,
            "account_receivable_turnover_ratio": null,
            "reinvestment_rate": null,
            "research_to_sale_ratio": null,
            "price_fair": 4.67,
            "eps_avg_yearly": 0.13,
            "eps_latest_yearly": 0.16,
            "eps_growth_yearly": 392.38
        },
        "20083": {
            "year_quarter": 20083,
            "year": 2008,
            "quarter": 3,
            "eps": 0.44,
            "eps_growth_year": 780,
            "eps_4q": 0.17,
            "eps_4q_growth_year": null,
            "roe": 4.53,
            "roe_4q": 1.7200000000000006,
            "gross_profit": 54185,
            "gross_margin": 6.65,
            "gross_margin_4q_avg": 8.66,
            "net_income": 74211,
            "revenue": 814289,
            "common_shares": 1671191,
            "book_valuer_per_share": 10.01,
            "book_valuer_per_share_4q_avg": 9.77,
            "equity": 1672947,
            "current_ratio": 123.18,
            "debt_ratio": 53.46,
            "inventory_turnover_ratio": 2.53,
            "account_receivable_turnover_ratio": null,
            "reinvestment_rate": null,
            "research_to_sale_ratio": null,
            "price_fair": 18.9,
            "eps_avg_yearly": 0.54,
            "eps_latest_yearly": 1.76,
            "eps_growth_yearly": 1294.29
        },
        "20084": {
            "year_quarter": 20084,
            "year": 2008,
            "quarter": 4,
            "eps": -0.05,
            "eps_growth_year": -225,
            "eps_4q": 0.08,
            "eps_4q_growth_year": -57.61,
            "roe": -0.54,
            "roe_4q": 0.8100000000000005,
            "gross_profit": 56853,
            "gross_margin": 15.66,
            "gross_margin_4q_avg": 11.14,
            "net_income": -9066,
            "revenue": 362964,
            "common_shares": 1671191,
            "book_valuer_per_share": 9.99,
            "book_valuer_per_share_4q_avg": 9.78,
            "equity": 1670308,
            "current_ratio": 133.3,
            "debt_ratio": 46.19,
            "inventory_turnover_ratio": 1.27,
            "account_receivable_turnover_ratio": 1,
            "reinvestment_rate": null,
            "research_to_sale_ratio": null,
            "price_fair": 18.9,
            "eps_avg_yearly": 0.54,
            "eps_latest_yearly": 1.76,
            "eps_growth_yearly": 1294.29
        },
        "20091": {
            "year_quarter": 20091,
            "year": 2009,
            "quarter": 1,
            "eps": 0.11,
            "eps_growth_year": null,
            "eps_4q": 0.55,
            "eps_4q_growth_year": null,
            "roe": 1.07,
            "roe_4q": 5.460000000000001,
            "gross_profit": 50353,
            "gross_margin": 13,
            "gross_margin_4q_avg": 11.54,
            "net_income": 17985,
            "revenue": 387470,
            "common_shares": 1671191,
            "book_valuer_per_share": 10.12,
            "book_valuer_per_share_4q_avg": 9.93,
            "equity": 1691632,
            "current_ratio": 120.51,
            "debt_ratio": 43.94,
            "inventory_turnover_ratio": 1.74,
            "account_receivable_turnover_ratio": 0.6,
            "reinvestment_rate": null,
            "research_to_sale_ratio": null,
            "price_fair": 18.9,
            "eps_avg_yearly": 0.54,
            "eps_latest_yearly": 1.76,
            "eps_growth_yearly": 1294.29
        },
        "20092": {
            "year_quarter": 20092,
            "year": 2009,
            "quarter": 2,
            "eps": -0.03,
            "eps_growth_year": -175,
            "eps_4q": 0.47,
            "eps_4q_growth_year": null,
            "roe": -0.27,
            "roe_4q": 4.79,
            "gross_profit": 143772,
            "gross_margin": 29.71,
            "gross_margin_4q_avg": 16.26,
            "net_income": -4611,
            "revenue": 483858,
            "common_shares": 1671191,
            "book_valuer_per_share": 10.07,
            "book_valuer_per_share_4q_avg": 10.05,
            "equity": 1682481,
            "current_ratio": 122.04,
            "debt_ratio": 45.17,
            "inventory_turnover_ratio": 1.76,
            "account_receivable_turnover_ratio": 0.81,
            "reinvestment_rate": null,
            "research_to_sale_ratio": null,
            "price_fair": 18.9,
            "eps_avg_yearly": 0.54,
            "eps_latest_yearly": 1.76,
            "eps_growth_yearly": 1294.29
        },
        "20093": {
            "year_quarter": 20093,
            "year": 2009,
            "quarter": 3,
            "eps": -0.03,
            "eps_growth_year": -106.82,
            "eps_4q": -0,
            "eps_4q_growth_year": -102.21,
            "roe": -0.29,
            "roe_4q": -0.030000000000000027,
            "gross_profit": 132661,
            "gross_margin": 22.15,
            "gross_margin_4q_avg": 20.13,
            "net_income": -4931,
            "revenue": 598871,
            "common_shares": 1671191,
            "book_valuer_per_share": 10.03,
            "book_valuer_per_share_4q_avg": 10.05,
            "equity": 1676098,
            "current_ratio": 125.09,
            "debt_ratio": 48.47,
            "inventory_turnover_ratio": 2.1,
            "account_receivable_turnover_ratio": 0.87,
            "reinvestment_rate": null,
            "research_to_sale_ratio": null,
            "price_fair": 18.9,
            "eps_avg_yearly": 0.54,
            "eps_latest_yearly": 1.76,
            "eps_growth_yearly": 1294.29
        },
        "20094": {
            "year_quarter": 20094,
            "year": 2009,
            "quarter": 4,
            "eps": -0.44,
            "eps_growth_year": null,
            "eps_4q": -0.37,
            "eps_4q_growth_year": -557.14,
            "roe": -4.38,
            "roe_4q": -3.869999999999999,
            "gross_profit": 87988,
            "gross_margin": 14.64,
            "gross_margin_4q_avg": 19.88,
            "net_income": -74251,
            "revenue": 600994,
            "common_shares": 1674953,
            "book_valuer_per_share": 9.51,
            "book_valuer_per_share_4q_avg": 9.93,
            "equity": 1711177,
            "current_ratio": 125.56,
            "debt_ratio": 47.89,
            "inventory_turnover_ratio": 2.31,
            "account_receivable_turnover_ratio": 1.45,
            "reinvestment_rate": null,
            "research_to_sale_ratio": null,
            "price_fair": 18.9,
            "eps_avg_yearly": 0.54,
            "eps_latest_yearly": 1.76,
            "eps_growth_yearly": 1294.29
        },
        "20101": {
            "year_quarter": 20101,
            "year": 2010,
            "quarter": 1,
            "eps": 0.24,
            "eps_growth_year": 118.18,
            "eps_4q": -0.17,
            "eps_4q_growth_year": -131.55,
            "roe": 2.63,
            "roe_4q": -2.31,
            "gross_profit": 134919,
            "gross_margin": 22.86,
            "gross_margin_4q_avg": 22.34,
            "net_income": 48686,
            "revenue": 590207,
            "common_shares": 1799467,
            "book_valuer_per_share": 9.79,
            "book_valuer_per_share_4q_avg": 9.85,
            "equity": 1989152,
            "current_ratio": 155.67,
            "debt_ratio": 34.63,
            "inventory_turnover_ratio": 2.11,
            "account_receivable_turnover_ratio": 0.7,
            "reinvestment_rate": null,
            "research_to_sale_ratio": 0.12,
            "price_fair": 18.9,
            "eps_avg_yearly": 0.54,
            "eps_latest_yearly": 1.76,
            "eps_growth_yearly": 1294.29
        },
        "20102": {
            "year_quarter": 20102,
            "year": 2010,
            "quarter": 2,
            "eps": 0.36,
            "eps_growth_year": null,
            "eps_4q": 0.22,
            "eps_4q_growth_year": -53.53,
            "roe": 3.71,
            "roe_4q": 1.67,
            "gross_profit": 183917,
            "gross_margin": 26.9,
            "gross_margin_4q_avg": 21.64,
            "net_income": 79054,
            "revenue": 683603,
            "common_shares": 2031383,
            "book_valuer_per_share": 10.21,
            "book_valuer_per_share_4q_avg": 9.89,
            "equity": 2270329,
            "current_ratio": 221.51,
            "debt_ratio": 24.38,
            "inventory_turnover_ratio": 2.22,
            "account_receivable_turnover_ratio": 0.75,
            "reinvestment_rate": 1496.05,
            "research_to_sale_ratio": 0.07,
            "price_fair": 25.2,
            "eps_avg_yearly": 0.72,
            "eps_latest_yearly": 1.44,
            "eps_growth_yearly": 1075.43
        },
        "20103": {
            "year_quarter": 20103,
            "year": 2010,
            "quarter": 3,
            "eps": 0.23,
            "eps_growth_year": null,
            "eps_4q": 0.46,
            "eps_4q_growth_year": null,
            "roe": 2.24,
            "roe_4q": 4.2,
            "gross_profit": 171520,
            "gross_margin": 28.97,
            "gross_margin_4q_avg": 23.34,
            "net_income": 51799,
            "revenue": 592061,
            "common_shares": 2224100,
            "book_valuer_per_share": 10.34,
            "book_valuer_per_share_4q_avg": 9.96,
            "equity": 2354792,
            "current_ratio": 242.2,
            "debt_ratio": 22.86,
            "inventory_turnover_ratio": 1.78,
            "account_receivable_turnover_ratio": 0.63,
            "reinvestment_rate": 768.92,
            "research_to_sale_ratio": 0.09,
            "price_fair": 26.37,
            "eps_avg_yearly": 0.75,
            "eps_latest_yearly": 0.92,
            "eps_growth_yearly": 872.12
        },
        "20104": {
            "year_quarter": 20104,
            "year": 2010,
            "quarter": 4,
            "eps": 0.17,
            "eps_growth_year": null,
            "eps_4q": 0.96,
            "eps_4q_growth_year": null,
            "roe": 1.62,
            "roe_4q": 10.2,
            "gross_profit": 144720,
            "gross_margin": 26.74,
            "gross_margin_4q_avg": 26.37,
            "net_income": 38283,
            "revenue": 541159,
            "common_shares": 2277983,
            "book_valuer_per_share": 10.37,
            "book_valuer_per_share_4q_avg": 10.18,
            "equity": 2361555,
            "current_ratio": 278.14,
            "debt_ratio": 19.12,
            "inventory_turnover_ratio": 1.79,
            "account_receivable_turnover_ratio": 0.64,
            "reinvestment_rate": 39.68,
            "research_to_sale_ratio": 0.1,
            "price_fair": 26,
            "eps_avg_yearly": 0.74,
            "eps_latest_yearly": 0.68,
            "eps_growth_yearly": 732.62
        },
        "20111": {
            "year_quarter": 20111,
            "year": 2011,
            "quarter": 1,
            "eps": 0.16,
            "eps_growth_year": -33.33,
            "eps_4q": 0.9,
            "eps_4q_growth_year": null,
            "roe": 1.5,
            "roe_4q": 9.07,
            "gross_profit": 98644,
            "gross_margin": 20.94,
            "gross_margin_4q_avg": 25.89,
            "net_income": 35845,
            "revenue": 470970,
            "common_shares": 2277983,
            "book_valuer_per_share": 10.59,
            "book_valuer_per_share_4q_avg": 10.38,
            "equity": 2404453,
            "current_ratio": 259.83,
            "debt_ratio": 20.89,
            "inventory_turnover_ratio": 1.93,
            "account_receivable_turnover_ratio": 0.63,
            "reinvestment_rate": 407.35,
            "research_to_sale_ratio": 0.1,
            "price_fair": 25.55,
            "eps_avg_yearly": 0.73,
            "eps_latest_yearly": 0.64,
            "eps_growth_yearly": 638.1
        },
        "20112": {
            "year_quarter": 20112,
            "year": 2011,
            "quarter": 2,
            "eps": 0.12,
            "eps_growth_year": -67.62,
            "eps_4q": 0.66,
            "eps_4q_growth_year": 202.18,
            "roe": 1.11,
            "roe_4q": 6.470000000000001,
            "gross_profit": 109405,
            "gross_margin": 22.12,
            "gross_margin_4q_avg": 24.69,
            "net_income": 26606,
            "revenue": 494532,
            "common_shares": 2277983,
            "book_valuer_per_share": 10.53,
            "book_valuer_per_share_4q_avg": 10.46,
            "equity": 2385133,
            "current_ratio": 211.97,
            "debt_ratio": 23.8,
            "inventory_turnover_ratio": 1.91,
            "account_receivable_turnover_ratio": 0.71,
            "reinvestment_rate": 428.17,
            "research_to_sale_ratio": 0.1,
            "price_fair": 27.48,
            "eps_avg_yearly": 0.79,
            "eps_latest_yearly": 0.48,
            "eps_growth_yearly": 668.46
        },
        "20113": {
            "year_quarter": 20113,
            "year": 2011,
            "quarter": 3,
            "eps": 0.05,
            "eps_growth_year": -76.28,
            "eps_4q": 0.5,
            "eps_4q_growth_year": 8.21,
            "roe": 0.51,
            "roe_4q": 4.74,
            "gross_profit": 59132,
            "gross_margin": 14.71,
            "gross_margin_4q_avg": 21.13,
            "net_income": 12175,
            "revenue": 402044,
            "common_shares": 2277983,
            "book_valuer_per_share": 11,
            "book_valuer_per_share_4q_avg": 10.62,
            "equity": 2430322,
            "current_ratio": 203.47,
            "debt_ratio": 25.05,
            "inventory_turnover_ratio": 1.51,
            "account_receivable_turnover_ratio": 0.59,
            "reinvestment_rate": 435.17,
            "research_to_sale_ratio": 0.09,
            "price_fair": 27.48,
            "eps_avg_yearly": 0.79,
            "eps_latest_yearly": 0.2,
            "eps_growth_yearly": 439.29
        },
        "20114": {
            "year_quarter": 20114,
            "year": 2011,
            "quarter": 4,
            "eps": -0.2,
            "eps_growth_year": -220.22,
            "eps_4q": 0.13,
            "eps_4q_growth_year": -86.34,
            "roe": -1.89,
            "roe_4q": 1.2300000000000002,
            "gross_profit": 91295,
            "gross_margin": 46.06,
            "gross_margin_4q_avg": 25.96,
            "net_income": -45330,
            "revenue": 198202,
            "common_shares": 2271321,
            "book_valuer_per_share": 10.57,
            "book_valuer_per_share_4q_avg": 10.67,
            "equity": 2371806,
            "current_ratio": 232.14,
            "debt_ratio": 23.36,
            "inventory_turnover_ratio": 0.5,
            "account_receivable_turnover_ratio": 0.31,
            "reinvestment_rate": 104.81,
            "research_to_sale_ratio": -0.01,
            "price_fair": 30.6,
            "eps_avg_yearly": 0.87,
            "eps_latest_yearly": 0.2,
            "eps_growth_yearly": 513.48
        },
        "20121": {
            "year_quarter": 20121,
            "year": 2012,
            "quarter": 1,
            "eps": 0.01,
            "eps_growth_year": -93.75,
            "eps_4q": -0.02,
            "eps_4q_growth_year": -101.97,
            "roe": 0.12,
            "roe_4q": -0.1499999999999999,
            "gross_profit": 61678,
            "gross_margin": 17.44,
            "gross_margin_4q_avg": 25.08,
            "net_income": 2687,
            "revenue": 353652,
            "common_shares": 2188321,
            "book_valuer_per_share": 10.56,
            "book_valuer_per_share_4q_avg": 10.67,
            "equity": 2295924,
            "current_ratio": 246.68,
            "debt_ratio": 21.34,
            "inventory_turnover_ratio": 1.73,
            "account_receivable_turnover_ratio": 0.64,
            "reinvestment_rate": 84.52,
            "research_to_sale_ratio": 0,
            "price_fair": 30.6,
            "eps_avg_yearly": 0.87,
            "eps_latest_yearly": 0.2,
            "eps_growth_yearly": 513.48
        },
        "20122": {
            "year_quarter": 20122,
            "year": 2012,
            "quarter": 2,
            "eps": 0.11,
            "eps_growth_year": -6.51,
            "eps_4q": -0.03,
            "eps_4q_growth_year": -104.93,
            "roe": 1.02,
            "roe_4q": -0.23999999999999977,
            "gross_profit": 98210,
            "gross_margin": 25.3,
            "gross_margin_4q_avg": 25.88,
            "net_income": 23395,
            "revenue": 388171,
            "common_shares": 2188321,
            "book_valuer_per_share": 10.48,
            "book_valuer_per_share_4q_avg": 10.65,
            "equity": 2277817,
            "current_ratio": 207.22,
            "debt_ratio": 27.59,
            "inventory_turnover_ratio": 1.69,
            "account_receivable_turnover_ratio": 0.71,
            "reinvestment_rate": 87.56,
            "research_to_sale_ratio": 0,
            "price_fair": 28.7,
            "eps_avg_yearly": 0.82,
            "eps_latest_yearly": 0.44,
            "eps_growth_yearly": 949.29
        },
        "20123": {
            "year_quarter": 20123,
            "year": 2012,
            "quarter": 3,
            "eps": 0.03,
            "eps_growth_year": -43.16,
            "eps_4q": -0.08,
            "eps_4q_growth_year": -115.45,
            "roe": 0.26,
            "roe_4q": -0.49,
            "gross_profit": 61426,
            "gross_margin": 18.81,
            "gross_margin_4q_avg": 26.9,
            "net_income": 5466,
            "revenue": 326635,
            "common_shares": 1794423,
            "book_valuer_per_share": 10.51,
            "book_valuer_per_share_4q_avg": 10.53,
            "equity": 1873939,
            "current_ratio": 173.06,
            "debt_ratio": 29.52,
            "inventory_turnover_ratio": 1.33,
            "account_receivable_turnover_ratio": 0.63,
            "reinvestment_rate": 87.05,
            "research_to_sale_ratio": 0,
            "price_fair": 21.53,
            "eps_avg_yearly": 0.62,
            "eps_latest_yearly": 0.12,
            "eps_growth_yearly": 412.93
        },
        "20124": {
            "year_quarter": 20124,
            "year": 2012,
            "quarter": 4,
            "eps": -0.59,
            "eps_growth_year": null,
            "eps_4q": -0.41,
            "eps_4q_growth_year": -414.1,
            "roe": -5.75,
            "roe_4q": -4.3500000000000005,
            "gross_profit": 45551,
            "gross_margin": 14.07,
            "gross_margin_4q_avg": 18.91,
            "net_income": -104677,
            "revenue": 323671,
            "common_shares": 1794423,
            "book_valuer_per_share": 9.9,
            "book_valuer_per_share_4q_avg": 10.36,
            "equity": 1764799,
            "current_ratio": 179.35,
            "debt_ratio": 30.08,
            "inventory_turnover_ratio": 1.52,
            "account_receivable_turnover_ratio": 0.71,
            "reinvestment_rate": 62.65,
            "research_to_sale_ratio": 0,
            "price_fair": 21.53,
            "eps_avg_yearly": 0.62,
            "eps_latest_yearly": 0.12,
            "eps_growth_yearly": 412.93
        },
        "20131": {
            "year_quarter": 20131,
            "year": 2013,
            "quarter": 1,
            "eps": 0.02,
            "eps_growth_year": 100,
            "eps_4q": -0.4,
            "eps_4q_growth_year": null,
            "roe": 0.27,
            "roe_4q": -4.200000000000001,
            "gross_profit": 48768,
            "gross_margin": 17.84,
            "gross_margin_4q_avg": 19.01,
            "net_income": 4783,
            "revenue": 273316,
            "common_shares": 1794423,
            "book_valuer_per_share": 9.98,
            "book_valuer_per_share_4q_avg": 10.22,
            "equity": 1779780,
            "current_ratio": 197.46,
            "debt_ratio": 28.87,
            "inventory_turnover_ratio": 1.29,
            "account_receivable_turnover_ratio": 0.61,
            "reinvestment_rate": 119.9,
            "research_to_sale_ratio": null,
            "price_fair": 21.53,
            "eps_avg_yearly": 0.62,
            "eps_latest_yearly": 0.12,
            "eps_growth_yearly": 412.93
        },
        "20132": {
            "year_quarter": 20132,
            "year": 2013,
            "quarter": 2,
            "eps": 0.08,
            "eps_growth_year": -25.64,
            "eps_4q": -0.45,
            "eps_4q_growth_year": null,
            "roe": 0.8,
            "roe_4q": -4.42,
            "gross_profit": 74700,
            "gross_margin": 22.2,
            "gross_margin_4q_avg": 18.23,
            "net_income": 14286,
            "revenue": 336557,
            "common_shares": 1794423,
            "book_valuer_per_share": 10.12,
            "book_valuer_per_share_4q_avg": 10.13,
            "equity": 1804791,
            "current_ratio": 213.99,
            "debt_ratio": 27.26,
            "inventory_turnover_ratio": 1.3,
            "account_receivable_turnover_ratio": 0.75,
            "reinvestment_rate": 95.46,
            "research_to_sale_ratio": null,
            "price_fair": 20.38,
            "eps_avg_yearly": 0.58,
            "eps_latest_yearly": 0.32,
            "eps_growth_yearly": 500.38
        },
        "20133": {
            "year_quarter": 20133,
            "year": 2013,
            "quarter": 3,
            "eps": 0.12,
            "eps_growth_year": 291.47,
            "eps_4q": -0.36,
            "eps_4q_growth_year": null,
            "roe": 1.17,
            "roe_4q": -3.51,
            "gross_profit": 59334,
            "gross_margin": 18.27,
            "gross_margin_4q_avg": 18.1,
            "net_income": 21065,
            "revenue": 324788,
            "common_shares": 1794423,
            "book_valuer_per_share": 10.14,
            "book_valuer_per_share_4q_avg": 10.04,
            "equity": 1807272,
            "current_ratio": 219.52,
            "debt_ratio": 27,
            "inventory_turnover_ratio": 1.26,
            "account_receivable_turnover_ratio": 0.71,
            "reinvestment_rate": 28.47,
            "research_to_sale_ratio": null,
            "price_fair": 20.02,
            "eps_avg_yearly": 0.57,
            "eps_latest_yearly": 0.48,
            "eps_growth_yearly": 470.34
        },
        "20134": {
            "year_quarter": 20134,
            "year": 2013,
            "quarter": 4,
            "eps": 0.03,
            "eps_growth_year": null,
            "eps_4q": 0.26,
            "eps_4q_growth_year": null,
            "roe": 0.32,
            "roe_4q": 2.56,
            "gross_profit": 44091,
            "gross_margin": 14.57,
            "gross_margin_4q_avg": 18.22,
            "net_income": 5832,
            "revenue": 302540,
            "common_shares": 1794423,
            "book_valuer_per_share": 10.25,
            "book_valuer_per_share_4q_avg": 10.12,
            "equity": 1827042,
            "current_ratio": 227.08,
            "debt_ratio": 26.46,
            "inventory_turnover_ratio": 1.26,
            "account_receivable_turnover_ratio": 0.66,
            "reinvestment_rate": -53.04,
            "research_to_sale_ratio": null,
            "price_fair": 18.58,
            "eps_avg_yearly": 0.53,
            "eps_latest_yearly": 0.12,
            "eps_growth_yearly": 400.31
        },
        "20141": {
            "year_quarter": 20141,
            "year": 2014,
            "quarter": 1,
            "eps": 0.05,
            "eps_growth_year": 150,
            "eps_4q": 0.28,
            "eps_4q_growth_year": null,
            "roe": 0.44,
            "roe_4q": 2.73,
            "gross_profit": 54814,
            "gross_margin": 17.75,
            "gross_margin_4q_avg": 18.2,
            "net_income": 8121,
            "revenue": 308850,
            "common_shares": 1794423,
            "book_valuer_per_share": 10.34,
            "book_valuer_per_share_4q_avg": 10.21,
            "equity": 1843991,
            "current_ratio": 240.4,
            "debt_ratio": 25.37,
            "inventory_turnover_ratio": 1.27,
            "account_receivable_turnover_ratio": 0.67,
            "reinvestment_rate": -75.74,
            "research_to_sale_ratio": null,
            "price_fair": 17.62,
            "eps_avg_yearly": 0.5,
            "eps_latest_yearly": 0.2,
            "eps_growth_yearly": 389.18
        },
        "20142": {
            "year_quarter": 20142,
            "year": 2014,
            "quarter": 2,
            "eps": 0,
            "eps_growth_year": -100,
            "eps_4q": 0.2,
            "eps_4q_growth_year": null,
            "roe": 0.03,
            "roe_4q": 1.96,
            "gross_profit": 55636,
            "gross_margin": 18.74,
            "gross_margin_4q_avg": 17.33,
            "net_income": 632,
            "revenue": 296853,
            "common_shares": 1783107,
            "book_valuer_per_share": 10.3,
            "book_valuer_per_share_4q_avg": 10.26,
            "equity": 1835912,
            "current_ratio": 251.68,
            "debt_ratio": 24.32,
            "inventory_turnover_ratio": 1.24,
            "account_receivable_turnover_ratio": 0.67,
            "reinvestment_rate": -160.62,
            "research_to_sale_ratio": null,
            "price_fair": 14.64,
            "eps_avg_yearly": 0.42,
            "eps_latest_yearly": 0.2,
            "eps_growth_yearly": 406.37
        },
        "20143": {
            "year_quarter": 20143,
            "year": 2014,
            "quarter": 3,
            "eps": 0.06,
            "eps_growth_year": -50,
            "eps_4q": 0.14,
            "eps_4q_growth_year": null,
            "roe": 0.61,
            "roe_4q": 1.4000000000000001,
            "gross_profit": 49376,
            "gross_margin": 15.28,
            "gross_margin_4q_avg": 16.59,
            "net_income": 11187,
            "revenue": 323141,
            "common_shares": 1783107,
            "book_valuer_per_share": 10.38,
            "book_valuer_per_share_4q_avg": 10.32,
            "equity": 1850995,
            "current_ratio": 256.42,
            "debt_ratio": 24.5,
            "inventory_turnover_ratio": 1.35,
            "account_receivable_turnover_ratio": 0.72,
            "reinvestment_rate": -296.8,
            "research_to_sale_ratio": null,
            "price_fair": 12.88,
            "eps_avg_yearly": 0.37,
            "eps_latest_yearly": 0.2,
            "eps_growth_yearly": 461.45
        },
        "20144": {
            "year_quarter": 20144,
            "year": 2014,
            "quarter": 4,
            "eps": -0.76,
            "eps_growth_year": -2426.62,
            "eps_4q": -0.65,
            "eps_4q_growth_year": -351.81,
            "roe": -7.56,
            "roe_4q": -6.479999999999999,
            "gross_profit": 25243,
            "gross_margin": 8.68,
            "gross_margin_4q_avg": 15.11,
            "net_income": -135689,
            "revenue": 290976,
            "common_shares": 1783107,
            "book_valuer_per_share": 9.76,
            "book_valuer_per_share_4q_avg": 10.2,
            "equity": 1740334,
            "current_ratio": 261.85,
            "debt_ratio": 25.64,
            "inventory_turnover_ratio": 1.29,
            "account_receivable_turnover_ratio": 0.63,
            "reinvestment_rate": null,
            "research_to_sale_ratio": null,
            "price_fair": 11.67,
            "eps_avg_yearly": 0.33,
            "eps_latest_yearly": 0.2,
            "eps_growth_yearly": 524.32
        },
        "20151": {
            "year_quarter": 20151,
            "year": 2015,
            "quarter": 1,
            "eps": -0.03,
            "eps_growth_year": -160,
            "eps_4q": -0.73,
            "eps_4q_growth_year": -362.97,
            "roe": -0.33,
            "roe_4q": -7.249999999999999,
            "gross_profit": 39689,
            "gross_margin": 15.86,
            "gross_margin_4q_avg": 14.64,
            "net_income": -5785,
            "revenue": 250189,
            "common_shares": 1783107,
            "book_valuer_per_share": 9.68,
            "book_valuer_per_share_4q_avg": 10.03,
            "equity": 1726299,
            "current_ratio": 283.99,
            "debt_ratio": 24.13,
            "inventory_turnover_ratio": 1.07,
            "account_receivable_turnover_ratio": 0.59,
            "reinvestment_rate": null,
            "research_to_sale_ratio": null,
            "price_fair": 10.33,
            "eps_avg_yearly": 0.3,
            "eps_latest_yearly": 0.2,
            "eps_growth_yearly": 592.8
        },
        "20152": {
            "year_quarter": 20152,
            "year": 2015,
            "quarter": 2,
            "eps": 0.07,
            "eps_growth_year": null,
            "eps_4q": -0.66,
            "eps_4q_growth_year": -430.54,
            "roe": 0.72,
            "roe_4q": -6.56,
            "gross_profit": 49992,
            "gross_margin": 18.14,
            "gross_margin_4q_avg": 14.49,
            "net_income": 12448,
            "revenue": 275658,
            "common_shares": 1783107,
            "book_valuer_per_share": 9.72,
            "book_valuer_per_share_4q_avg": 9.89,
            "equity": 1733081,
            "current_ratio": 263.2,
            "debt_ratio": 25.17,
            "inventory_turnover_ratio": 1.18,
            "account_receivable_turnover_ratio": 0.71,
            "reinvestment_rate": null,
            "research_to_sale_ratio": null,
            "price_fair": 9.4,
            "eps_avg_yearly": 0.27,
            "eps_latest_yearly": 0.2,
            "eps_growth_yearly": 691.77
        },
        "20153": {
            "year_quarter": 20153,
            "year": 2015,
            "quarter": 3,
            "eps": 0.27,
            "eps_growth_year": 350,
            "eps_4q": -0.45,
            "eps_4q_growth_year": -410.73,
            "roe": 2.78,
            "roe_4q": -4.39,
            "gross_profit": 38748,
            "gross_margin": 16.32,
            "gross_margin_4q_avg": 14.75,
            "net_income": 48944,
            "revenue": 237444,
            "common_shares": 1783107,
            "book_valuer_per_share": 10,
            "book_valuer_per_share_4q_avg": 9.79,
            "equity": 1783979,
            "current_ratio": 299.18,
            "debt_ratio": 24.82,
            "inventory_turnover_ratio": 0.97,
            "account_receivable_turnover_ratio": 0.6,
            "reinvestment_rate": null,
            "research_to_sale_ratio": null,
            "price_fair": 13.8,
            "eps_avg_yearly": 0.39,
            "eps_latest_yearly": 1.08,
            "eps_growth_yearly": 888.37
        },
        "20154": {
            "year_quarter": 20154,
            "year": 2015,
            "quarter": 4,
            "eps": 0.1,
            "eps_growth_year": null,
            "eps_4q": 0.41,
            "eps_4q_growth_year": null,
            "roe": 1.02,
            "roe_4q": 4.1899999999999995,
            "gross_profit": 62243,
            "gross_margin": 20.97,
            "gross_margin_4q_avg": 17.82,
            "net_income": 18188,
            "revenue": 296792,
            "common_shares": 1783107,
            "book_valuer_per_share": 10.03,
            "book_valuer_per_share_4q_avg": 9.86,
            "equity": 1788614,
            "current_ratio": 314.37,
            "debt_ratio": 23.51,
            "inventory_turnover_ratio": 1.17,
            "account_receivable_turnover_ratio": 0.7,
            "reinvestment_rate": null,
            "research_to_sale_ratio": null,
            "price_fair": 13.83,
            "eps_avg_yearly": 0.4,
            "eps_latest_yearly": 0.4,
            "eps_growth_yearly": 745.85
        },
        "20161": {
            "year_quarter": 20161,
            "year": 2016,
            "quarter": 1,
            "eps": 0.08,
            "eps_growth_year": null,
            "eps_4q": 0.53,
            "eps_4q_growth_year": null,
            "roe": 0.78,
            "roe_4q": 5.3,
            "gross_profit": 57101,
            "gross_margin": 20.5,
            "gross_margin_4q_avg": 18.98,
            "net_income": 14039,
            "revenue": 278528,
            "common_shares": 1783107,
            "book_valuer_per_share": 10.22,
            "book_valuer_per_share_4q_avg": 9.99,
            "equity": 1822853,
            "current_ratio": 326.43,
            "debt_ratio": 21.05,
            "inventory_turnover_ratio": 1.31,
            "account_receivable_turnover_ratio": 0.66,
            "reinvestment_rate": null,
            "research_to_sale_ratio": null,
            "price_fair": 13.53,
            "eps_avg_yearly": 0.39,
            "eps_latest_yearly": 0.32,
            "eps_growth_yearly": 654.08
        },
        "20162": {
            "year_quarter": 20162,
            "year": 2016,
            "quarter": 2,
            "eps": 0.09,
            "eps_growth_year": 28.57,
            "eps_4q": 0.54,
            "eps_4q_growth_year": null,
            "roe": 0.85,
            "roe_4q": 5.43,
            "gross_profit": 63910,
            "gross_margin": 23.59,
            "gross_margin_4q_avg": 20.35,
            "net_income": 15614,
            "revenue": 270917,
            "common_shares": 1783107,
            "book_valuer_per_share": 10.3,
            "book_valuer_per_share_4q_avg": 10.14,
            "equity": 1836836,
            "current_ratio": 331.36,
            "debt_ratio": 20.73,
            "inventory_turnover_ratio": 1.45,
            "account_receivable_turnover_ratio": 0.69,
            "reinvestment_rate": null,
            "research_to_sale_ratio": null,
            "price_fair": 13.22,
            "eps_avg_yearly": 0.38,
            "eps_latest_yearly": 0.36,
            "eps_growth_yearly": 215.2
        },
        "20163": {
            "year_quarter": 20163,
            "year": 2016,
            "quarter": 3,
            "eps": 0.15,
            "eps_growth_year": -44.44,
            "eps_4q": 0.42,
            "eps_4q_growth_year": null,
            "roe": 1.47,
            "roe_4q": 4.119999999999999,
            "gross_profit": 54070,
            "gross_margin": 22.07,
            "gross_margin_4q_avg": 21.78,
            "net_income": 27393,
            "revenue": 244970,
            "common_shares": 1783107,
            "book_valuer_per_share": 10.59,
            "book_valuer_per_share_4q_avg": 10.29,
            "equity": 1887731,
            "current_ratio": 315.51,
            "debt_ratio": 20.7,
            "inventory_turnover_ratio": 1.49,
            "account_receivable_turnover_ratio": 0.63,
            "reinvestment_rate": null,
            "research_to_sale_ratio": null,
            "price_fair": 15.09,
            "eps_avg_yearly": 0.43,
            "eps_latest_yearly": 0.6,
            "eps_growth_yearly": 277.15
        },
        "20164": {
            "year_quarter": 20164,
            "year": 2016,
            "quarter": 4,
            "eps": 0.09,
            "eps_growth_year": -15.7,
            "eps_4q": 0.41,
            "eps_4q_growth_year": -1.92,
            "roe": 0.82,
            "roe_4q": 3.92,
            "gross_profit": 62553,
            "gross_margin": 26.58,
            "gross_margin_4q_avg": 23.19,
            "net_income": 15333,
            "revenue": 235343,
            "common_shares": 1783107,
            "book_valuer_per_share": 10.5,
            "book_valuer_per_share_4q_avg": 10.4,
            "equity": 1871596,
            "current_ratio": 299.63,
            "debt_ratio": 22.93,
            "inventory_turnover_ratio": 1.31,
            "account_receivable_turnover_ratio": 0.62,
            "reinvestment_rate": -344.33,
            "research_to_sale_ratio": null,
            "price_fair": 14.84,
            "eps_avg_yearly": 0.42,
            "eps_latest_yearly": 0.36,
            "eps_growth_yearly": 233.43
        },
        "20171": {
            "year_quarter": 20171,
            "year": 2017,
            "quarter": 1,
            "eps": 0.05,
            "eps_growth_year": -37.5,
            "eps_4q": 0.38,
            "eps_4q_growth_year": -27.33,
            "roe": 0.44,
            "roe_4q": 3.58,
            "gross_profit": 59669,
            "gross_margin": 26.95,
            "gross_margin_4q_avg": 24.8,
            "net_income": 8018,
            "revenue": 221404,
            "common_shares": 1783107,
            "book_valuer_per_share": 10.4,
            "book_valuer_per_share_4q_avg": 10.45,
            "equity": 1808242,
            "current_ratio": 275.89,
            "debt_ratio": 23.19,
            "inventory_turnover_ratio": 1.16,
            "account_receivable_turnover_ratio": 0.56,
            "reinvestment_rate": -391.88,
            "research_to_sale_ratio": null,
            "price_fair": 14.13,
            "eps_avg_yearly": 0.4,
            "eps_latest_yearly": 0.2,
            "eps_growth_yearly": 196.05
        },
        "20172": {
            "year_quarter": 20172,
            "year": 2017,
            "quarter": 2,
            "eps": -0.1,
            "eps_growth_year": -211.11,
            "eps_4q": 0.2,
            "eps_4q_growth_year": -63.47,
            "roe": -0.92,
            "roe_4q": 1.8099999999999998,
            "gross_profit": 49907,
            "gross_margin": 23.84,
            "gross_margin_4q_avg": 24.86,
            "net_income": -16333,
            "revenue": 209318,
            "common_shares": 1739107,
            "book_valuer_per_share": 10.12,
            "book_valuer_per_share_4q_avg": 10.4,
            "equity": 1756746,
            "current_ratio": 268.03,
            "debt_ratio": 22.06,
            "inventory_turnover_ratio": 1.1,
            "account_receivable_turnover_ratio": 0.46,
            "reinvestment_rate": -612.88,
            "research_to_sale_ratio": null,
            "price_fair": 14.42,
            "eps_avg_yearly": 0.41,
            "eps_latest_yearly": 0.2,
            "eps_growth_yearly": 95.66
        },
        "20173": {
            "year_quarter": 20173,
            "year": 2017,
            "quarter": 3,
            "eps": 0.17,
            "eps_growth_year": 13.33,
            "eps_4q": 0.21,
            "eps_4q_growth_year": -49.82,
            "roe": 1.71,
            "roe_4q": 2.05,
            "gross_profit": 49919,
            "gross_margin": 22.08,
            "gross_margin_4q_avg": 24.86,
            "net_income": 29719,
            "revenue": 226096,
            "common_shares": 1739107,
            "book_valuer_per_share": 9.93,
            "book_valuer_per_share_4q_avg": 10.24,
            "equity": 1722485,
            "current_ratio": 268.27,
            "debt_ratio": 22.77,
            "inventory_turnover_ratio": 1.07,
            "account_receivable_turnover_ratio": 0.48,
            "reinvestment_rate": -592.17,
            "research_to_sale_ratio": null,
            "price_fair": 14.16,
            "eps_avg_yearly": 0.4,
            "eps_latest_yearly": 0.2,
            "eps_growth_yearly": 84.06
        },
        "20174": {
            "year_quarter": 20174,
            "year": 2017,
            "quarter": 4,
            "eps": -0.03,
            "eps_growth_year": -134.93,
            "eps_4q": 0.09,
            "eps_4q_growth_year": -76.87,
            "roe": -0.3,
            "roe_4q": 0.9299999999999999,
            "gross_profit": 44969,
            "gross_margin": 20.79,
            "gross_margin_4q_avg": 23.42,
            "net_income": -5187,
            "revenue": 216314,
            "common_shares": 1727107,
            "book_valuer_per_share": 9.92,
            "book_valuer_per_share_4q_avg": 10.09,
            "equity": 1712872,
            "current_ratio": 367.79,
            "debt_ratio": 18.6,
            "inventory_turnover_ratio": 1,
            "account_receivable_turnover_ratio": 0.55,
            "reinvestment_rate": -789.68,
            "research_to_sale_ratio": null,
            "price_fair": 15.4,
            "eps_avg_yearly": 0.44,
            "eps_latest_yearly": 0.2,
            "eps_growth_yearly": 132.07
        },
        "20181": {
            "year_quarter": 20181,
            "year": 2018,
            "quarter": 1,
            "eps": 0.11,
            "eps_growth_year": 120,
            "eps_4q": 0.16,
            "eps_4q_growth_year": -58.57,
            "roe": 1.11,
            "roe_4q": 1.6,
            "gross_profit": 37447,
            "gross_margin": 17.94,
            "gross_margin_4q_avg": 21.16,
            "net_income": 19102,
            "revenue": 208678,
            "common_shares": 1727107,
            "book_valuer_per_share": 9.94,
            "book_valuer_per_share_4q_avg": 9.98,
            "equity": 1717546,
            "current_ratio": 322.38,
            "debt_ratio": 22.08,
            "inventory_turnover_ratio": 1.08,
            "account_receivable_turnover_ratio": 0.63,
            "reinvestment_rate": -1170.4,
            "research_to_sale_ratio": null,
            "price_fair": 16.6,
            "eps_avg_yearly": 0.47,
            "eps_latest_yearly": 0.2,
            "eps_growth_yearly": 112.84
        },
        "20182": {
            "year_quarter": 20182,
            "year": 2018,
            "quarter": 2,
            "eps": 0,
            "eps_growth_year": null,
            "eps_4q": 0.25,
            "eps_4q_growth_year": 28.18,
            "roe": 0.02,
            "roe_4q": 2.54,
            "gross_profit": 37315,
            "gross_margin": 16.12,
            "gross_margin_4q_avg": 19.23,
            "net_income": 265,
            "revenue": 231541,
            "common_shares": 1727107,
            "book_valuer_per_share": 9.94,
            "book_valuer_per_share_4q_avg": 9.93,
            "equity": 1716084,
            "current_ratio": 298.34,
            "debt_ratio": 24.09,
            "inventory_turnover_ratio": 1.27,
            "account_receivable_turnover_ratio": 0.54,
            "reinvestment_rate": -1124.47,
            "research_to_sale_ratio": null,
            "price_fair": 16.6,
            "eps_avg_yearly": 0.47,
            "eps_latest_yearly": 0.2,
            "eps_growth_yearly": 112.84
        },
        "20183": {
            "year_quarter": 20183,
            "year": 2018,
            "quarter": 3,
            "eps": 0.04,
            "eps_growth_year": -76.47,
            "eps_4q": 0.12,
            "eps_4q_growth_year": -41.77,
            "roe": 0.42,
            "roe_4q": 1.25,
            "gross_profit": 47036,
            "gross_margin": 22.03,
            "gross_margin_4q_avg": 19.22,
            "net_income": 7112,
            "revenue": 213479,
            "common_shares": 1727107,
            "book_valuer_per_share": 9.81,
            "book_valuer_per_share_4q_avg": 9.9,
            "equity": 1694511,
            "current_ratio": 378.53,
            "debt_ratio": 18.48,
            "inventory_turnover_ratio": 1.04,
            "account_receivable_turnover_ratio": 0.46,
            "reinvestment_rate": -1169.78,
            "research_to_sale_ratio": null,
            "price_fair": 16.6,
            "eps_avg_yearly": 0.47,
            "eps_latest_yearly": 0.2,
            "eps_growth_yearly": 112.84
        },
        "20184": {
            "year_quarter": 20184,
            "year": 2018,
            "quarter": 4,
            "eps": -0.1,
            "eps_growth_year": null,
            "eps_4q": 0.06,
            "eps_4q_growth_year": -38.33,
            "roe": -0.99,
            "roe_4q": 0.56,
            "gross_profit": 24678,
            "gross_margin": 14.22,
            "gross_margin_4q_avg": 17.58,
            "net_income": -16478,
            "revenue": 173525,
            "common_shares": 1727107,
            "book_valuer_per_share": 9.54,
            "book_valuer_per_share_4q_avg": 9.81,
            "equity": 1648135,
            "current_ratio": 352.32,
            "debt_ratio": 20.08,
            "inventory_turnover_ratio": 0.95,
            "account_receivable_turnover_ratio": 0.4,
            "reinvestment_rate": -280.7,
            "research_to_sale_ratio": null,
            "price_fair": 16.6,
            "eps_avg_yearly": 0.47,
            "eps_latest_yearly": 0.2,
            "eps_growth_yearly": 112.84
        },
        "20191": {
            "year_quarter": 20191,
            "year": 2019,
            "quarter": 1,
            "eps": -0.16,
            "eps_growth_year": -245.45,
            "eps_4q": -0.21,
            "eps_4q_growth_year": -231.71,
            "roe": -1.63,
            "roe_4q": -2.18,
            "gross_profit": 4051,
            "gross_margin": 2.6,
            "gross_margin_4q_avg": 13.74,
            "net_income": -26856,
            "revenue": 155729,
            "common_shares": 1727107,
            "book_valuer_per_share": 9.49,
            "book_valuer_per_share_4q_avg": 9.7,
            "equity": 1638611,
            "current_ratio": 346.99,
            "debt_ratio": 22.19,
            "inventory_turnover_ratio": 1.09,
            "account_receivable_turnover_ratio": 0.37,
            "reinvestment_rate": -284.74,
            "research_to_sale_ratio": null,
            "price_fair": 16.6,
            "eps_avg_yearly": 0.47,
            "eps_latest_yearly": 0.2,
            "eps_growth_yearly": 112.84
        },
        "20192": {
            "year_quarter": 20192,
            "year": 2019,
            "quarter": 2,
            "eps": -0.03,
            "eps_growth_year": null,
            "eps_4q": -0.24,
            "eps_4q_growth_year": -196.14,
            "roe": -0.37,
            "roe_4q": -2.5700000000000003,
            "gross_profit": 21138,
            "gross_margin": 11.5,
            "gross_margin_4q_avg": 12.59,
            "net_income": -5984,
            "revenue": 183868,
            "common_shares": 1727107,
            "book_valuer_per_share": 9.33,
            "book_valuer_per_share_4q_avg": 9.54,
            "equity": 1611015,
            "current_ratio": 341.16,
            "debt_ratio": 21.84,
            "inventory_turnover_ratio": 1.26,
            "account_receivable_turnover_ratio": 0.42,
            "reinvestment_rate": -380.77,
            "research_to_sale_ratio": null,
            "price_fair": 16.6,
            "eps_avg_yearly": 0.47,
            "eps_latest_yearly": 0.2,
            "eps_growth_yearly": 112.84
        },
        "20193": {
            "year_quarter": 20193,
            "year": 2019,
            "quarter": 3,
            "eps": 0.03,
            "eps_growth_year": -25,
            "eps_4q": -0.26,
            "eps_4q_growth_year": -310.52,
            "roe": 0.28,
            "roe_4q": -2.71,
            "gross_profit": 30801,
            "gross_margin": 14.53,
            "gross_margin_4q_avg": 10.71,
            "net_income": 4494,
            "revenue": 212029,
            "common_shares": 1727107,
            "book_valuer_per_share": 9.29,
            "book_valuer_per_share_4q_avg": 9.41,
            "equity": 1604926,
            "current_ratio": 290.96,
            "debt_ratio": 23.8,
            "inventory_turnover_ratio": 1.48,
            "account_receivable_turnover_ratio": 0.4,
            "reinvestment_rate": -389.93,
            "research_to_sale_ratio": null,
            "price_fair": 1.12,
            "eps_avg_yearly": 0.37,
            "eps_latest_yearly": 0.2,
            "eps_growth_yearly": -58.83
        },
        "20194": {
            "year_quarter": 20194,
            "year": 2019,
            "quarter": 4,
            "eps": 0.02,
            "eps_growth_year": null,
            "eps_4q": -0.15,
            "eps_4q_growth_year": -350.84,
            "roe": 0.2,
            "roe_4q": -1.5199999999999998,
            "gross_profit": 39394,
            "gross_margin": 18.46,
            "gross_margin_4q_avg": 11.77,
            "net_income": 3260,
            "revenue": 213433,
            "common_shares": 1727107,
            "book_valuer_per_share": 9.24,
            "book_valuer_per_share_4q_avg": 9.34,
            "equity": 1595016,
            "current_ratio": 254.52,
            "debt_ratio": 27.62,
            "inventory_turnover_ratio": 1.49,
            "account_receivable_turnover_ratio": 0.37,
            "reinvestment_rate": -437.57,
            "research_to_sale_ratio": null,
            "price_fair": 0.96,
            "eps_avg_yearly": 0.32,
            "eps_latest_yearly": 0.08,
            "eps_growth_yearly": -39.07
        },
        "20201": {
            "year_quarter": 20201,
            "year": 2020,
            "quarter": 1,
            "eps": -0.03,
            "eps_growth_year": null,
            "eps_4q": -0.02,
            "eps_4q_growth_year": null,
            "roe": -0.37,
            "roe_4q": -0.25999999999999995,
            "gross_profit": 16163,
            "gross_margin": 9.99,
            "gross_margin_4q_avg": 13.62,
            "net_income": -5687,
            "revenue": 161740,
            "common_shares": 1727107,
            "book_valuer_per_share": 8.79,
            "book_valuer_per_share_4q_avg": 9.16,
            "equity": 1518838,
            "current_ratio": 448.21,
            "debt_ratio": 15.86,
            "inventory_turnover_ratio": 1.31,
            "account_receivable_turnover_ratio": 0.33,
            "reinvestment_rate": -832.71,
            "research_to_sale_ratio": 1.83,
            "price_fair": 0.96,
            "eps_avg_yearly": 0.32,
            "eps_latest_yearly": 0.08,
            "eps_growth_yearly": -30.89
        },
        "20202": {
            "year_quarter": 20202,
            "year": 2020,
            "quarter": 2,
            "eps": 0.05,
            "eps_growth_year": null,
            "eps_4q": 0.06,
            "eps_4q_growth_year": null,
            "roe": 0.51,
            "roe_4q": 0.6200000000000001,
            "gross_profit": 49307,
            "gross_margin": 21.83,
            "gross_margin_4q_avg": 16.2,
            "net_income": 7759,
            "revenue": 225885,
            "common_shares": 1727107,
            "book_valuer_per_share": 8.91,
            "book_valuer_per_share_4q_avg": 9.06,
            "equity": 1541447,
            "current_ratio": 297.63,
            "debt_ratio": 24.09,
            "inventory_turnover_ratio": 1.64,
            "account_receivable_turnover_ratio": 0.48,
            "reinvestment_rate": -990.28,
            "research_to_sale_ratio": 1.52,
            "price_fair": 0.93,
            "eps_avg_yearly": 0.31,
            "eps_latest_yearly": 0.08,
            "eps_growth_yearly": -51.11
        },
        "20203": {
            "year_quarter": 20203,
            "year": 2020,
            "quarter": 3,
            "eps": 0.03,
            "eps_growth_year": 0,
            "eps_4q": 0.06,
            "eps_4q_growth_year": null,
            "roe": 0.3,
            "roe_4q": 0.6400000000000001,
            "gross_profit": 50404,
            "gross_margin": 24.11,
            "gross_margin_4q_avg": 18.6,
            "net_income": 4668,
            "revenue": 209046,
            "common_shares": 1727107,
            "book_valuer_per_share": 9.21,
            "book_valuer_per_share_4q_avg": 9.04,
            "equity": 1591832,
            "current_ratio": 298.67,
            "debt_ratio": 24.24,
            "inventory_turnover_ratio": 1.29,
            "account_receivable_turnover_ratio": 0.4,
            "reinvestment_rate": -2426.81,
            "research_to_sale_ratio": 1.63,
            "price_fair": 0.57,
            "eps_avg_yearly": 0.19,
            "eps_latest_yearly": 0.12,
            "eps_growth_yearly": -157.78
        },
        "20204": {
            "year_quarter": 20204,
            "year": 2020,
            "quarter": 4,
            "eps": 0.08,
            "eps_growth_year": 332.13,
            "eps_4q": 0.12,
            "eps_4q_growth_year": null,
            "roe": 0.87,
            "roe_4q": 1.31,
            "gross_profit": 59641,
            "gross_margin": 23.86,
            "gross_margin_4q_avg": 19.95,
            "net_income": 14091,
            "revenue": 249974,
            "common_shares": 1727107,
            "book_valuer_per_share": 9.63,
            "book_valuer_per_share_4q_avg": 9.14,
            "equity": 1665429,
            "current_ratio": 283.9,
            "debt_ratio": 25.63,
            "inventory_turnover_ratio": 1.41,
            "account_receivable_turnover_ratio": 0.44,
            "reinvestment_rate": -2354.62,
            "research_to_sale_ratio": -0.78,
            "price_fair": 6.3,
            "eps_avg_yearly": 0.18,
            "eps_latest_yearly": 0.32,
            "eps_growth_yearly": 48.89
        },
        "20211": {
            "year_quarter": 20211,
            "year": 2021,
            "quarter": 1,
            "eps": 0.1,
            "eps_growth_year": null,
            "eps_4q": 0.26,
            "eps_4q_growth_year": null,
            "roe": 1.05,
            "roe_4q": 2.7299999999999995,
            "gross_profit": 56043,
            "gross_margin": 21.85,
            "gross_margin_4q_avg": 22.91,
            "net_income": 18168,
            "revenue": 256526,
            "common_shares": 1727107,
            "book_valuer_per_share": 10.31,
            "book_valuer_per_share_4q_avg": 9.52,
            "equity": 1783309,
            "current_ratio": 298.08,
            "debt_ratio": 23.33,
            "inventory_turnover_ratio": 1.56,
            "account_receivable_turnover_ratio": 0.43,
            "reinvestment_rate": -1625.39,
            "research_to_sale_ratio": 0.73,
            "price_fair": 8.05,
            "eps_avg_yearly": 0.23,
            "eps_latest_yearly": 0.4,
            "eps_growth_yearly": 118.33
        },
        "20212": {
            "year_quarter": 20212,
            "year": 2021,
            "quarter": 2,
            "eps": 0.03,
            "eps_growth_year": -40,
            "eps_4q": 0.24,
            "eps_4q_growth_year": 311.94,
            "roe": 0.26,
            "roe_4q": 2.48,
            "gross_profit": 50780,
            "gross_margin": 18.68,
            "gross_margin_4q_avg": 22.13,
            "net_income": 4542,
            "revenue": 271798,
            "common_shares": 1727107,
            "book_valuer_per_share": 10.24,
            "book_valuer_per_share_4q_avg": 9.85,
            "equity": 1770384,
            "current_ratio": 313.69,
            "debt_ratio": 21.28,
            "inventory_turnover_ratio": 1.89,
            "account_receivable_turnover_ratio": 0.46,
            "reinvestment_rate": -953.09,
            "research_to_sale_ratio": 0.76,
            "price_fair": 7.28,
            "eps_avg_yearly": 0.21,
            "eps_latest_yearly": 0.12,
            "eps_growth_yearly": 38.67
        },
        "20213": {
            "year_quarter": 20213,
            "year": 2021,
            "quarter": 3,
            "eps": 0.05,
            "eps_growth_year": 66.67,
            "eps_4q": 0.26,
            "eps_4q_growth_year": 346.81,
            "roe": 0.54,
            "roe_4q": 2.72,
            "gross_profit": 53259,
            "gross_margin": 20.05,
            "gross_margin_4q_avg": 21.11,
            "net_income": 9494,
            "revenue": 265580,
            "common_shares": 1727107,
            "book_valuer_per_share": 10.23,
            "book_valuer_per_share_4q_avg": 10.1,
            "equity": 1768916,
            "current_ratio": 256.51,
            "debt_ratio": 27.64,
            "inventory_turnover_ratio": 1.65,
            "account_receivable_turnover_ratio": 0.39,
            "reinvestment_rate": -1325.54,
            "research_to_sale_ratio": 0.79,
            "price_fair": 7.23,
            "eps_avg_yearly": 0.21,
            "eps_latest_yearly": 0.2,
            "eps_growth_yearly": 76.67
        },
        "20214": {
            "year_quarter": 20214,
            "year": 2021,
            "quarter": 4,
            "eps": 0.01,
            "eps_growth_year": -82.14,
            "eps_4q": 0.2,
            "eps_4q_growth_year": 61.88,
            "roe": 0.13,
            "roe_4q": 1.98,
            "gross_profit": 41373,
            "gross_margin": 15.59,
            "gross_margin_4q_avg": 19.04,
            "net_income": 2371,
            "revenue": 265370,
            "common_shares": 1727107,
            "book_valuer_per_share": 10.31,
            "book_valuer_per_share_4q_avg": 10.27,
            "equity": 1782350,
            "current_ratio": 313.83,
            "debt_ratio": 22.18,
            "inventory_turnover_ratio": 1.38,
            "account_receivable_turnover_ratio": 0.39,
            "reinvestment_rate": -1006.36,
            "research_to_sale_ratio": 0.81,
            "price_fair": 5.49,
            "eps_avg_yearly": 0.18,
            "eps_latest_yearly": 0.04,
            "eps_growth_yearly": 20
        },
        "20221": {
            "year_quarter": 20221,
            "year": 2022,
            "quarter": 1,
            "eps": 0.05,
            "eps_growth_year": -50,
            "eps_4q": 0.15,
            "eps_4q_growth_year": -43.34,
            "roe": 0.53,
            "roe_4q": 1.4600000000000002,
            "gross_profit": 44330,
            "gross_margin": 17.27,
            "gross_margin_4q_avg": 17.9,
            "net_income": 9495,
            "revenue": 256728,
            "common_shares": 1727107,
            "book_valuer_per_share": 10.24,
            "book_valuer_per_share_4q_avg": 10.26,
            "equity": 1771745,
            "current_ratio": 304.33,
            "debt_ratio": 22.98,
            "inventory_turnover_ratio": 1.14,
            "account_receivable_turnover_ratio": 0.41,
            "reinvestment_rate": -241,
            "research_to_sale_ratio": 0.7,
            "price_fair": 6.48,
            "eps_avg_yearly": 0.19,
            "eps_latest_yearly": 0.2,
            "eps_growth_yearly": 217.5
        },
        "20222": {
            "year_quarter": 20222,
            "year": 2022,
            "quarter": 2,
            "eps": 0.02,
            "eps_growth_year": -33.33,
            "eps_4q": 0.14,
            "eps_4q_growth_year": -39.84,
            "roe": 0.26,
            "roe_4q": 1.46,
            "gross_profit": 28868,
            "gross_margin": 12.34,
            "gross_margin_4q_avg": 16.31,
            "net_income": 4499,
            "revenue": 233997,
            "common_shares": 1727107,
            "book_valuer_per_share": 9.73,
            "book_valuer_per_share_4q_avg": 10.13,
            "equity": 1684333,
            "current_ratio": 428.95,
            "debt_ratio": 17.33,
            "inventory_turnover_ratio": 1.13,
            "account_receivable_turnover_ratio": 0.39,
            "reinvestment_rate": -234.87,
            "research_to_sale_ratio": 0.98,
            "price_fair": 6.07,
            "eps_avg_yearly": 0.17,
            "eps_latest_yearly": 0.08,
            "eps_growth_yearly": 166.67
        },
        "20223": {
            "year_quarter": 20223,
            "year": 2022,
            "quarter": 3,
            "eps": 0.24,
            "eps_growth_year": 380,
            "eps_4q": 0.33,
            "eps_4q_growth_year": 24.3,
            "roe": 2.47,
            "roe_4q": 3.3900000000000006,
            "gross_profit": 54809,
            "gross_margin": 19.01,
            "gross_margin_4q_avg": 16.05,
            "net_income": 41605,
            "revenue": 288252,
            "common_shares": 1727107,
            "book_valuer_per_share": 9.73,
            "book_valuer_per_share_4q_avg": 10,
            "equity": 1685079,
            "current_ratio": 406.42,
            "debt_ratio": 19.25,
            "inventory_turnover_ratio": 1.44,
            "account_receivable_turnover_ratio": 0.47,
            "reinvestment_rate": -111.89,
            "research_to_sale_ratio": 0.67,
            "price_fair": 8.82,
            "eps_avg_yearly": 0.25,
            "eps_latest_yearly": 0.96,
            "eps_growth_yearly": 590
        },
        "20224": {
            "year_quarter": 20224,
            "year": 2022,
            "quarter": 4,
            "eps": 0.11,
            "eps_growth_year": 674.95,
            "eps_4q": 0.43,
            "eps_4q_growth_year": 116.4,
            "roe": 1.14,
            "roe_4q": 4.4,
            "gross_profit": 75027,
            "gross_margin": 26.76,
            "gross_margin_4q_avg": 18.85,
            "net_income": 19361,
            "revenue": 280402,
            "common_shares": 1727107,
            "book_valuer_per_share": 9.87,
            "book_valuer_per_share_4q_avg": 9.89,
            "equity": 1708029,
            "current_ratio": 261.98,
            "debt_ratio": 29.08,
            "inventory_turnover_ratio": 1.37,
            "account_receivable_turnover_ratio": 0.32,
            "reinvestment_rate": -76.06,
            "research_to_sale_ratio": 0.69,
            "price_fair": 9.42,
            "eps_avg_yearly": 0.27,
            "eps_latest_yearly": 0.44,
            "eps_growth_yearly": 516.67
        },
        "20231": {
            "year_quarter": 20231,
            "year": 2023,
            "quarter": 1,
            "eps": 0.08,
            "eps_growth_year": 60,
            "eps_4q": 0.45,
            "eps_4q_growth_year": 208.9,
            "roe": 0.78,
            "roe_4q": 4.65,
            "gross_profit": 60683,
            "gross_margin": 24.1,
            "gross_margin_4q_avg": 20.55,
            "net_income": 13456,
            "revenue": 251801,
            "common_shares": 1727107,
            "book_valuer_per_share": 10,
            "book_valuer_per_share_4q_avg": 9.83,
            "equity": 1730225,
            "current_ratio": 311.63,
            "debt_ratio": 24.13,
            "inventory_turnover_ratio": 1.24,
            "account_receivable_turnover_ratio": 0.3,
            "reinvestment_rate": -49.55,
            "research_to_sale_ratio": 0.71,
            "price_fair": 9.57,
            "eps_avg_yearly": 0.27,
            "eps_latest_yearly": 0.32,
            "eps_growth_yearly": 464.52
        }
    },
    "months": {
        "2001-06": {
            "month": "2001-06",
            "price": "10.66",
            "revenue": 133967
        },
        "2001-07": {
            "month": "2001-07",
            "price": "7.37",
            "revenue": 158565
        },
        "2001-08": {
            "month": "2001-08",
            "price": "6.89",
            "revenue": 219407
        },
        "2001-09": {
            "month": "2001-09",
            "price": "5.60",
            "revenue": 232198
        },
        "2001-10": {
            "month": "2001-10",
            "price": "4.94",
            "revenue": 239056
        },
        "2001-11": {
            "month": "2001-11",
            "price": "5.92",
            "revenue": 182058
        },
        "2001-12": {
            "month": "2001-12",
            "price": "8.70",
            "revenue": 189635
        },
        "2002-01": {
            "month": "2002-01",
            "price": "13.99",
            "revenue": 261446
        },
        "2002-02": {
            "month": "2002-02",
            "price": "15.01",
            "revenue": 190895
        },
        "2002-03": {
            "month": "2002-03",
            "price": "17.20",
            "revenue": 230453
        },
        "2002-04": {
            "month": "2002-04",
            "price": "22.72",
            "revenue": 216917
        },
        "2002-05": {
            "month": "2002-05",
            "price": "16.11",
            "revenue": 202494
        },
        "2002-06": {
            "month": "2002-06",
            "price": "13.04",
            "revenue": 188909
        },
        "2002-07": {
            "month": "2002-07",
            "price": "10.71",
            "revenue": 153308
        },
        "2002-08": {
            "month": "2002-08",
            "price": "9.28",
            "revenue": 190269
        },
        "2002-09": {
            "month": "2002-09",
            "price": "8.08",
            "revenue": 246068
        },
        "2002-10": {
            "month": "2002-10",
            "price": "9.20",
            "revenue": 293035
        },
        "2002-11": {
            "month": "2002-11",
            "price": "11.25",
            "revenue": 262634
        },
        "2002-12": {
            "month": "2002-12",
            "price": "10.43",
            "revenue": 279598
        },
        "2003-01": {
            "month": "2003-01",
            "price": "9.39",
            "revenue": 266977
        },
        "2003-02": {
            "month": "2003-02",
            "price": "8.96",
            "revenue": 225794
        },
        "2003-03": {
            "month": "2003-03",
            "price": "8.27",
            "revenue": 246139
        },
        "2003-04": {
            "month": "2003-04",
            "price": "8.20",
            "revenue": 242710
        },
        "2003-05": {
            "month": "2003-05",
            "price": "7.45",
            "revenue": 224621
        },
        "2003-06": {
            "month": "2003-06",
            "price": "10.72",
            "revenue": 222267
        },
        "2003-07": {
            "month": "2003-07",
            "price": "13.02",
            "revenue": 233799
        },
        "2003-08": {
            "month": "2003-08",
            "price": "11.96",
            "revenue": 245339
        },
        "2003-09": {
            "month": "2003-09",
            "price": "12.60",
            "revenue": 253443
        },
        "2003-10": {
            "month": "2003-10",
            "price": "11.23",
            "revenue": 287529
        },
        "2003-11": {
            "month": "2003-11",
            "price": "11.66",
            "revenue": 241953
        },
        "2003-12": {
            "month": "2003-12",
            "price": "11.97",
            "revenue": 230307
        },
        "2004-01": {
            "month": "2004-01",
            "price": "11.95",
            "revenue": 187223
        },
        "2004-02": {
            "month": "2004-02",
            "price": "12.36",
            "revenue": 248055
        },
        "2004-03": {
            "month": "2004-03",
            "price": "11.34",
            "revenue": 238408
        },
        "2004-04": {
            "month": "2004-04",
            "price": "10.87",
            "revenue": 221887
        },
        "2004-05": {
            "month": "2004-05",
            "price": "8.78",
            "revenue": 173226
        },
        "2004-06": {
            "month": "2004-06",
            "price": "7.48",
            "revenue": 197083
        },
        "2004-07": {
            "month": "2004-07",
            "price": "5.74",
            "revenue": 167163
        },
        "2004-08": {
            "month": "2004-08",
            "price": "5.24",
            "revenue": 181832
        },
        "2004-09": {
            "month": "2004-09",
            "price": "4.67",
            "revenue": 201789
        },
        "2004-10": {
            "month": "2004-10",
            "price": "4.22",
            "revenue": 216094
        },
        "2004-11": {
            "month": "2004-11",
            "price": "3.98",
            "revenue": 211718
        },
        "2004-12": {
            "month": "2004-12",
            "price": "3.57",
            "revenue": 163122
        },
        "2005-01": {
            "month": "2005-01",
            "price": "3.36",
            "revenue": 176355
        },
        "2005-02": {
            "month": "2005-02",
            "price": "3.35",
            "revenue": 132520
        },
        "2005-03": {
            "month": "2005-03",
            "price": "3.99",
            "revenue": 170009
        },
        "2005-04": {
            "month": "2005-04",
            "price": "3.95",
            "revenue": 200351
        },
        "2005-05": {
            "month": "2005-05",
            "price": "3.59",
            "revenue": 209209
        },
        "2005-06": {
            "month": "2005-06",
            "price": "4.03",
            "revenue": 180394
        },
        "2005-07": {
            "month": "2005-07",
            "price": "4.56",
            "revenue": 247583
        },
        "2005-08": {
            "month": "2005-08",
            "price": "5.04",
            "revenue": 271563
        },
        "2005-09": {
            "month": "2005-09",
            "price": "5.37",
            "revenue": 255571
        },
        "2005-10": {
            "month": "2005-10",
            "price": "4.74",
            "revenue": 272897
        },
        "2005-11": {
            "month": "2005-11",
            "price": "4.76",
            "revenue": 350507
        },
        "2005-12": {
            "month": "2005-12",
            "price": "5.85",
            "revenue": 314065
        },
        "2006-01": {
            "month": "2006-01",
            "price": "6.63",
            "revenue": 250592
        },
        "2006-02": {
            "month": "2006-02",
            "price": "5.95",
            "revenue": 253523
        },
        "2006-03": {
            "month": "2006-03",
            "price": "5.93",
            "revenue": 362001
        },
        "2006-04": {
            "month": "2006-04",
            "price": "6.17",
            "revenue": 312805
        },
        "2006-05": {
            "month": "2006-05",
            "price": "5.68",
            "revenue": 286706
        },
        "2006-06": {
            "month": "2006-06",
            "price": "4.96",
            "revenue": 301590
        },
        "2006-07": {
            "month": "2006-07",
            "price": "4.84",
            "revenue": 251538
        },
        "2006-08": {
            "month": "2006-08",
            "price": "4.64",
            "revenue": 345738
        },
        "2006-09": {
            "month": "2006-09",
            "price": "4.38",
            "revenue": 377178
        },
        "2006-10": {
            "month": "2006-10",
            "price": "4.82",
            "revenue": 375718
        },
        "2006-11": {
            "month": "2006-11",
            "price": "5.05",
            "revenue": 388238
        },
        "2006-12": {
            "month": "2006-12",
            "price": "5.60",
            "revenue": 340186
        },
        "2007-01": {
            "month": "2007-01",
            "price": "5.33",
            "revenue": 256763
        },
        "2007-02": {
            "month": "2007-02",
            "price": "5.26",
            "revenue": 257106
        },
        "2007-03": {
            "month": "2007-03",
            "price": "5.70",
            "revenue": 339644
        },
        "2007-04": {
            "month": "2007-04",
            "price": "6.90",
            "revenue": 345624
        },
        "2007-05": {
            "month": "2007-05",
            "price": "9.63",
            "revenue": 346159
        },
        "2007-06": {
            "month": "2007-06",
            "price": "10.21",
            "revenue": 336323
        },
        "2007-07": {
            "month": "2007-07",
            "price": "14.01",
            "revenue": 380165
        },
        "2007-08": {
            "month": "2007-08",
            "price": "12.38",
            "revenue": 422947
        },
        "2007-09": {
            "month": "2007-09",
            "price": "11.84",
            "revenue": 424798
        },
        "2007-10": {
            "month": "2007-10",
            "price": "12.11",
            "revenue": 308876
        },
        "2007-11": {
            "month": "2007-11",
            "price": "10.94",
            "revenue": 303286
        },
        "2007-12": {
            "month": "2007-12",
            "price": "9.78",
            "revenue": 299967
        },
        "2008-01": {
            "month": "2008-01",
            "price": "8.96",
            "revenue": 256848
        },
        "2008-02": {
            "month": "2008-02",
            "price": "7.94",
            "revenue": 199468
        },
        "2008-03": {
            "month": "2008-03",
            "price": "8.04",
            "revenue": 239557
        },
        "2008-04": {
            "month": "2008-04",
            "price": "7.30",
            "revenue": 205922
        },
        "2008-05": {
            "month": "2008-05",
            "price": "6.94",
            "revenue": 232365
        },
        "2008-06": {
            "month": "2008-06",
            "price": "5.75",
            "revenue": 181870
        },
        "2008-07": {
            "month": "2008-07",
            "price": "4.62",
            "revenue": 194686
        },
        "2008-08": {
            "month": "2008-08",
            "price": "4.43",
            "revenue": 211651
        },
        "2008-09": {
            "month": "2008-09",
            "price": "3.88",
            "revenue": 217119
        },
        "2008-10": {
            "month": "2008-10",
            "price": "2.92",
            "revenue": 173866
        },
        "2008-11": {
            "month": "2008-11",
            "price": "3.04",
            "revenue": 115439
        },
        "2008-12": {
            "month": "2008-12",
            "price": "2.80",
            "revenue": 109537
        },
        "2009-01": {
            "month": "2009-01",
            "price": "2.38",
            "revenue": 91559
        },
        "2009-02": {
            "month": "2009-02",
            "price": "2.51",
            "revenue": 105748
        },
        "2009-03": {
            "month": "2009-03",
            "price": "3.37",
            "revenue": 119759
        },
        "2009-04": {
            "month": "2009-04",
            "price": "4.44",
            "revenue": 151093
        },
        "2009-05": {
            "month": "2009-05",
            "price": "5.32",
            "revenue": 128107
        },
        "2009-06": {
            "month": "2009-06",
            "price": "5.60",
            "revenue": 136970
        },
        "2009-07": {
            "month": "2009-07",
            "price": "6.63",
            "revenue": 144820
        },
        "2009-08": {
            "month": "2009-08",
            "price": "8.48",
            "revenue": 153346
        },
        "2009-09": {
            "month": "2009-09",
            "price": "8.85",
            "revenue": 176171
        },
        "2009-10": {
            "month": "2009-10",
            "price": "8.66",
            "revenue": 167990
        },
        "2009-11": {
            "month": "2009-11",
            "price": "8.32",
            "revenue": 151077
        },
        "2009-12": {
            "month": "2009-12",
            "price": "9.26",
            "revenue": 164100
        },
        "2010-01": {
            "month": "2010-01",
            "price": "10.51",
            "revenue": 169762
        },
        "2010-02": {
            "month": "2010-02",
            "price": "8.60",
            "revenue": 133145
        },
        "2010-03": {
            "month": "2010-03",
            "price": "9.62",
            "revenue": 187131
        },
        "2010-04": {
            "month": "2010-04",
            "price": "11.77",
            "revenue": 200799
        },
        "2010-05": {
            "month": "2010-05",
            "price": "12.84",
            "revenue": 189307
        },
        "2010-06": {
            "month": "2010-06",
            "price": "12.03",
            "revenue": 177650
        },
        "2010-07": {
            "month": "2010-07",
            "price": "12.54",
            "revenue": 172431
        },
        "2010-08": {
            "month": "2010-08",
            "price": "12.55",
            "revenue": 167326
        },
        "2010-09": {
            "month": "2010-09",
            "price": "12.02",
            "revenue": 135309
        },
        "2010-10": {
            "month": "2010-10",
            "price": "11.10",
            "revenue": 127577
        },
        "2010-11": {
            "month": "2010-11",
            "price": "9.86",
            "revenue": 158095
        },
        "2010-12": {
            "month": "2010-12",
            "price": "11.42",
            "revenue": 140717
        },
        "2011-01": {
            "month": "2011-01",
            "price": "11.72",
            "revenue": 133381
        },
        "2011-02": {
            "month": "2011-02",
            "price": "10.73",
            "revenue": 99236
        },
        "2011-03": {
            "month": "2011-03",
            "price": "9.99",
            "revenue": 152030
        },
        "2011-04": {
            "month": "2011-04",
            "price": "10.00",
            "revenue": 154782
        },
        "2011-05": {
            "month": "2011-05",
            "price": "9.79",
            "revenue": 150816
        },
        "2011-06": {
            "month": "2011-06",
            "price": "9.16",
            "revenue": 127191
        },
        "2011-07": {
            "month": "2011-07",
            "price": "8.15",
            "revenue": 113561
        },
        "2011-08": {
            "month": "2011-08",
            "price": "7.29",
            "revenue": 126825
        },
        "2011-09": {
            "month": "2011-09",
            "price": "7.48",
            "revenue": 115166
        },
        "2011-10": {
            "month": "2011-10",
            "price": "7.30",
            "revenue": 77878
        },
        "2011-11": {
            "month": "2011-11",
            "price": "6.89",
            "revenue": 82219
        },
        "2011-12": {
            "month": "2011-12",
            "price": "6.24",
            "revenue": 92383
        },
        "2012-01": {
            "month": "2012-01",
            "price": "6.86",
            "revenue": 87064
        },
        "2012-02": {
            "month": "2012-02",
            "price": "7.80",
            "revenue": 85278
        },
        "2012-03": {
            "month": "2012-03",
            "price": "7.77",
            "revenue": 104460
        },
        "2012-04": {
            "month": "2012-04",
            "price": "7.52",
            "revenue": 110621
        },
        "2012-05": {
            "month": "2012-05",
            "price": "6.83",
            "revenue": 126473
        },
        "2012-06": {
            "month": "2012-06",
            "price": "6.66",
            "revenue": 96287
        },
        "2012-07": {
            "month": "2012-07",
            "price": "7.04",
            "revenue": 115300
        },
        "2012-08": {
            "month": "2012-08",
            "price": "6.99",
            "revenue": 99528
        },
        "2012-09": {
            "month": "2012-09",
            "price": "7.14",
            "revenue": 86031
        },
        "2012-10": {
            "month": "2012-10",
            "price": "7.67",
            "revenue": 79838
        },
        "2012-11": {
            "month": "2012-11",
            "price": "7.33",
            "revenue": 91365
        },
        "2012-12": {
            "month": "2012-12",
            "price": "7.36",
            "revenue": 88908
        },
        "2013-01": {
            "month": "2013-01",
            "price": "7.49",
            "revenue": 102277
        },
        "2013-02": {
            "month": "2013-02",
            "price": "8.29",
            "revenue": 69682
        },
        "2013-03": {
            "month": "2013-03",
            "price": "8.54",
            "revenue": 101357
        },
        "2013-04": {
            "month": "2013-04",
            "price": "7.59",
            "revenue": 112078
        },
        "2013-05": {
            "month": "2013-05",
            "price": "7.60",
            "revenue": 121628
        },
        "2013-06": {
            "month": "2013-06",
            "price": "7.91",
            "revenue": 102851
        },
        "2013-07": {
            "month": "2013-07",
            "price": "7.21",
            "revenue": 105883
        },
        "2013-08": {
            "month": "2013-08",
            "price": "7.21",
            "revenue": 111816
        },
        "2013-09": {
            "month": "2013-09",
            "price": "7.87",
            "revenue": 107089
        },
        "2013-10": {
            "month": "2013-10",
            "price": "7.83",
            "revenue": 95676
        },
        "2013-11": {
            "month": "2013-11",
            "price": "7.18",
            "revenue": 95761
        },
        "2013-12": {
            "month": "2013-12",
            "price": "7.22",
            "revenue": 111103
        },
        "2014-01": {
            "month": "2014-01",
            "price": "8.27",
            "revenue": 103776
        },
        "2014-02": {
            "month": "2014-02",
            "price": "9.24",
            "revenue": 90429
        },
        "2014-03": {
            "month": "2014-03",
            "price": "8.43",
            "revenue": 114645
        },
        "2014-04": {
            "month": "2014-04",
            "price": "8.33",
            "revenue": 96198
        },
        "2014-05": {
            "month": "2014-05",
            "price": "8.04",
            "revenue": 103416
        },
        "2014-06": {
            "month": "2014-06",
            "price": "8.22",
            "revenue": 97239
        },
        "2014-07": {
            "month": "2014-07",
            "price": "8.21",
            "revenue": 110585
        },
        "2014-08": {
            "month": "2014-08",
            "price": "7.64",
            "revenue": 110806
        },
        "2014-09": {
            "month": "2014-09",
            "price": "7.53",
            "revenue": 101750
        },
        "2014-10": {
            "month": "2014-10",
            "price": "7.00",
            "revenue": 91675
        },
        "2014-11": {
            "month": "2014-11",
            "price": "6.60",
            "revenue": 94016
        },
        "2014-12": {
            "month": "2014-12",
            "price": "6.83",
            "revenue": 105285
        },
        "2015-01": {
            "month": "2015-01",
            "price": "7.08",
            "revenue": 89709
        },
        "2015-02": {
            "month": "2015-02",
            "price": "7.73",
            "revenue": 60706
        },
        "2015-03": {
            "month": "2015-03",
            "price": "7.42",
            "revenue": 99774
        },
        "2015-04": {
            "month": "2015-04",
            "price": "6.52",
            "revenue": 86524
        },
        "2015-05": {
            "month": "2015-05",
            "price": "6.02",
            "revenue": 95551
        },
        "2015-06": {
            "month": "2015-06",
            "price": "5.37",
            "revenue": 93583
        },
        "2015-07": {
            "month": "2015-07",
            "price": "5.50",
            "revenue": 73732
        },
        "2015-08": {
            "month": "2015-08",
            "price": "4.56",
            "revenue": 80998
        },
        "2015-09": {
            "month": "2015-09",
            "price": "4.62",
            "revenue": 82714
        },
        "2015-10": {
            "month": "2015-10",
            "price": "4.66",
            "revenue": 95368
        },
        "2015-11": {
            "month": "2015-11",
            "price": "5.58",
            "revenue": 101202
        },
        "2015-12": {
            "month": "2015-12",
            "price": "5.25",
            "revenue": 100222
        },
        "2016-01": {
            "month": "2016-01",
            "price": "4.80",
            "revenue": 105294
        },
        "2016-02": {
            "month": "2016-02",
            "price": "5.19",
            "revenue": 78160
        },
        "2016-03": {
            "month": "2016-03",
            "price": "5.92",
            "revenue": 95074
        },
        "2016-04": {
            "month": "2016-04",
            "price": "5.98",
            "revenue": 92277
        },
        "2016-05": {
            "month": "2016-05",
            "price": "5.77",
            "revenue": 91031
        },
        "2016-06": {
            "month": "2016-06",
            "price": "5.92",
            "revenue": 87609
        },
        "2016-07": {
            "month": "2016-07",
            "price": "6.10",
            "revenue": 74383
        },
        "2016-08": {
            "month": "2016-08",
            "price": "6.50",
            "revenue": 86802
        },
        "2016-09": {
            "month": "2016-09",
            "price": "6.79",
            "revenue": 83785
        },
        "2016-10": {
            "month": "2016-10",
            "price": "6.43",
            "revenue": 72416
        },
        "2016-11": {
            "month": "2016-11",
            "price": "6.35",
            "revenue": 83369
        },
        "2016-12": {
            "month": "2016-12",
            "price": "6.69",
            "revenue": 79558
        },
        "2017-01": {
            "month": "2017-01",
            "price": "7.21",
            "revenue": 75892
        },
        "2017-02": {
            "month": "2017-02",
            "price": "8.01",
            "revenue": 69305
        },
        "2017-03": {
            "month": "2017-03",
            "price": "8.33",
            "revenue": 76207
        },
        "2017-04": {
            "month": "2017-04",
            "price": "9.10",
            "revenue": 71295
        },
        "2017-05": {
            "month": "2017-05",
            "price": "8.67",
            "revenue": 65293
        },
        "2017-06": {
            "month": "2017-06",
            "price": "9.05",
            "revenue": 72730
        },
        "2017-07": {
            "month": "2017-07",
            "price": "8.48",
            "revenue": 79049
        },
        "2017-08": {
            "month": "2017-08",
            "price": "8.38",
            "revenue": 72002
        },
        "2017-09": {
            "month": "2017-09",
            "price": "8.39",
            "revenue": 75045
        },
        "2017-10": {
            "month": "2017-10",
            "price": "8.88",
            "revenue": 65050
        },
        "2017-11": {
            "month": "2017-11",
            "price": "10.12",
            "revenue": 76415
        },
        "2017-12": {
            "month": "2017-12",
            "price": "10.05",
            "revenue": 74850
        },
        "2018-01": {
            "month": "2018-01",
            "price": "10.77",
            "revenue": 79413
        },
        "2018-02": {
            "month": "2018-02",
            "price": "9.90",
            "revenue": 55184
        },
        "2018-03": {
            "month": "2018-03",
            "price": "10.72",
            "revenue": 74081
        },
        "2018-04": {
            "month": "2018-04",
            "price": "10.10",
            "revenue": 75067
        },
        "2018-05": {
            "month": "2018-05",
            "price": "11.00",
            "revenue": 82664
        },
        "2018-06": {
            "month": "2018-06",
            "price": "18.68",
            "revenue": 73810
        },
        "2018-07": {
            "month": "2018-07",
            "price": "19.80",
            "revenue": 72219
        },
        "2018-08": {
            "month": "2018-08",
            "price": "16.06",
            "revenue": 74272
        },
        "2018-09": {
            "month": "2018-09",
            "price": "13.72",
            "revenue": 66988
        },
        "2018-10": {
            "month": "2018-10",
            "price": "10.69",
            "revenue": 58459
        },
        "2018-11": {
            "month": "2018-11",
            "price": "9.64",
            "revenue": 56281
        },
        "2018-12": {
            "month": "2018-12",
            "price": "9.65",
            "revenue": 58785
        },
        "2019-01": {
            "month": "2019-01",
            "price": "8.52",
            "revenue": 61348
        },
        "2019-02": {
            "month": "2019-02",
            "price": "9.56",
            "revenue": 40761
        },
        "2019-03": {
            "month": "2019-03",
            "price": "9.00",
            "revenue": 53620
        },
        "2019-04": {
            "month": "2019-04",
            "price": "8.88",
            "revenue": 58765
        },
        "2019-05": {
            "month": "2019-05",
            "price": "7.90",
            "revenue": 63371
        },
        "2019-06": {
            "month": "2019-06",
            "price": "7.34",
            "revenue": 61732
        },
        "2019-07": {
            "month": "2019-07",
            "price": "7.45",
            "revenue": 68696
        },
        "2019-08": {
            "month": "2019-08",
            "price": "6.72",
            "revenue": 69554
        },
        "2019-09": {
            "month": "2019-09",
            "price": "6.91",
            "revenue": 73779
        },
        "2019-10": {
            "month": "2019-10",
            "price": "7.17",
            "revenue": 63911
        },
        "2019-11": {
            "month": "2019-11",
            "price": "6.77",
            "revenue": 75159
        },
        "2019-12": {
            "month": "2019-12",
            "price": "7.90",
            "revenue": 74363
        },
        "2020-01": {
            "month": "2020-01",
            "price": "9.66",
            "revenue": 57538
        },
        "2020-02": {
            "month": "2020-02",
            "price": "9.61",
            "revenue": 37229
        },
        "2020-03": {
            "month": "2020-03",
            "price": "7.09",
            "revenue": 66973
        },
        "2020-04": {
            "month": "2020-04",
            "price": "7.71",
            "revenue": 80315
        },
        "2020-05": {
            "month": "2020-05",
            "price": "8.54",
            "revenue": 71308
        },
        "2020-06": {
            "month": "2020-06",
            "price": "8.39",
            "revenue": 74262
        },
        "2020-07": {
            "month": "2020-07",
            "price": "8.51",
            "revenue": 71846
        },
        "2020-08": {
            "month": "2020-08",
            "price": "8.73",
            "revenue": 66310
        },
        "2020-09": {
            "month": "2020-09",
            "price": "9.01",
            "revenue": 70890
        },
        "2020-10": {
            "month": "2020-10",
            "price": "8.72",
            "revenue": 69058
        },
        "2020-11": {
            "month": "2020-11",
            "price": "9.05",
            "revenue": 95469
        },
        "2020-12": {
            "month": "2020-12",
            "price": "11.07",
            "revenue": 85447
        },
        "2021-01": {
            "month": "2021-01",
            "price": "13.32",
            "revenue": 113826
        },
        "2021-02": {
            "month": "2021-02",
            "price": "13.11",
            "revenue": 64648
        },
        "2021-03": {
            "month": "2021-03",
            "price": "14.22",
            "revenue": 78052
        },
        "2021-04": {
            "month": "2021-04",
            "price": "16.78",
            "revenue": 96169
        },
        "2021-05": {
            "month": "2021-05",
            "price": "13.62",
            "revenue": 91538
        },
        "2021-06": {
            "month": "2021-06",
            "price": "13.64",
            "revenue": 84091
        },
        "2021-07": {
            "month": "2021-07",
            "price": "16.90",
            "revenue": 94634
        },
        "2021-08": {
            "month": "2021-08",
            "price": "16.35",
            "revenue": 92932
        },
        "2021-09": {
            "month": "2021-09",
            "price": "16.41",
            "revenue": 78014
        },
        "2021-10": {
            "month": "2021-10",
            "price": "15.15",
            "revenue": 74291
        },
        "2021-11": {
            "month": "2021-11",
            "price": "14.96",
            "revenue": 83333
        },
        "2021-12": {
            "month": "2021-12",
            "price": "14.58",
            "revenue": 107746
        },
        "2022-01": {
            "month": "2022-01",
            "price": "14.75",
            "revenue": 89279
        },
        "2022-02": {
            "month": "2022-02",
            "price": "13.77",
            "revenue": 75959
        },
        "2022-03": {
            "month": "2022-03",
            "price": "12.60",
            "revenue": 91490
        },
        "2022-04": {
            "month": "2022-04",
            "price": "11.98",
            "revenue": 79755
        },
        "2022-05": {
            "month": "2022-05",
            "price": "10.84",
            "revenue": 84759
        },
        "2022-06": {
            "month": "2022-06",
            "price": "10.59",
            "revenue": 69483
        },
        "2022-07": {
            "month": "2022-07",
            "price": "9.79",
            "revenue": 89209
        },
        "2022-08": {
            "month": "2022-08",
            "price": "10.14",
            "revenue": 92105
        },
        "2022-09": {
            "month": "2022-09",
            "price": "9.74",
            "revenue": 106938
        },
        "2022-10": {
            "month": "2022-10",
            "price": "8.87",
            "revenue": 90482
        },
        "2022-11": {
            "month": "2022-11",
            "price": "9.62",
            "revenue": 96402
        },
        "2022-12": {
            "month": "2022-12",
            "price": "10.16",
            "revenue": 93518
        },
        "2023-01": {
            "month": "2023-01",
            "price": "10.03",
            "revenue": 72247
        },
        "2023-02": {
            "month": "2023-02",
            "price": "10.70",
            "revenue": 86226
        },
        "2023-03": {
            "month": "2023-03",
            "price": "11.42",
            "revenue": 93328
        },
        "2023-04": {
            "month": "2023-04",
            "price": "13.78",
            "revenue": 83793
        },
        "2023-05": {
            "month": "2023-05",
            "price": "14.18",
            "revenue": 92831
        }
    }
}
