{
    "summary": {
        "stock_name": "建榮",
        "stock_id": "5340",
        "category": "電子零組件",
        "main_business": "印刷電路基層板、玻璃布之製造加工、買賣業務。<br>前項有關之原材料、零配組件、製成品之製造加工買賣業務。<br>前項有關產品之進出口及國內外廠商有關產品之代理經銷投標報價。",
        "website_url": "http://www.baotek.com.tw",
        "ceo": "佐藤栄二",
        "pe_ratio": 100,
        "report_year_from": 2001,
        "report_year_to": 2023,
        "age": 23,
        "eps_negative_percentage": 39,
        "eps_growth_avg": {
            "last_all": -26.37,
            "last_2y": -22.89,
            "last_4y": -23.16,
            "last_8y": 3.19,
            "last_12y": -19.48,
            "last_16y": -31.16,
            "last_20y": -26.37,
            "at_2006_last_3y": 0,
            "at_2007_last_3y": -22.5,
            "at_2008_last_3y": -89.17,
            "at_2009_last_3y": -83.75,
            "at_2010_last_3y": -83.75,
            "at_2011_last_3y": -98.81,
            "at_2012_last_3y": -98.81,
            "at_2013_last_3y": -98.81,
            "at_2014_last_3y": -98.81,
            "at_2015_last_3y": -100,
            "at_2016_last_3y": null,
            "at_2017_last_3y": 100,
            "at_2018_last_3y": 69.05,
            "at_2019_last_3y": 34.92,
            "at_2020_last_3y": 22.74,
            "at_2021_last_3y": -14.26,
            "at_2022_last_3y": -7.44,
            "at_2023_last_3y": -20.61,
            "at_2024_last_3y": -20.61,
            "at_2006_last_all": 0,
            "at_2007_last_all": -22.5,
            "at_2008_last_all": -41.88,
            "at_2009_last_all": -41.88,
            "at_2010_last_all": -41.88,
            "at_2011_last_all": -53.02,
            "at_2012_last_all": -60.85,
            "at_2013_last_all": -60.85,
            "at_2014_last_all": -60.85,
            "at_2015_last_all": -60.85,
            "at_2016_last_all": -60.85,
            "at_2017_last_all": -37.87,
            "at_2018_last_all": -28.38,
            "at_2019_last_all": -28.93,
            "at_2020_last_all": -27.42,
            "at_2021_last_all": -29.29,
            "at_2022_last_all": -21.4,
            "at_2023_last_all": -26.37,
            "at_2024_last_all": -26.37
        },
        "latest_eps": 0.08,
        "latest_price": 58.2,
        "latest_roe": 0.81,
        "latest_gross_margin": 8.81,
        "latest_equity": 1931076,
        "latest_revenue": 308947,
        "latest_gross_profit": 27203,
        "latest_net_income": 12122,
        "latest_debt_ratio": 12.56,
        "latest_current_ratio": 365.64,
        "latest_account_receivable_turnover_ratio": 1.03,
        "latest_inventory_turnover_ratio": 0.58,
        "latest_reinvestment_rate": 95.19,
        "latest_research_to_sale_ratio": 0.91
    },
    "eps_dividends": {
        "1997": {
            "cash": 0,
            "stock": 2.5,
            "eps": 0
        },
        "1998": {
            "cash": 0,
            "stock": 3,
            "eps": 0
        },
        "1999": {
            "cash": 0,
            "stock": 2.5,
            "eps": 0
        },
        "2000": {
            "cash": 0,
            "stock": 1,
            "eps": 0
        },
        "2001": {
            "cash": 0.2,
            "stock": 1,
            "eps": -0.59
        },
        "2002": {
            "cash": 0,
            "stock": 0,
            "eps": -1.15
        },
        "2003": {
            "cash": 0,
            "stock": 0,
            "eps": 0.04
        },
        "2004": {
            "cash": 0,
            "stock": 0,
            "eps": 1.82
        },
        "2005": {
            "cash": 0.1,
            "stock": 0.1,
            "eps": -0.3
        },
        "2006": {
            "cash": 0,
            "stock": 0,
            "eps": 0.4
        },
        "2007": {
            "cash": 0,
            "stock": 0,
            "eps": 0.13
        },
        "2008": {
            "cash": 0,
            "stock": 0,
            "eps": -0.62
        },
        "2009": {
            "cash": 0,
            "stock": 0,
            "eps": -0.81
        },
        "2010": {
            "cash": 0,
            "stock": 0,
            "eps": 0.42
        },
        "2011": {
            "cash": 0,
            "stock": 0,
            "eps": 0.01
        },
        "2012": {
            "cash": 0,
            "stock": 0,
            "eps": -0.54
        },
        "2013": {
            "cash": 0,
            "stock": 0,
            "eps": -0.87
        },
        "2014": {
            "cash": 0,
            "stock": 0,
            "eps": -0.59
        },
        "2015": {
            "cash": 0,
            "stock": 0,
            "eps": -0.4
        },
        "2016": {
            "cash": 0,
            "stock": 0,
            "eps": 0.1
        },
        "2017": {
            "cash": 0,
            "stock": 0,
            "eps": 0.63
        },
        "2018": {
            "cash": 0,
            "stock": 0,
            "eps": 0.87
        },
        "2019": {
            "cash": 0,
            "stock": 0,
            "eps": 0.58
        },
        "2020": {
            "cash": 0,
            "stock": 0,
            "eps": 0.5
        },
        "2021": {
            "cash": 0,
            "stock": 0,
            "eps": 0.26
        },
        "2022": {
            "cash": 0,
            "stock": 0,
            "eps": 0.43
        },
        "2023": {
            "cash": 0,
            "stock": 0,
            "eps": 0.06
        }
    },
    "dividends": {
        "1997-04-25": {
            "cash": 0,
            "stock": 2.5
        },
        "1998-05-27": {
            "cash": 0,
            "stock": 3
        },
        "1999-05-28": {
            "cash": 0,
            "stock": 2.5
        },
        "2000-06-13": {
            "cash": 0,
            "stock": 1
        },
        "2001-04-06": {
            "cash": 0.2,
            "stock": 1
        },
        "2005-04-11": {
            "cash": 0.1,
            "stock": 0.1
        }
    },
    "prices": {
        "200101": "7.37",
        "200102": "11.66",
        "200103": "12.18",
        "200104": "11.62",
        "200105": "8.35",
        "200106": "6.91",
        "200107": "5.43",
        "200108": "5.50",
        "200109": "4.28",
        "200110": "3.75",
        "200111": "4.03",
        "200112": "5.47",
        "200201": "7.45",
        "200202": "7.10",
        "200203": "8.06",
        "200204": "12.34",
        "200205": "10.93",
        "200206": "9.30",
        "200207": "6.69",
        "200208": "5.78",
        "200209": "5.31",
        "200210": "4.62",
        "200211": "4.41",
        "200212": "4.64",
        "200301": "5.25",
        "200302": "5.07",
        "200303": "4.82",
        "200304": "4.45",
        "200305": "3.93",
        "200306": "5.10",
        "200307": "5.58",
        "200308": "5.18",
        "200309": "4.70",
        "200310": "5.22",
        "200311": "6.86",
        "200312": "7.21",
        "200401": "7.99",
        "200402": "8.99",
        "200403": "9.69",
        "200404": "12.95",
        "200405": "12.09",
        "200406": "10.33",
        "200407": "9.23",
        "200408": "9.80",
        "200409": "13.59",
        "200410": "12.96",
        "200411": "11.40",
        "200412": "10.70",
        "200501": "9.11",
        "200502": "9.81",
        "200503": "10.04",
        "200504": "8.56",
        "200505": "6.47",
        "200506": "8.01",
        "200507": "7.91",
        "200508": "6.56",
        "200509": "5.79",
        "200510": "5.73",
        "200511": "5.59",
        "200512": "6.68",
        "200601": "8.37",
        "200602": "7.85",
        "200603": "7.65",
        "200604": "8.07",
        "200605": "7.72",
        "200606": "6.59",
        "200607": "6.57",
        "200608": "7.13",
        "200609": "6.68",
        "200610": "7.13",
        "200611": "7.31",
        "200612": "7.69",
        "200701": "7.31",
        "200702": "6.97",
        "200703": "6.89",
        "200704": "7.51",
        "200705": "7.44",
        "200706": "8.96",
        "200707": "10.02",
        "200708": "9.97",
        "200709": "9.36",
        "200710": "8.53",
        "200711": "8.25",
        "200712": "7.11",
        "200801": "6.40",
        "200802": "7.14",
        "200803": "7.24",
        "200804": "7.70",
        "200805": "7.51",
        "200806": "7.04",
        "200807": "5.67",
        "200808": "4.89",
        "200809": "3.77",
        "200810": "3.28",
        "200811": "2.73",
        "200812": "2.71",
        "200901": "2.77",
        "200902": "3.15",
        "200903": "3.63",
        "200904": "4.32",
        "200905": "4.20",
        "200906": "4.15",
        "200907": "4.23",
        "200908": "4.65",
        "200909": "7.08",
        "200910": "7.79",
        "200911": "6.63",
        "200912": "7.01",
        "201001": "7.69",
        "201002": "7.25",
        "201003": "8.43",
        "201004": "8.79",
        "201005": "8.95",
        "201006": "11.08",
        "201007": "11.37",
        "201008": "11.06",
        "201009": "9.53",
        "201010": "8.69",
        "201011": "8.11",
        "201012": "8.70",
        "201101": "8.83",
        "201102": "9.21",
        "201103": "8.55",
        "201104": "8.71",
        "201105": "8.16",
        "201106": "7.69",
        "201107": "7.16",
        "201108": "6.01",
        "201109": "5.53",
        "201110": "5.47",
        "201111": "5.26",
        "201112": "5.58",
        "201201": "5.36",
        "201202": "6.56",
        "201203": "6.88",
        "201204": "6.32",
        "201205": "5.61",
        "201206": "5.11",
        "201207": "5.08",
        "201208": "5.21",
        "201209": "5.69",
        "201210": "5.30",
        "201211": "4.87",
        "201212": "4.82",
        "201301": "5.08",
        "201302": "5.41",
        "201303": "5.13",
        "201304": "5.01",
        "201305": "5.09",
        "201306": "4.97",
        "201307": "4.70",
        "201308": "4.49",
        "201309": "4.49",
        "201310": "4.42",
        "201311": "4.17",
        "201312": "4.18",
        "201401": "4.56",
        "201402": "4.82",
        "201403": "5.32",
        "201404": "4.97",
        "201405": "4.97",
        "201406": "5.22",
        "201407": "5.37",
        "201408": "5.16",
        "201409": "5.19",
        "201410": "4.84",
        "201411": "4.66",
        "201412": "4.60",
        "201501": "4.79",
        "201502": "5.10",
        "201503": "5.11",
        "201504": "4.88",
        "201505": "4.74",
        "201506": "4.59",
        "201507": "4.33",
        "201508": "3.88",
        "201509": "3.93",
        "201510": "4.06",
        "201511": "3.87",
        "201512": "3.59",
        "201601": "3.33",
        "201602": "3.43",
        "201603": "3.92",
        "201604": "4.01",
        "201605": "3.83",
        "201606": "4.01",
        "201607": "4.54",
        "201608": "4.57",
        "201609": "4.86",
        "201610": "5.16",
        "201611": "5.17",
        "201612": "5.04",
        "201701": "5.33",
        "201702": "7.20",
        "201703": "8.71",
        "201704": "7.67",
        "201705": "7.48",
        "201706": "7.34",
        "201707": "7.45",
        "201708": "8.70",
        "201709": "9.76",
        "201710": "11.23",
        "201711": "12.00",
        "201712": "10.78",
        "201801": "11.16",
        "201802": "9.89",
        "201803": "10.31",
        "201804": "10.18",
        "201805": "10.73",
        "201806": "10.90",
        "201807": "11.55",
        "201808": "13.00",
        "201809": "13.75",
        "201810": "12.53",
        "201811": "11.50",
        "201812": "11.99",
        "201901": "13.83",
        "201902": "18.30",
        "201903": "24.43",
        "201904": "38.42",
        "201905": "33.33",
        "201906": "30.82",
        "201907": "36.65",
        "201908": "42.31",
        "201909": "63.89",
        "201910": "62.65",
        "201911": "52.05",
        "201912": "53.07",
        "202001": "51.17",
        "202002": "43.54",
        "202003": "30.55",
        "202004": "32.05",
        "202005": "42.48",
        "202006": "42.31",
        "202007": "47.01",
        "202008": "43.88",
        "202009": "39.32",
        "202010": "36.45",
        "202011": "35.40",
        "202012": "37.15",
        "202101": "35.62",
        "202102": "34.47",
        "202103": "34.79",
        "202104": "38.77",
        "202105": "33.71",
        "202106": "34.68",
        "202107": "41.30",
        "202108": "38.76",
        "202109": "43.28",
        "202110": "40.58",
        "202111": "39.59",
        "202112": "37.55",
        "202201": "35.12",
        "202202": "36.10",
        "202203": "32.90",
        "202204": "29.29",
        "202205": "28.60",
        "202206": "30.71",
        "202207": "29.87",
        "202208": "29.53",
        "202209": "27.31",
        "202210": "24.98",
        "202211": "25.70",
        "202212": "25.13",
        "202301": "38.66",
        "202302": "48.52",
        "202303": "50.41",
        "202304": "44.99",
        "202305": "45.65",
        "202306": "56.18",
        "202307": "52.37",
        "202308": "63.58",
        "202309": "68.26",
        "202310": "61.74",
        "202311": "61.91",
        "202312": "59.42"
    },
    "quarters": {
        "20011": {
            "year_quarter": 20011,
            "year": 2001,
            "quarter": 1,
            "eps": 0.3,
            "eps_growth_year": null,
            "eps_4q": 1.22,
            "eps_4q_growth_year": null,
            "roe": 2.57,
            "roe_4q": 2.57,
            "gross_profit": 87092,
            "gross_margin": 24.28,
            "gross_margin_4q_avg": 24.28,
            "net_income": 45056,
            "net_income_4q": null,
            "revenue": 358745,
            "revenue_4q": null,
            "common_shares": 1493195,
            "book_valuer_per_share": 11.87,
            "book_valuer_per_share_4q_avg": 11.87,
            "equity": 1772374,
            "current_ratio": 353.49,
            "debt_ratio": 21.11,
            "inventory_turnover_ratio": 0.7,
            "account_receivable_turnover_ratio": null,
            "reinvestment_rate": null,
            "research_to_sale_ratio": null,
            "price_fair": 0,
            "eps_avg_yearly": 0,
            "eps_latest_yearly": 0,
            "eps_growth_yearly": 0
        },
        "20012": {
            "year_quarter": 20012,
            "year": 2001,
            "quarter": 2,
            "eps": -0.13,
            "eps_growth_year": -159.09,
            "eps_4q": 0.79,
            "eps_4q_growth_year": null,
            "roe": -1.25,
            "roe_4q": 1.3199999999999998,
            "gross_profit": 13382,
            "gross_margin": 6.85,
            "gross_margin_4q_avg": 15.57,
            "net_income": -21813,
            "net_income_4q": null,
            "revenue": 195449,
            "revenue_4q": null,
            "common_shares": 1642515,
            "book_valuer_per_share": 10.45,
            "book_valuer_per_share_4q_avg": 11.16,
            "equity": 1716612,
            "current_ratio": 419.29,
            "debt_ratio": 19.09,
            "inventory_turnover_ratio": 0.42,
            "account_receivable_turnover_ratio": null,
            "reinvestment_rate": null,
            "research_to_sale_ratio": null,
            "price_fair": 0,
            "eps_avg_yearly": 0,
            "eps_latest_yearly": 0,
            "eps_growth_yearly": 0
        },
        "20013": {
            "year_quarter": 20013,
            "year": 2001,
            "quarter": 3,
            "eps": -0.42,
            "eps_growth_year": -275,
            "eps_4q": 0.15,
            "eps_4q_growth_year": 1878.48,
            "roe": -4.13,
            "roe_4q": -2.81,
            "gross_profit": -39433,
            "gross_margin": -16.73,
            "gross_margin_4q_avg": 4.8,
            "net_income": -69417,
            "net_income_4q": null,
            "revenue": 235654,
            "revenue_4q": null,
            "common_shares": 1642515,
            "book_valuer_per_share": 10.03,
            "book_valuer_per_share_4q_avg": 10.78,
            "equity": 1647195,
            "current_ratio": 423.4,
            "debt_ratio": 18.48,
            "inventory_turnover_ratio": 0.72,
            "account_receivable_turnover_ratio": null,
            "reinvestment_rate": null,
            "research_to_sale_ratio": null,
            "price_fair": 0,
            "eps_avg_yearly": 0,
            "eps_latest_yearly": 0,
            "eps_growth_yearly": 0
        },
        "20014": {
            "year_quarter": 20014,
            "year": 2001,
            "quarter": 4,
            "eps": -0.34,
            "eps_growth_year": -170.83,
            "eps_4q": -0.62,
            "eps_4q_growth_year": -201.38,
            "roe": -3.44,
            "roe_4q": -6.25,
            "gross_profit": -30915,
            "gross_margin": -15.88,
            "gross_margin_4q_avg": -0.37,
            "net_income": -55671,
            "net_income_4q": null,
            "revenue": 194648,
            "revenue_4q": null,
            "common_shares": 1642515,
            "book_valuer_per_share": 9.69,
            "book_valuer_per_share_4q_avg": 10.51,
            "equity": 1591524,
            "current_ratio": 451.11,
            "debt_ratio": 17.33,
            "inventory_turnover_ratio": 0.71,
            "account_receivable_turnover_ratio": null,
            "reinvestment_rate": null,
            "research_to_sale_ratio": null,
            "price_fair": 0,
            "eps_avg_yearly": 0,
            "eps_latest_yearly": 0,
            "eps_growth_yearly": 0
        },
        "20021": {
            "year_quarter": 20021,
            "year": 2002,
            "quarter": 1,
            "eps": -0.23,
            "eps_growth_year": -176.67,
            "eps_4q": -1.14,
            "eps_4q_growth_year": -193.35,
            "roe": -2.37,
            "roe_4q": -11.190000000000001,
            "gross_profit": -15886,
            "gross_margin": -9.92,
            "gross_margin_4q_avg": -8.92,
            "net_income": -37290,
            "net_income_4q": null,
            "revenue": 160139,
            "revenue_4q": null,
            "common_shares": 1642515,
            "book_valuer_per_share": 9.46,
            "book_valuer_per_share_4q_avg": 9.91,
            "equity": 1554234,
            "current_ratio": 327.9,
            "debt_ratio": 19.76,
            "inventory_turnover_ratio": 0.58,
            "account_receivable_turnover_ratio": null,
            "reinvestment_rate": null,
            "research_to_sale_ratio": null,
            "price_fair": 0,
            "eps_avg_yearly": 0,
            "eps_latest_yearly": 0,
            "eps_growth_yearly": 0
        },
        "20022": {
            "year_quarter": 20022,
            "year": 2002,
            "quarter": 2,
            "eps": -0.33,
            "eps_growth_year": null,
            "eps_4q": -1.32,
            "eps_4q_growth_year": -265.5,
            "roe": -3.51,
            "roe_4q": -13.45,
            "gross_profit": -24934,
            "gross_margin": -9.52,
            "gross_margin_4q_avg": -13.01,
            "net_income": -53647,
            "net_income_4q": null,
            "revenue": 262020,
            "revenue_4q": null,
            "common_shares": 1642515,
            "book_valuer_per_share": 9.14,
            "book_valuer_per_share_4q_avg": 9.58,
            "equity": 1500587,
            "current_ratio": 238.18,
            "debt_ratio": 23.58,
            "inventory_turnover_ratio": 0.93,
            "account_receivable_turnover_ratio": null,
            "reinvestment_rate": null,
            "research_to_sale_ratio": null,
            "price_fair": 0,
            "eps_avg_yearly": 0,
            "eps_latest_yearly": 0,
            "eps_growth_yearly": 0
        },
        "20023": {
            "year_quarter": 20023,
            "year": 2002,
            "quarter": 3,
            "eps": -0.21,
            "eps_growth_year": null,
            "eps_4q": -1.1,
            "eps_4q_growth_year": -821.14,
            "roe": -2.32,
            "roe_4q": -11.639999999999999,
            "gross_profit": -17987,
            "gross_margin": -9.51,
            "gross_margin_4q_avg": -11.21,
            "net_income": -34449,
            "net_income_4q": null,
            "revenue": 189146,
            "revenue_4q": null,
            "common_shares": 1642515,
            "book_valuer_per_share": 8.93,
            "book_valuer_per_share_4q_avg": 9.31,
            "equity": 1466138,
            "current_ratio": 318.77,
            "debt_ratio": 19.08,
            "inventory_turnover_ratio": 0.68,
            "account_receivable_turnover_ratio": null,
            "reinvestment_rate": null,
            "research_to_sale_ratio": null,
            "price_fair": 0,
            "eps_avg_yearly": 0,
            "eps_latest_yearly": 0,
            "eps_growth_yearly": 0
        },
        "20024": {
            "year_quarter": 20024,
            "year": 2002,
            "quarter": 4,
            "eps": -0.38,
            "eps_growth_year": null,
            "eps_4q": -1.14,
            "eps_4q_growth_year": null,
            "roe": -4.36,
            "roe_4q": -12.559999999999999,
            "gross_profit": -11224,
            "gross_margin": -5.88,
            "gross_margin_4q_avg": -8.71,
            "net_income": -62608,
            "net_income_4q": null,
            "revenue": 190892,
            "revenue_4q": null,
            "common_shares": 1642515,
            "book_valuer_per_share": 8.55,
            "book_valuer_per_share_4q_avg": 9.02,
            "equity": 1403530,
            "current_ratio": 264.64,
            "debt_ratio": 20.47,
            "inventory_turnover_ratio": 0.71,
            "account_receivable_turnover_ratio": null,
            "reinvestment_rate": null,
            "research_to_sale_ratio": null,
            "price_fair": 0,
            "eps_avg_yearly": 0,
            "eps_latest_yearly": 0,
            "eps_growth_yearly": 0
        },
        "20031": {
            "year_quarter": 20031,
            "year": 2003,
            "quarter": 1,
            "eps": 0.01,
            "eps_growth_year": null,
            "eps_4q": -0.63,
            "eps_4q_growth_year": null,
            "roe": 0.17,
            "roe_4q": -10.02,
            "gross_profit": 10863,
            "gross_margin": 4.44,
            "gross_margin_4q_avg": -5.12,
            "net_income": 2355,
            "net_income_4q": null,
            "revenue": 244559,
            "revenue_4q": null,
            "common_shares": 1642515,
            "book_valuer_per_share": 8.56,
            "book_valuer_per_share_4q_avg": 8.8,
            "equity": 1405885,
            "current_ratio": 256.69,
            "debt_ratio": 20.88,
            "inventory_turnover_ratio": 0.86,
            "account_receivable_turnover_ratio": null,
            "reinvestment_rate": null,
            "research_to_sale_ratio": null,
            "price_fair": 0,
            "eps_avg_yearly": 0,
            "eps_latest_yearly": 0,
            "eps_growth_yearly": 0
        },
        "20032": {
            "year_quarter": 20032,
            "year": 2003,
            "quarter": 2,
            "eps": 0.02,
            "eps_growth_year": null,
            "eps_4q": -0.48,
            "eps_4q_growth_year": null,
            "roe": 0.27,
            "roe_4q": -6.24,
            "gross_profit": 20608,
            "gross_margin": 8.17,
            "gross_margin_4q_avg": -0.7,
            "net_income": 3786,
            "net_income_4q": null,
            "revenue": 252229,
            "revenue_4q": null,
            "common_shares": 1642515,
            "book_valuer_per_share": 8.58,
            "book_valuer_per_share_4q_avg": 8.66,
            "equity": 1409671,
            "current_ratio": 261.34,
            "debt_ratio": 20.63,
            "inventory_turnover_ratio": 0.81,
            "account_receivable_turnover_ratio": null,
            "reinvestment_rate": null,
            "research_to_sale_ratio": null,
            "price_fair": 2.8,
            "eps_avg_yearly": 0.08,
            "eps_latest_yearly": 0.08,
            "eps_growth_yearly": 400
        },
        "20033": {
            "year_quarter": 20033,
            "year": 2003,
            "quarter": 3,
            "eps": 0,
            "eps_growth_year": null,
            "eps_4q": -0.34,
            "eps_4q_growth_year": null,
            "roe": 0,
            "roe_4q": -3.9200000000000004,
            "gross_profit": 14955,
            "gross_margin": 5.91,
            "gross_margin_4q_avg": 3.16,
            "net_income": 38,
            "net_income_4q": null,
            "revenue": 253077,
            "revenue_4q": null,
            "common_shares": 1642515,
            "book_valuer_per_share": 8.58,
            "book_valuer_per_share_4q_avg": 8.57,
            "equity": 1409709,
            "current_ratio": 302.36,
            "debt_ratio": 18.21,
            "inventory_turnover_ratio": 0.8,
            "account_receivable_turnover_ratio": null,
            "reinvestment_rate": null,
            "research_to_sale_ratio": null,
            "price_fair": 2.8,
            "eps_avg_yearly": 0.08,
            "eps_latest_yearly": 0.08,
            "eps_growth_yearly": 400
        },
        "20034": {
            "year_quarter": 20034,
            "year": 2003,
            "quarter": 4,
            "eps": 0.01,
            "eps_growth_year": null,
            "eps_4q": 0.05,
            "eps_4q_growth_year": null,
            "roe": 0.12,
            "roe_4q": 0.56,
            "gross_profit": 29671,
            "gross_margin": 9.36,
            "gross_margin_4q_avg": 6.97,
            "net_income": 1683,
            "net_income_4q": null,
            "revenue": 316842,
            "revenue_4q": null,
            "common_shares": 1642515,
            "book_valuer_per_share": 8.59,
            "book_valuer_per_share_4q_avg": 8.58,
            "equity": 1411392,
            "current_ratio": 255.79,
            "debt_ratio": 21.54,
            "inventory_turnover_ratio": 0.93,
            "account_receivable_turnover_ratio": null,
            "reinvestment_rate": null,
            "research_to_sale_ratio": null,
            "price_fair": 2.8,
            "eps_avg_yearly": 0.08,
            "eps_latest_yearly": 0.08,
            "eps_growth_yearly": 400
        },
        "20041": {
            "year_quarter": 20041,
            "year": 2004,
            "quarter": 1,
            "eps": 0.11,
            "eps_growth_year": 1000,
            "eps_4q": 0.14,
            "eps_4q_growth_year": null,
            "roe": 1.3,
            "roe_4q": 1.69,
            "gross_profit": 57856,
            "gross_margin": 16.18,
            "gross_margin_4q_avg": 9.91,
            "net_income": 18532,
            "net_income_4q": null,
            "revenue": 357496,
            "revenue_4q": null,
            "common_shares": 1642515,
            "book_valuer_per_share": 8.71,
            "book_valuer_per_share_4q_avg": 8.62,
            "equity": 1429924,
            "current_ratio": 240.6,
            "debt_ratio": 23.35,
            "inventory_turnover_ratio": 0.94,
            "account_receivable_turnover_ratio": null,
            "reinvestment_rate": null,
            "research_to_sale_ratio": null,
            "price_fair": 9.1,
            "eps_avg_yearly": 0.26,
            "eps_latest_yearly": 0.44,
            "eps_growth_yearly": 2200
        },
        "20042": {
            "year_quarter": 20042,
            "year": 2004,
            "quarter": 2,
            "eps": 0.31,
            "eps_growth_year": 1450,
            "eps_4q": 0.43,
            "eps_4q_growth_year": null,
            "roe": 3.49,
            "roe_4q": 4.91,
            "gross_profit": 97645,
            "gross_margin": 21.64,
            "gross_margin_4q_avg": 13.27,
            "net_income": 50802,
            "net_income_4q": null,
            "revenue": 451239,
            "revenue_4q": null,
            "common_shares": 1642515,
            "book_valuer_per_share": 9.01,
            "book_valuer_per_share_4q_avg": 8.72,
            "equity": 1480726,
            "current_ratio": 247.25,
            "debt_ratio": 23.15,
            "inventory_turnover_ratio": 1.14,
            "account_receivable_turnover_ratio": null,
            "reinvestment_rate": null,
            "research_to_sale_ratio": null,
            "price_fair": 20.53,
            "eps_avg_yearly": 0.59,
            "eps_latest_yearly": 1.24,
            "eps_growth_yearly": 1709.09
        },
        "20043": {
            "year_quarter": 20043,
            "year": 2004,
            "quarter": 3,
            "eps": 0.66,
            "eps_growth_year": null,
            "eps_4q": 1.09,
            "eps_4q_growth_year": null,
            "roe": 7.04,
            "roe_4q": 11.950000000000001,
            "gross_profit": 168762,
            "gross_margin": 30.16,
            "gross_margin_4q_avg": 19.34,
            "net_income": 108053,
            "net_income_4q": null,
            "revenue": 559530,
            "revenue_4q": null,
            "common_shares": 1642515,
            "book_valuer_per_share": 9.67,
            "book_valuer_per_share_4q_avg": 9,
            "equity": 1588779,
            "current_ratio": 280.29,
            "debt_ratio": 21.74,
            "inventory_turnover_ratio": 1.41,
            "account_receivable_turnover_ratio": null,
            "reinvestment_rate": null,
            "research_to_sale_ratio": null,
            "price_fair": 38.5,
            "eps_avg_yearly": 1.1,
            "eps_latest_yearly": 2.64,
            "eps_growth_yearly": 1394.72
        },
        "20044": {
            "year_quarter": 20044,
            "year": 2004,
            "quarter": 4,
            "eps": 0.74,
            "eps_growth_year": 7300,
            "eps_4q": 1.82,
            "eps_4q_growth_year": 3534.42,
            "roe": 7.39,
            "roe_4q": 19.220000000000002,
            "gross_profit": 157859,
            "gross_margin": 28.2,
            "gross_margin_4q_avg": 24.05,
            "net_income": 121858,
            "net_income_4q": null,
            "revenue": 559802,
            "revenue_4q": null,
            "common_shares": 1642515,
            "book_valuer_per_share": 10.41,
            "book_valuer_per_share_4q_avg": 9.45,
            "equity": 1710636,
            "current_ratio": 302.29,
            "debt_ratio": 20.19,
            "inventory_turnover_ratio": 1.35,
            "account_receivable_turnover_ratio": null,
            "reinvestment_rate": -2589.66,
            "research_to_sale_ratio": null,
            "price_fair": 51.52,
            "eps_avg_yearly": 1.47,
            "eps_latest_yearly": 2.96,
            "eps_growth_yearly": 1125.47
        },
        "20051": {
            "year_quarter": 20051,
            "year": 2005,
            "quarter": 1,
            "eps": -0.04,
            "eps_growth_year": -136.36,
            "eps_4q": 1.84,
            "eps_4q_growth_year": 1189,
            "roe": -0.35,
            "roe_4q": 17.57,
            "gross_profit": 3185,
            "gross_margin": 1.03,
            "gross_margin_4q_avg": 20.26,
            "net_income": -5975,
            "net_income_4q": null,
            "revenue": 310649,
            "revenue_4q": null,
            "common_shares": 1642515,
            "book_valuer_per_share": 10.38,
            "book_valuer_per_share_4q_avg": 9.87,
            "equity": 1704662,
            "current_ratio": 433.65,
            "debt_ratio": 14.15,
            "inventory_turnover_ratio": 0.93,
            "account_receivable_turnover_ratio": null,
            "reinvestment_rate": null,
            "research_to_sale_ratio": null,
            "price_fair": 51.52,
            "eps_avg_yearly": 1.47,
            "eps_latest_yearly": 2.96,
            "eps_growth_yearly": 1125.47
        },
        "20052": {
            "year_quarter": 20052,
            "year": 2005,
            "quarter": 2,
            "eps": -0.22,
            "eps_growth_year": -170.97,
            "eps_4q": 1.15,
            "eps_4q_growth_year": 164.78,
            "roe": -2.11,
            "roe_4q": 11.969999999999999,
            "gross_profit": -15332,
            "gross_margin": -4.71,
            "gross_margin_4q_avg": 13.67,
            "net_income": -35367,
            "net_income_4q": null,
            "revenue": 325578,
            "revenue_4q": null,
            "common_shares": 1642515,
            "book_valuer_per_share": 10.05,
            "book_valuer_per_share_4q_avg": 10.13,
            "equity": 1651411,
            "current_ratio": 471.41,
            "debt_ratio": 13,
            "inventory_turnover_ratio": 1.2,
            "account_receivable_turnover_ratio": null,
            "reinvestment_rate": null,
            "research_to_sale_ratio": null,
            "price_fair": 51.52,
            "eps_avg_yearly": 1.47,
            "eps_latest_yearly": 2.96,
            "eps_growth_yearly": 1125.47
        },
        "20053": {
            "year_quarter": 20053,
            "year": 2005,
            "quarter": 3,
            "eps": -0.13,
            "eps_growth_year": -119.7,
            "eps_4q": 0.35,
            "eps_4q_growth_year": -67.57,
            "roe": -1.32,
            "roe_4q": 3.61,
            "gross_profit": -19586,
            "gross_margin": -5.93,
            "gross_margin_4q_avg": 4.65,
            "net_income": -21663,
            "net_income_4q": null,
            "revenue": 330335,
            "revenue_4q": null,
            "common_shares": 1658940,
            "book_valuer_per_share": 9.82,
            "book_valuer_per_share_4q_avg": 10.17,
            "equity": 1629748,
            "current_ratio": 424.44,
            "debt_ratio": 13.87,
            "inventory_turnover_ratio": 1.58,
            "account_receivable_turnover_ratio": null,
            "reinvestment_rate": -93065.22,
            "research_to_sale_ratio": null,
            "price_fair": 51.52,
            "eps_avg_yearly": 1.47,
            "eps_latest_yearly": 2.96,
            "eps_growth_yearly": 1125.47
        },
        "20054": {
            "year_quarter": 20054,
            "year": 2005,
            "quarter": 4,
            "eps": 0.09,
            "eps_growth_year": -87.84,
            "eps_4q": -0.28,
            "eps_4q_growth_year": -115.23,
            "roe": 0.94,
            "roe_4q": -2.8400000000000003,
            "gross_profit": 34210,
            "gross_margin": 9.76,
            "gross_margin_4q_avg": 0.04,
            "net_income": 15460,
            "net_income_4q": null,
            "revenue": 350642,
            "revenue_4q": null,
            "common_shares": 1658940,
            "book_valuer_per_share": 9.92,
            "book_valuer_per_share_4q_avg": 10.04,
            "equity": 1645207,
            "current_ratio": 410.56,
            "debt_ratio": 14.81,
            "inventory_turnover_ratio": 1.56,
            "account_receivable_turnover_ratio": null,
            "reinvestment_rate": -544.43,
            "research_to_sale_ratio": null,
            "price_fair": 51.52,
            "eps_avg_yearly": 1.47,
            "eps_latest_yearly": 2.96,
            "eps_growth_yearly": 1125.47
        },
        "20061": {
            "year_quarter": 20061,
            "year": 2006,
            "quarter": 1,
            "eps": 0.03,
            "eps_growth_year": null,
            "eps_4q": -0.21,
            "eps_4q_growth_year": -111.35,
            "roe": 0.32,
            "roe_4q": -2.17,
            "gross_profit": 15388,
            "gross_margin": 4.85,
            "gross_margin_4q_avg": 0.99,
            "net_income": 5222,
            "net_income_4q": null,
            "revenue": 317461,
            "revenue_4q": null,
            "common_shares": 1658940,
            "book_valuer_per_share": 9.95,
            "book_valuer_per_share_4q_avg": 9.94,
            "equity": 1650429,
            "current_ratio": 377.47,
            "debt_ratio": 15.73,
            "inventory_turnover_ratio": 1.4,
            "account_receivable_turnover_ratio": null,
            "reinvestment_rate": -325.36,
            "research_to_sale_ratio": null,
            "price_fair": 43.63,
            "eps_avg_yearly": 1.25,
            "eps_latest_yearly": 0.12,
            "eps_growth_yearly": 893.45
        },
        "20062": {
            "year_quarter": 20062,
            "year": 2006,
            "quarter": 2,
            "eps": 0.07,
            "eps_growth_year": null,
            "eps_4q": 0.06,
            "eps_4q_growth_year": -94.42,
            "roe": 0.69,
            "roe_4q": 0.6299999999999999,
            "gross_profit": 28565,
            "gross_margin": 7.84,
            "gross_margin_4q_avg": 4.13,
            "net_income": 11469,
            "net_income_4q": null,
            "revenue": 364419,
            "revenue_4q": null,
            "common_shares": 1658940,
            "book_valuer_per_share": 10.02,
            "book_valuer_per_share_4q_avg": 9.93,
            "equity": 1661899,
            "current_ratio": 432.17,
            "debt_ratio": 14.1,
            "inventory_turnover_ratio": 1.42,
            "account_receivable_turnover_ratio": null,
            "reinvestment_rate": -198.01,
            "research_to_sale_ratio": null,
            "price_fair": 38.8,
            "eps_avg_yearly": 1.11,
            "eps_latest_yearly": 0.28,
            "eps_growth_yearly": 842.01
        },
        "20063": {
            "year_quarter": 20063,
            "year": 2006,
            "quarter": 3,
            "eps": 0.22,
            "eps_growth_year": null,
            "eps_4q": 0.41,
            "eps_4q_growth_year": 16.04,
            "roe": 2.2,
            "roe_4q": 4.15,
            "gross_profit": 62713,
            "gross_margin": 14.45,
            "gross_margin_4q_avg": 9.23,
            "net_income": 36904,
            "net_income_4q": null,
            "revenue": 434131,
            "revenue_4q": null,
            "common_shares": 1658940,
            "book_valuer_per_share": 10.24,
            "book_valuer_per_share_4q_avg": 10.03,
            "equity": 1698803,
            "current_ratio": 414.95,
            "debt_ratio": 15.28,
            "inventory_turnover_ratio": 1.5,
            "account_receivable_turnover_ratio": null,
            "reinvestment_rate": -137.69,
            "research_to_sale_ratio": null,
            "price_fair": 37.8,
            "eps_avg_yearly": 1.08,
            "eps_latest_yearly": 0.88,
            "eps_growth_yearly": 843.9
        },
        "20064": {
            "year_quarter": 20064,
            "year": 2006,
            "quarter": 4,
            "eps": 0.08,
            "eps_growth_year": -11.11,
            "eps_4q": 0.42,
            "eps_4q_growth_year": null,
            "roe": 0.73,
            "roe_4q": 3.94,
            "gross_profit": 20257,
            "gross_margin": 8.18,
            "gross_margin_4q_avg": 8.83,
            "net_income": 12459,
            "net_income_4q": null,
            "revenue": 247576,
            "revenue_4q": null,
            "common_shares": 1658940,
            "book_valuer_per_share": 10.32,
            "book_valuer_per_share_4q_avg": 10.13,
            "equity": 1711261,
            "current_ratio": 731.14,
            "debt_ratio": 10.05,
            "inventory_turnover_ratio": 0.85,
            "account_receivable_turnover_ratio": null,
            "reinvestment_rate": -99.45,
            "research_to_sale_ratio": null,
            "price_fair": 34.84,
            "eps_avg_yearly": 1,
            "eps_latest_yearly": 0.32,
            "eps_growth_yearly": 721.85
        },
        "20071": {
            "year_quarter": 20071,
            "year": 2007,
            "quarter": 1,
            "eps": -0.16,
            "eps_growth_year": -633.33,
            "eps_4q": 0.21,
            "eps_4q_growth_year": null,
            "roe": -1.53,
            "roe_4q": 2.09,
            "gross_profit": -27030,
            "gross_margin": -14.2,
            "gross_margin_4q_avg": 4.07,
            "net_income": -26045,
            "net_income_4q": null,
            "revenue": 190299,
            "revenue_4q": null,
            "common_shares": 1658940,
            "book_valuer_per_share": 10.16,
            "book_valuer_per_share_4q_avg": 10.19,
            "equity": 1685216,
            "current_ratio": 612.14,
            "debt_ratio": 10.75,
            "inventory_turnover_ratio": 0.75,
            "account_receivable_turnover_ratio": null,
            "reinvestment_rate": -100.33,
            "research_to_sale_ratio": null,
            "price_fair": 34.84,
            "eps_avg_yearly": 1,
            "eps_latest_yearly": 0.32,
            "eps_growth_yearly": 721.85
        },
        "20072": {
            "year_quarter": 20072,
            "year": 2007,
            "quarter": 2,
            "eps": 0.1,
            "eps_growth_year": 42.86,
            "eps_4q": 0.23,
            "eps_4q_growth_year": 267.1,
            "roe": 1.02,
            "roe_4q": 2.42,
            "gross_profit": 15718,
            "gross_margin": 4.05,
            "gross_margin_4q_avg": 3.12,
            "net_income": 17274,
            "net_income_4q": null,
            "revenue": 388511,
            "revenue_4q": null,
            "common_shares": 1658940,
            "book_valuer_per_share": 10.26,
            "book_valuer_per_share_4q_avg": 10.25,
            "equity": 1702491,
            "current_ratio": 512.83,
            "debt_ratio": 12.79,
            "inventory_turnover_ratio": 1.3,
            "account_receivable_turnover_ratio": null,
            "reinvestment_rate": -92,
            "research_to_sale_ratio": null,
            "price_fair": 38.85,
            "eps_avg_yearly": 1.11,
            "eps_latest_yearly": 0.32,
            "eps_growth_yearly": 762.08
        },
        "20073": {
            "year_quarter": 20073,
            "year": 2007,
            "quarter": 3,
            "eps": 0.18,
            "eps_growth_year": -18.18,
            "eps_4q": 0.2,
            "eps_4q_growth_year": -50.83,
            "roe": 1.72,
            "roe_4q": 1.9400000000000002,
            "gross_profit": 45651,
            "gross_margin": 10.75,
            "gross_margin_4q_avg": 2.2,
            "net_income": 29611,
            "net_income_4q": null,
            "revenue": 424515,
            "revenue_4q": null,
            "common_shares": 1658940,
            "book_valuer_per_share": 10.44,
            "book_valuer_per_share_4q_avg": 10.3,
            "equity": 1732101,
            "current_ratio": 502.41,
            "debt_ratio": 13.46,
            "inventory_turnover_ratio": 1.4,
            "account_receivable_turnover_ratio": null,
            "reinvestment_rate": -80.45,
            "research_to_sale_ratio": null,
            "price_fair": 37.33,
            "eps_avg_yearly": 1.07,
            "eps_latest_yearly": 0.72,
            "eps_growth_yearly": 712.96
        },
        "20074": {
            "year_quarter": 20074,
            "year": 2007,
            "quarter": 4,
            "eps": 0.01,
            "eps_growth_year": -87.5,
            "eps_4q": 0.13,
            "eps_4q_growth_year": -69.35,
            "roe": 0.07,
            "roe_4q": 1.28,
            "gross_profit": -1897,
            "gross_margin": -0.65,
            "gross_margin_4q_avg": -0.01,
            "net_income": 1159,
            "net_income_4q": null,
            "revenue": 289949,
            "revenue_4q": null,
            "common_shares": 1658940,
            "book_valuer_per_share": 10.42,
            "book_valuer_per_share_4q_avg": 10.32,
            "equity": 1729094,
            "current_ratio": 557.92,
            "debt_ratio": 13.07,
            "inventory_turnover_ratio": 1.09,
            "account_receivable_turnover_ratio": null,
            "reinvestment_rate": -75.02,
            "research_to_sale_ratio": null,
            "price_fair": 33.74,
            "eps_avg_yearly": 0.96,
            "eps_latest_yearly": 0.04,
            "eps_growth_yearly": 603.89
        },
        "20081": {
            "year_quarter": 20081,
            "year": 2008,
            "quarter": 1,
            "eps": -0.32,
            "eps_growth_year": null,
            "eps_4q": -0.03,
            "eps_4q_growth_year": -112.92,
            "roe": -3.08,
            "roe_4q": -0.27000000000000024,
            "gross_profit": -13854,
            "gross_margin": -4.2,
            "gross_margin_4q_avg": 2.49,
            "net_income": -52579,
            "net_income_4q": null,
            "revenue": 330202,
            "revenue_4q": null,
            "common_shares": 1658940,
            "book_valuer_per_share": 10.13,
            "book_valuer_per_share_4q_avg": 10.31,
            "equity": 1680681,
            "current_ratio": 448.12,
            "debt_ratio": 15.76,
            "inventory_turnover_ratio": 1.31,
            "account_receivable_turnover_ratio": null,
            "reinvestment_rate": -88.97,
            "research_to_sale_ratio": null,
            "price_fair": 35.78,
            "eps_avg_yearly": 1.02,
            "eps_latest_yearly": 0.04,
            "eps_growth_yearly": 226.54
        },
        "20082": {
            "year_quarter": 20082,
            "year": 2008,
            "quarter": 2,
            "eps": -0.01,
            "eps_growth_year": -110,
            "eps_4q": -0.12,
            "eps_4q_growth_year": -152.16,
            "roe": -0.12,
            "roe_4q": -1.4100000000000004,
            "gross_profit": 35787,
            "gross_margin": 11.09,
            "gross_margin_4q_avg": 4.25,
            "net_income": -2080,
            "net_income_4q": null,
            "revenue": 322820,
            "revenue_4q": null,
            "common_shares": 1948940,
            "book_valuer_per_share": 9.74,
            "book_valuer_per_share_4q_avg": 10.18,
            "equity": 1897552,
            "current_ratio": 622.55,
            "debt_ratio": 12.35,
            "inventory_turnover_ratio": 1.1,
            "account_receivable_turnover_ratio": null,
            "reinvestment_rate": -105.04,
            "research_to_sale_ratio": null,
            "price_fair": 34.83,
            "eps_avg_yearly": 1,
            "eps_latest_yearly": 0.04,
            "eps_growth_yearly": 163.95
        },
        "20083": {
            "year_quarter": 20083,
            "year": 2008,
            "quarter": 3,
            "eps": -0.02,
            "eps_growth_year": -111.11,
            "eps_4q": -0.29,
            "eps_4q_growth_year": -244.17,
            "roe": -0.18,
            "roe_4q": -3.31,
            "gross_profit": 2862,
            "gross_margin": 2.02,
            "gross_margin_4q_avg": 2.07,
            "net_income": -3374,
            "net_income_4q": null,
            "revenue": 141397,
            "revenue_4q": null,
            "common_shares": 1948940,
            "book_valuer_per_share": 9.53,
            "book_valuer_per_share_4q_avg": 9.96,
            "equity": 1858190,
            "current_ratio": 524.54,
            "debt_ratio": 14.12,
            "inventory_turnover_ratio": 0.39,
            "account_receivable_turnover_ratio": null,
            "reinvestment_rate": -200.65,
            "research_to_sale_ratio": null,
            "price_fair": 26.6,
            "eps_avg_yearly": 0.76,
            "eps_latest_yearly": 0.04,
            "eps_growth_yearly": 122.85
        },
        "20084": {
            "year_quarter": 20084,
            "year": 2008,
            "quarter": 4,
            "eps": -0.27,
            "eps_growth_year": -2800,
            "eps_4q": -0.59,
            "eps_4q_growth_year": -553.85,
            "roe": -2.68,
            "roe_4q": -6.0600000000000005,
            "gross_profit": -39083,
            "gross_margin": -57.78,
            "gross_margin_4q_avg": -12.22,
            "net_income": -48769,
            "net_income_4q": null,
            "revenue": 67646,
            "revenue_4q": null,
            "common_shares": 1948940,
            "book_valuer_per_share": 9.13,
            "book_valuer_per_share_4q_avg": 9.63,
            "equity": 1779892,
            "current_ratio": 1684.81,
            "debt_ratio": 5.51,
            "inventory_turnover_ratio": 0.24,
            "account_receivable_turnover_ratio": 1.4,
            "reinvestment_rate": null,
            "research_to_sale_ratio": null,
            "price_fair": 13.77,
            "eps_avg_yearly": 0.39,
            "eps_latest_yearly": 0.04,
            "eps_growth_yearly": 135.25
        },
        "20091": {
            "year_quarter": 20091,
            "year": 2009,
            "quarter": 1,
            "eps": -0.36,
            "eps_growth_year": null,
            "eps_4q": -0.64,
            "eps_4q_growth_year": null,
            "roe": -3.99,
            "roe_4q": -6.97,
            "gross_profit": -59892,
            "gross_margin": -40.86,
            "gross_margin_4q_avg": -21.38,
            "net_income": -69897,
            "net_income_4q": null,
            "revenue": 146568,
            "revenue_4q": null,
            "common_shares": 1948940,
            "book_valuer_per_share": 8.86,
            "book_valuer_per_share_4q_avg": 9.32,
            "equity": 1727482,
            "current_ratio": 1263.23,
            "debt_ratio": 6.66,
            "inventory_turnover_ratio": 0.54,
            "account_receivable_turnover_ratio": 1.19,
            "reinvestment_rate": null,
            "research_to_sale_ratio": null,
            "price_fair": 13.77,
            "eps_avg_yearly": 0.39,
            "eps_latest_yearly": 0.04,
            "eps_growth_yearly": 135.25
        },
        "20092": {
            "year_quarter": 20092,
            "year": 2009,
            "quarter": 2,
            "eps": -0.25,
            "eps_growth_year": null,
            "eps_4q": -0.87,
            "eps_4q_growth_year": null,
            "roe": -2.81,
            "roe_4q": -9.66,
            "gross_profit": -23894,
            "gross_margin": -13.1,
            "gross_margin_4q_avg": -27.43,
            "net_income": -48115,
            "net_income_4q": null,
            "revenue": 182454,
            "revenue_4q": null,
            "common_shares": 1948940,
            "book_valuer_per_share": 8.73,
            "book_valuer_per_share_4q_avg": 9.06,
            "equity": 1700595,
            "current_ratio": 666.15,
            "debt_ratio": 10.24,
            "inventory_turnover_ratio": 0.64,
            "account_receivable_turnover_ratio": 1.06,
            "reinvestment_rate": null,
            "research_to_sale_ratio": null,
            "price_fair": 13.77,
            "eps_avg_yearly": 0.39,
            "eps_latest_yearly": 0.04,
            "eps_growth_yearly": 135.25
        },
        "20093": {
            "year_quarter": 20093,
            "year": 2009,
            "quarter": 3,
            "eps": -0.17,
            "eps_growth_year": null,
            "eps_4q": -1.02,
            "eps_4q_growth_year": null,
            "roe": -1.93,
            "roe_4q": -11.41,
            "gross_profit": -22816,
            "gross_margin": -12.68,
            "gross_margin_4q_avg": -31.11,
            "net_income": -32681,
            "net_income_4q": null,
            "revenue": 179919,
            "revenue_4q": null,
            "common_shares": 1948940,
            "book_valuer_per_share": 8.67,
            "book_valuer_per_share_4q_avg": 8.85,
            "equity": 1689697,
            "current_ratio": 517.37,
            "debt_ratio": 12.32,
            "inventory_turnover_ratio": 0.65,
            "account_receivable_turnover_ratio": 0.92,
            "reinvestment_rate": null,
            "research_to_sale_ratio": null,
            "price_fair": 13.77,
            "eps_avg_yearly": 0.39,
            "eps_latest_yearly": 0.04,
            "eps_growth_yearly": 135.25
        },
        "20094": {
            "year_quarter": 20094,
            "year": 2009,
            "quarter": 4,
            "eps": -0.03,
            "eps_growth_year": null,
            "eps_4q": -0.8,
            "eps_4q_growth_year": null,
            "roe": -0.32,
            "roe_4q": -9.05,
            "gross_profit": -1866,
            "gross_margin": -1.2,
            "gross_margin_4q_avg": -16.96,
            "net_income": -5402,
            "net_income_4q": null,
            "revenue": 155761,
            "revenue_4q": null,
            "common_shares": 1948940,
            "book_valuer_per_share": 8.64,
            "book_valuer_per_share_4q_avg": 8.73,
            "equity": 1684766,
            "current_ratio": 461.37,
            "debt_ratio": 13.78,
            "inventory_turnover_ratio": 0.45,
            "account_receivable_turnover_ratio": 1.68,
            "reinvestment_rate": null,
            "research_to_sale_ratio": null,
            "price_fair": 13.77,
            "eps_avg_yearly": 0.39,
            "eps_latest_yearly": 0.04,
            "eps_growth_yearly": 135.25
        },
        "20101": {
            "year_quarter": 20101,
            "year": 2010,
            "quarter": 1,
            "eps": 0.01,
            "eps_growth_year": null,
            "eps_4q": -0.43,
            "eps_4q_growth_year": null,
            "roe": 0.1,
            "roe_4q": -4.96,
            "gross_profit": 9627,
            "gross_margin": 3.51,
            "gross_margin_4q_avg": -5.87,
            "net_income": 1609,
            "net_income_4q": null,
            "revenue": 274356,
            "revenue_4q": null,
            "common_shares": 1948940,
            "book_valuer_per_share": 8.61,
            "book_valuer_per_share_4q_avg": 8.66,
            "equity": 1677642,
            "current_ratio": 512.03,
            "debt_ratio": 12.69,
            "inventory_turnover_ratio": 0.71,
            "account_receivable_turnover_ratio": 1.17,
            "reinvestment_rate": null,
            "research_to_sale_ratio": 1.05,
            "price_fair": 15.68,
            "eps_avg_yearly": 0.45,
            "eps_latest_yearly": 0.04,
            "eps_growth_yearly": 215.63
        },
        "20102": {
            "year_quarter": 20102,
            "year": 2010,
            "quarter": 2,
            "eps": 0.36,
            "eps_growth_year": null,
            "eps_4q": 0.17,
            "eps_4q_growth_year": null,
            "roe": 4.09,
            "roe_4q": 1.9399999999999997,
            "gross_profit": 94462,
            "gross_margin": 23.48,
            "gross_margin_4q_avg": 3.28,
            "net_income": 69869,
            "net_income_4q": null,
            "revenue": 402392,
            "revenue_4q": null,
            "common_shares": 1948940,
            "book_valuer_per_share": 8.91,
            "book_valuer_per_share_4q_avg": 8.71,
            "equity": 1736142,
            "current_ratio": 544.99,
            "debt_ratio": 12.5,
            "inventory_turnover_ratio": 0.96,
            "account_receivable_turnover_ratio": 1.14,
            "reinvestment_rate": null,
            "research_to_sale_ratio": 1.93,
            "price_fair": 23.8,
            "eps_avg_yearly": 0.68,
            "eps_latest_yearly": 1.44,
            "eps_growth_yearly": 2908.96
        },
        "20103": {
            "year_quarter": 20103,
            "year": 2010,
            "quarter": 3,
            "eps": 0.18,
            "eps_growth_year": null,
            "eps_4q": 0.51,
            "eps_4q_growth_year": null,
            "roe": 1.94,
            "roe_4q": 5.809999999999999,
            "gross_profit": 74887,
            "gross_margin": 25.77,
            "gross_margin_4q_avg": 12.89,
            "net_income": 34148,
            "net_income_4q": null,
            "revenue": 290578,
            "revenue_4q": null,
            "common_shares": 1948940,
            "book_valuer_per_share": 9.19,
            "book_valuer_per_share_4q_avg": 8.84,
            "equity": 1790433,
            "current_ratio": 456.59,
            "debt_ratio": 15.19,
            "inventory_turnover_ratio": 0.63,
            "account_receivable_turnover_ratio": 0.73,
            "reinvestment_rate": null,
            "research_to_sale_ratio": 2.82,
            "price_fair": 22.68,
            "eps_avg_yearly": 0.65,
            "eps_latest_yearly": 0.72,
            "eps_growth_yearly": 2697.54
        },
        "20104": {
            "year_quarter": 20104,
            "year": 2010,
            "quarter": 4,
            "eps": -0.13,
            "eps_growth_year": null,
            "eps_4q": 0.42,
            "eps_4q_growth_year": null,
            "roe": -1.38,
            "roe_4q": 4.75,
            "gross_profit": -943,
            "gross_margin": -0.43,
            "gross_margin_4q_avg": 13.08,
            "net_income": -24502,
            "net_income_4q": null,
            "revenue": 217134,
            "revenue_4q": null,
            "common_shares": 1948940,
            "book_valuer_per_share": 9.06,
            "book_valuer_per_share_4q_avg": 8.94,
            "equity": 1766697,
            "current_ratio": 392.63,
            "debt_ratio": 17.2,
            "inventory_turnover_ratio": 0.49,
            "account_receivable_turnover_ratio": 0.69,
            "reinvestment_rate": null,
            "research_to_sale_ratio": 3.3,
            "price_fair": 25.55,
            "eps_avg_yearly": 0.73,
            "eps_latest_yearly": 0.72,
            "eps_growth_yearly": 3435.56
        },
        "20111": {
            "year_quarter": 20111,
            "year": 2011,
            "quarter": 1,
            "eps": 0.01,
            "eps_growth_year": 0,
            "eps_4q": 0.42,
            "eps_4q_growth_year": null,
            "roe": 0.1,
            "roe_4q": 4.75,
            "gross_profit": 15344,
            "gross_margin": 4.03,
            "gross_margin_4q_avg": 13.21,
            "net_income": 1773,
            "net_income_4q": null,
            "revenue": 380412,
            "revenue_4q": null,
            "common_shares": 1948940,
            "book_valuer_per_share": 8.95,
            "book_valuer_per_share_4q_avg": 9.03,
            "equity": 1744291,
            "current_ratio": 314.28,
            "debt_ratio": 21.08,
            "inventory_turnover_ratio": 0.75,
            "account_receivable_turnover_ratio": 1.08,
            "reinvestment_rate": null,
            "research_to_sale_ratio": 1.86,
            "price_fair": 25.55,
            "eps_avg_yearly": 0.73,
            "eps_latest_yearly": 0.72,
            "eps_growth_yearly": 3435.56
        },
        "20112": {
            "year_quarter": 20112,
            "year": 2011,
            "quarter": 2,
            "eps": 0.14,
            "eps_growth_year": -61.71,
            "eps_4q": 0.2,
            "eps_4q_growth_year": 14.3,
            "roe": 1.52,
            "roe_4q": 2.18,
            "gross_profit": 45910,
            "gross_margin": 15.64,
            "gross_margin_4q_avg": 11.25,
            "net_income": 26753,
            "net_income_4q": null,
            "revenue": 293607,
            "revenue_4q": null,
            "common_shares": 1948940,
            "book_valuer_per_share": 9.09,
            "book_valuer_per_share_4q_avg": 9.07,
            "equity": 1771404,
            "current_ratio": 330.06,
            "debt_ratio": 23.72,
            "inventory_turnover_ratio": 0.51,
            "account_receivable_turnover_ratio": 0.7,
            "reinvestment_rate": null,
            "research_to_sale_ratio": 2.43,
            "price_fair": 24.36,
            "eps_avg_yearly": 0.7,
            "eps_latest_yearly": 0.56,
            "eps_growth_yearly": 3788.44
        },
        "20113": {
            "year_quarter": 20113,
            "year": 2011,
            "quarter": 3,
            "eps": -0,
            "eps_growth_year": -100.83,
            "eps_4q": 0.02,
            "eps_4q_growth_year": -96.27,
            "roe": -0.02,
            "roe_4q": 0.2200000000000002,
            "gross_profit": 13061,
            "gross_margin": 5.73,
            "gross_margin_4q_avg": 6.24,
            "net_income": -285,
            "net_income_4q": null,
            "revenue": 227982,
            "revenue_4q": null,
            "common_shares": 1948940,
            "book_valuer_per_share": 8.94,
            "book_valuer_per_share_4q_avg": 9.01,
            "equity": 1742296,
            "current_ratio": 330.96,
            "debt_ratio": 26,
            "inventory_turnover_ratio": 0.41,
            "account_receivable_turnover_ratio": 0.69,
            "reinvestment_rate": null,
            "research_to_sale_ratio": 3.78,
            "price_fair": 24.15,
            "eps_avg_yearly": 0.69,
            "eps_latest_yearly": 0.56,
            "eps_growth_yearly": 4655.56
        },
        "20114": {
            "year_quarter": 20114,
            "year": 2011,
            "quarter": 4,
            "eps": -0.14,
            "eps_growth_year": null,
            "eps_4q": 0.01,
            "eps_4q_growth_year": -97.64,
            "roe": -1.52,
            "roe_4q": 0.07999999999999999,
            "gross_profit": -12426,
            "gross_margin": -6.14,
            "gross_margin_4q_avg": 4.82,
            "net_income": -26328,
            "net_income_4q": null,
            "revenue": 202333,
            "revenue_4q": null,
            "common_shares": 1948940,
            "book_valuer_per_share": 8.81,
            "book_valuer_per_share_4q_avg": 8.95,
            "equity": 1717676,
            "current_ratio": 282.68,
            "debt_ratio": 27.4,
            "inventory_turnover_ratio": 0.39,
            "account_receivable_turnover_ratio": 0.79,
            "reinvestment_rate": null,
            "research_to_sale_ratio": 2.84,
            "price_fair": 31.73,
            "eps_avg_yearly": 0.91,
            "eps_latest_yearly": 0.56,
            "eps_growth_yearly": 6333.33
        },
        "20121": {
            "year_quarter": 20121,
            "year": 2012,
            "quarter": 1,
            "eps": -0.18,
            "eps_growth_year": -1900,
            "eps_4q": -0.18,
            "eps_4q_growth_year": -143.01,
            "roe": -2.05,
            "roe_4q": -2.07,
            "gross_profit": -14765,
            "gross_margin": -4.32,
            "gross_margin_4q_avg": 2.73,
            "net_income": -35101,
            "net_income_4q": null,
            "revenue": 341667,
            "revenue_4q": null,
            "common_shares": 1948940,
            "book_valuer_per_share": 8.72,
            "book_valuer_per_share_4q_avg": 8.89,
            "equity": 1698608,
            "current_ratio": 266.76,
            "debt_ratio": 30.58,
            "inventory_turnover_ratio": 0.67,
            "account_receivable_turnover_ratio": 1.16,
            "reinvestment_rate": null,
            "research_to_sale_ratio": 1.59,
            "price_fair": 31.73,
            "eps_avg_yearly": 0.91,
            "eps_latest_yearly": 0.56,
            "eps_growth_yearly": 6333.33
        },
        "20122": {
            "year_quarter": 20122,
            "year": 2012,
            "quarter": 2,
            "eps": 0.03,
            "eps_growth_year": -75.24,
            "eps_4q": -0.28,
            "eps_4q_growth_year": -244.32,
            "roe": 0.39,
            "roe_4q": -3.1999999999999997,
            "gross_profit": 39378,
            "gross_margin": 13.18,
            "gross_margin_4q_avg": 2.11,
            "net_income": 6623,
            "net_income_4q": null,
            "revenue": 298771,
            "revenue_4q": null,
            "common_shares": 1948940,
            "book_valuer_per_share": 8.68,
            "book_valuer_per_share_4q_avg": 8.79,
            "equity": 1692613,
            "current_ratio": 226.44,
            "debt_ratio": 33.46,
            "inventory_turnover_ratio": 0.48,
            "account_receivable_turnover_ratio": 0.88,
            "reinvestment_rate": null,
            "research_to_sale_ratio": 1.97,
            "price_fair": 31.73,
            "eps_avg_yearly": 0.91,
            "eps_latest_yearly": 0.56,
            "eps_growth_yearly": 6333.33
        },
        "20123": {
            "year_quarter": 20123,
            "year": 2012,
            "quarter": 3,
            "eps": -0.12,
            "eps_growth_year": null,
            "eps_4q": -0.4,
            "eps_4q_growth_year": -2177.54,
            "roe": -1.36,
            "roe_4q": -4.54,
            "gross_profit": 398,
            "gross_margin": 0.15,
            "gross_margin_4q_avg": 0.72,
            "net_income": -22874,
            "net_income_4q": null,
            "revenue": 262601,
            "revenue_4q": null,
            "common_shares": 1948940,
            "book_valuer_per_share": 8.57,
            "book_valuer_per_share_4q_avg": 8.7,
            "equity": 1670049,
            "current_ratio": 249.28,
            "debt_ratio": 33.16,
            "inventory_turnover_ratio": 0.45,
            "account_receivable_turnover_ratio": 0.83,
            "reinvestment_rate": null,
            "research_to_sale_ratio": 2.29,
            "price_fair": 31.73,
            "eps_avg_yearly": 0.91,
            "eps_latest_yearly": 0.56,
            "eps_growth_yearly": 6333.33
        },
        "20124": {
            "year_quarter": 20124,
            "year": 2012,
            "quarter": 4,
            "eps": -0.27,
            "eps_growth_year": null,
            "eps_4q": -0.54,
            "eps_4q_growth_year": -5585.76,
            "roe": -3.27,
            "roe_4q": -6.29,
            "gross_profit": -25897,
            "gross_margin": -13.7,
            "gross_margin_4q_avg": -1.17,
            "net_income": -53595,
            "net_income_4q": null,
            "revenue": 188985,
            "revenue_4q": null,
            "common_shares": 1948940,
            "book_valuer_per_share": 8.23,
            "book_valuer_per_share_4q_avg": 8.55,
            "equity": 1603651,
            "current_ratio": 235.43,
            "debt_ratio": 33.01,
            "inventory_turnover_ratio": 0.36,
            "account_receivable_turnover_ratio": 0.69,
            "reinvestment_rate": null,
            "research_to_sale_ratio": 3.61,
            "price_fair": 31.73,
            "eps_avg_yearly": 0.91,
            "eps_latest_yearly": 0.56,
            "eps_growth_yearly": 6333.33
        },
        "20131": {
            "year_quarter": 20131,
            "year": 2013,
            "quarter": 1,
            "eps": -0.29,
            "eps_growth_year": null,
            "eps_4q": -0.64,
            "eps_4q_growth_year": null,
            "roe": -3.53,
            "roe_4q": -7.7700000000000005,
            "gross_profit": -26375,
            "gross_margin": -8.09,
            "gross_margin_4q_avg": -2.12,
            "net_income": -55585,
            "net_income_4q": null,
            "revenue": 325887,
            "revenue_4q": null,
            "common_shares": 1948940,
            "book_valuer_per_share": 7.94,
            "book_valuer_per_share_4q_avg": 8.36,
            "equity": 1546919,
            "current_ratio": 235.3,
            "debt_ratio": 31.96,
            "inventory_turnover_ratio": 0.63,
            "account_receivable_turnover_ratio": 1.16,
            "reinvestment_rate": null,
            "research_to_sale_ratio": 1.71,
            "price_fair": 31.73,
            "eps_avg_yearly": 0.91,
            "eps_latest_yearly": 0.56,
            "eps_growth_yearly": 6333.33
        },
        "20132": {
            "year_quarter": 20132,
            "year": 2013,
            "quarter": 2,
            "eps": -0.18,
            "eps_growth_year": -629.68,
            "eps_4q": -0.86,
            "eps_4q_growth_year": null,
            "roe": -2.32,
            "roe_4q": -10.479999999999999,
            "gross_profit": -4494,
            "gross_margin": -1.49,
            "gross_margin_4q_avg": -5.78,
            "net_income": -35282,
            "net_income_4q": null,
            "revenue": 301204,
            "revenue_4q": null,
            "common_shares": 1948940,
            "book_valuer_per_share": 7.69,
            "book_valuer_per_share_4q_avg": 8.11,
            "equity": 1498140,
            "current_ratio": 215.97,
            "debt_ratio": 32.92,
            "inventory_turnover_ratio": 0.61,
            "account_receivable_turnover_ratio": 1,
            "reinvestment_rate": null,
            "research_to_sale_ratio": 2.39,
            "price_fair": 31.73,
            "eps_avg_yearly": 0.91,
            "eps_latest_yearly": 0.56,
            "eps_growth_yearly": 6333.33
        },
        "20133": {
            "year_quarter": 20133,
            "year": 2013,
            "quarter": 3,
            "eps": -0.2,
            "eps_growth_year": null,
            "eps_4q": -0.94,
            "eps_4q_growth_year": null,
            "roe": -2.62,
            "roe_4q": -11.739999999999998,
            "gross_profit": -15342,
            "gross_margin": -5.39,
            "gross_margin_4q_avg": -7.17,
            "net_income": -38893,
            "net_income_4q": null,
            "revenue": 284689,
            "revenue_4q": null,
            "common_shares": 1948940,
            "book_valuer_per_share": 7.57,
            "book_valuer_per_share_4q_avg": 7.86,
            "equity": 1475549,
            "current_ratio": 226.85,
            "debt_ratio": 30.65,
            "inventory_turnover_ratio": 0.63,
            "account_receivable_turnover_ratio": 1.08,
            "reinvestment_rate": null,
            "research_to_sale_ratio": 0.76,
            "price_fair": 31.73,
            "eps_avg_yearly": 0.91,
            "eps_latest_yearly": 0.56,
            "eps_growth_yearly": 6333.33
        },
        "20134": {
            "year_quarter": 20134,
            "year": 2013,
            "quarter": 4,
            "eps": -0.2,
            "eps_growth_year": null,
            "eps_4q": -0.86,
            "eps_4q_growth_year": null,
            "roe": -2.65,
            "roe_4q": -11.12,
            "gross_profit": -16559,
            "gross_margin": -6.6,
            "gross_margin_4q_avg": -5.39,
            "net_income": -38656,
            "net_income_4q": null,
            "revenue": 250973,
            "revenue_4q": null,
            "common_shares": 1948940,
            "book_valuer_per_share": 7.41,
            "book_valuer_per_share_4q_avg": 7.65,
            "equity": 1445131,
            "current_ratio": 204.06,
            "debt_ratio": 32.27,
            "inventory_turnover_ratio": 0.59,
            "account_receivable_turnover_ratio": 1.09,
            "reinvestment_rate": null,
            "research_to_sale_ratio": 0.71,
            "price_fair": 31.73,
            "eps_avg_yearly": 0.91,
            "eps_latest_yearly": 0.56,
            "eps_growth_yearly": 6333.33
        },
        "20141": {
            "year_quarter": 20141,
            "year": 2014,
            "quarter": 1,
            "eps": -0.12,
            "eps_growth_year": null,
            "eps_4q": -0.69,
            "eps_4q_growth_year": null,
            "roe": -1.58,
            "roe_4q": -9.17,
            "gross_profit": -9099,
            "gross_margin": -3.31,
            "gross_margin_4q_avg": -4.2,
            "net_income": -22549,
            "net_income_4q": null,
            "revenue": 275280,
            "revenue_4q": null,
            "common_shares": 1948940,
            "book_valuer_per_share": 7.28,
            "book_valuer_per_share_4q_avg": 7.49,
            "equity": 1417987,
            "current_ratio": 200.77,
            "debt_ratio": 31.33,
            "inventory_turnover_ratio": 0.63,
            "account_receivable_turnover_ratio": 1.21,
            "reinvestment_rate": null,
            "research_to_sale_ratio": 0.45,
            "price_fair": 31.73,
            "eps_avg_yearly": 0.91,
            "eps_latest_yearly": 0.56,
            "eps_growth_yearly": 6333.33
        },
        "20142": {
            "year_quarter": 20142,
            "year": 2014,
            "quarter": 2,
            "eps": -0.15,
            "eps_growth_year": null,
            "eps_4q": -0.67,
            "eps_4q_growth_year": null,
            "roe": -2.11,
            "roe_4q": -8.96,
            "gross_profit": -13371,
            "gross_margin": -5.22,
            "gross_margin_4q_avg": -5.13,
            "net_income": -29646,
            "net_income_4q": null,
            "revenue": 256135,
            "revenue_4q": null,
            "common_shares": 1948940,
            "book_valuer_per_share": 7.14,
            "book_valuer_per_share_4q_avg": 7.35,
            "equity": 1391067,
            "current_ratio": 212.21,
            "debt_ratio": 31.82,
            "inventory_turnover_ratio": 0.61,
            "account_receivable_turnover_ratio": 1.05,
            "reinvestment_rate": null,
            "research_to_sale_ratio": 0.4,
            "price_fair": 22.4,
            "eps_avg_yearly": 0.64,
            "eps_latest_yearly": 0.56,
            "eps_growth_yearly": 2500
        },
        "20143": {
            "year_quarter": 20143,
            "year": 2014,
            "quarter": 3,
            "eps": -0.2,
            "eps_growth_year": null,
            "eps_4q": -0.67,
            "eps_4q_growth_year": null,
            "roe": -2.9,
            "roe_4q": -9.24,
            "gross_profit": -22020,
            "gross_margin": -8.06,
            "gross_margin_4q_avg": -5.8,
            "net_income": -39743,
            "net_income_4q": null,
            "revenue": 273030,
            "revenue_4q": null,
            "common_shares": 1948940,
            "book_valuer_per_share": 6.92,
            "book_valuer_per_share_4q_avg": 7.19,
            "equity": 1347802,
            "current_ratio": 189.95,
            "debt_ratio": 32.66,
            "inventory_turnover_ratio": 0.7,
            "account_receivable_turnover_ratio": 1.09,
            "reinvestment_rate": null,
            "research_to_sale_ratio": 0.84,
            "price_fair": 19.6,
            "eps_avg_yearly": 0.56,
            "eps_latest_yearly": 0.56,
            "eps_growth_yearly": 5200
        },
        "20144": {
            "year_quarter": 20144,
            "year": 2014,
            "quarter": 4,
            "eps": -0.12,
            "eps_growth_year": null,
            "eps_4q": -0.6,
            "eps_4q_growth_year": null,
            "roe": -1.81,
            "roe_4q": -8.4,
            "gross_profit": -15176,
            "gross_margin": -6.94,
            "gross_margin_4q_avg": -5.88,
            "net_income": -24160,
            "net_income_4q": null,
            "revenue": 218680,
            "revenue_4q": null,
            "common_shares": 1948940,
            "book_valuer_per_share": 6.77,
            "book_valuer_per_share_4q_avg": 7.03,
            "equity": 1319200,
            "current_ratio": 181.21,
            "debt_ratio": 32.68,
            "inventory_turnover_ratio": 0.57,
            "account_receivable_turnover_ratio": 0.92,
            "reinvestment_rate": null,
            "research_to_sale_ratio": 0.8,
            "price_fair": 19.6,
            "eps_avg_yearly": 0.56,
            "eps_latest_yearly": 0.56,
            "eps_growth_yearly": 5200
        },
        "20151": {
            "year_quarter": 20151,
            "year": 2015,
            "quarter": 1,
            "eps": -0.09,
            "eps_growth_year": null,
            "eps_4q": -0.57,
            "eps_4q_growth_year": null,
            "roe": -1.34,
            "roe_4q": -8.16,
            "gross_profit": 139,
            "gross_margin": 0.05,
            "gross_margin_4q_avg": -5.04,
            "net_income": -17685,
            "net_income_4q": null,
            "revenue": 254143,
            "revenue_4q": null,
            "common_shares": 1948940,
            "book_valuer_per_share": 6.73,
            "book_valuer_per_share_4q_avg": 6.89,
            "equity": 1311288,
            "current_ratio": 171.58,
            "debt_ratio": 33.68,
            "inventory_turnover_ratio": 0.59,
            "account_receivable_turnover_ratio": 1.07,
            "reinvestment_rate": null,
            "research_to_sale_ratio": 0.87,
            "price_fair": 19.6,
            "eps_avg_yearly": 0.56,
            "eps_latest_yearly": 0.56,
            "eps_growth_yearly": 5200
        },
        "20152": {
            "year_quarter": 20152,
            "year": 2015,
            "quarter": 2,
            "eps": -0.1,
            "eps_growth_year": null,
            "eps_4q": -0.52,
            "eps_4q_growth_year": null,
            "roe": -1.46,
            "roe_4q": -7.51,
            "gross_profit": -2560,
            "gross_margin": -1.14,
            "gross_margin_4q_avg": -4.02,
            "net_income": -18963,
            "net_income_4q": null,
            "revenue": 225350,
            "revenue_4q": null,
            "common_shares": 1948940,
            "book_valuer_per_share": 6.58,
            "book_valuer_per_share_4q_avg": 6.75,
            "equity": 1283302,
            "current_ratio": 166.14,
            "debt_ratio": 33.13,
            "inventory_turnover_ratio": 0.52,
            "account_receivable_turnover_ratio": 0.96,
            "reinvestment_rate": null,
            "research_to_sale_ratio": 0.61,
            "price_fair": 0,
            "eps_avg_yearly": 0,
            "eps_latest_yearly": 0,
            "eps_growth_yearly": 0
        },
        "20153": {
            "year_quarter": 20153,
            "year": 2015,
            "quarter": 3,
            "eps": -0.1,
            "eps_growth_year": null,
            "eps_4q": -0.41,
            "eps_4q_growth_year": null,
            "roe": -1.47,
            "roe_4q": -6.08,
            "gross_profit": -9193,
            "gross_margin": -3.89,
            "gross_margin_4q_avg": -2.98,
            "net_income": -18717,
            "net_income_4q": null,
            "revenue": 236262,
            "revenue_4q": null,
            "common_shares": 1948940,
            "book_valuer_per_share": 6.46,
            "book_valuer_per_share_4q_avg": 6.64,
            "equity": 1258998,
            "current_ratio": 158.36,
            "debt_ratio": 33.75,
            "inventory_turnover_ratio": 0.59,
            "account_receivable_turnover_ratio": 0.96,
            "reinvestment_rate": null,
            "research_to_sale_ratio": 0.44,
            "price_fair": 0,
            "eps_avg_yearly": 0,
            "eps_latest_yearly": 0,
            "eps_growth_yearly": 0
        },
        "20154": {
            "year_quarter": 20154,
            "year": 2015,
            "quarter": 4,
            "eps": -0.11,
            "eps_growth_year": null,
            "eps_4q": -0.4,
            "eps_4q_growth_year": null,
            "roe": -1.76,
            "roe_4q": -6.029999999999999,
            "gross_profit": -10136,
            "gross_margin": -4.37,
            "gross_margin_4q_avg": -2.34,
            "net_income": -22031,
            "net_income_4q": null,
            "revenue": 232167,
            "revenue_4q": null,
            "common_shares": 1948940,
            "book_valuer_per_share": 6.35,
            "book_valuer_per_share_4q_avg": 6.53,
            "equity": 1237389,
            "current_ratio": 164.41,
            "debt_ratio": 31.3,
            "inventory_turnover_ratio": 0.64,
            "account_receivable_turnover_ratio": 0.91,
            "reinvestment_rate": null,
            "research_to_sale_ratio": 0.38,
            "price_fair": 0,
            "eps_avg_yearly": 0,
            "eps_latest_yearly": 0,
            "eps_growth_yearly": 0
        },
        "20161": {
            "year_quarter": 20161,
            "year": 2016,
            "quarter": 1,
            "eps": -0.08,
            "eps_growth_year": null,
            "eps_4q": -0.39,
            "eps_4q_growth_year": null,
            "roe": -1.28,
            "roe_4q": -5.97,
            "gross_profit": 7934,
            "gross_margin": 2.89,
            "gross_margin_4q_avg": -1.63,
            "net_income": -15798,
            "net_income_4q": null,
            "revenue": 274920,
            "revenue_4q": null,
            "common_shares": 1948940,
            "book_valuer_per_share": 6.29,
            "book_valuer_per_share_4q_avg": 6.42,
            "equity": 1226574,
            "current_ratio": 156.14,
            "debt_ratio": 33.3,
            "inventory_turnover_ratio": 0.75,
            "account_receivable_turnover_ratio": 1.01,
            "reinvestment_rate": null,
            "research_to_sale_ratio": 0.58,
            "price_fair": 0,
            "eps_avg_yearly": 0,
            "eps_latest_yearly": 0,
            "eps_growth_yearly": 0
        },
        "20162": {
            "year_quarter": 20162,
            "year": 2016,
            "quarter": 2,
            "eps": 0.04,
            "eps_growth_year": null,
            "eps_4q": -0.25,
            "eps_4q_growth_year": null,
            "roe": 0.57,
            "roe_4q": -3.9400000000000004,
            "gross_profit": 26111,
            "gross_margin": 8.89,
            "gross_margin_4q_avg": 0.88,
            "net_income": 7000,
            "net_income_4q": null,
            "revenue": 293774,
            "revenue_4q": null,
            "common_shares": 1948940,
            "book_valuer_per_share": 6.34,
            "book_valuer_per_share_4q_avg": 6.36,
            "equity": 1235775,
            "current_ratio": 144.9,
            "debt_ratio": 36.79,
            "inventory_turnover_ratio": 0.74,
            "account_receivable_turnover_ratio": 0.9,
            "reinvestment_rate": null,
            "research_to_sale_ratio": 0.4,
            "price_fair": 0,
            "eps_avg_yearly": 0,
            "eps_latest_yearly": 0,
            "eps_growth_yearly": 0
        },
        "20163": {
            "year_quarter": 20163,
            "year": 2016,
            "quarter": 3,
            "eps": 0.06,
            "eps_growth_year": null,
            "eps_4q": -0.1,
            "eps_4q_growth_year": null,
            "roe": 0.94,
            "roe_4q": -1.5300000000000002,
            "gross_profit": 27631,
            "gross_margin": 9.61,
            "gross_margin_4q_avg": 4.26,
            "net_income": 11617,
            "net_income_4q": null,
            "revenue": 287427,
            "revenue_4q": null,
            "common_shares": 1948940,
            "book_valuer_per_share": 6.39,
            "book_valuer_per_share_4q_avg": 6.34,
            "equity": 1245878,
            "current_ratio": 150.79,
            "debt_ratio": 37.02,
            "inventory_turnover_ratio": 0.7,
            "account_receivable_turnover_ratio": 0.83,
            "reinvestment_rate": null,
            "research_to_sale_ratio": 0.32,
            "price_fair": 8.4,
            "eps_avg_yearly": 0.24,
            "eps_latest_yearly": 0.24,
            "eps_growth_yearly": 200
        },
        "20164": {
            "year_quarter": 20164,
            "year": 2016,
            "quarter": 4,
            "eps": 0.08,
            "eps_growth_year": null,
            "eps_4q": 0.09,
            "eps_4q_growth_year": null,
            "roe": 1.17,
            "roe_4q": 1.3999999999999997,
            "gross_profit": 32135,
            "gross_margin": 9.76,
            "gross_margin_4q_avg": 7.79,
            "net_income": 14623,
            "net_income_4q": null,
            "revenue": 329416,
            "revenue_4q": null,
            "common_shares": 1948940,
            "book_valuer_per_share": 6.46,
            "book_valuer_per_share_4q_avg": 6.37,
            "equity": 1259879,
            "current_ratio": 157.71,
            "debt_ratio": 35.19,
            "inventory_turnover_ratio": 0.8,
            "account_receivable_turnover_ratio": 0.9,
            "reinvestment_rate": null,
            "research_to_sale_ratio": 0.5,
            "price_fair": 9.8,
            "eps_avg_yearly": 0.28,
            "eps_latest_yearly": 0.32,
            "eps_growth_yearly": 166.67
        },
        "20171": {
            "year_quarter": 20171,
            "year": 2017,
            "quarter": 1,
            "eps": 0.09,
            "eps_growth_year": null,
            "eps_4q": 0.26,
            "eps_4q_growth_year": null,
            "roe": 1.39,
            "roe_4q": 4.069999999999999,
            "gross_profit": 60541,
            "gross_margin": 15.6,
            "gross_margin_4q_avg": 10.97,
            "net_income": 17733,
            "net_income_4q": null,
            "revenue": 388074,
            "revenue_4q": null,
            "common_shares": 1948940,
            "book_valuer_per_share": 6.62,
            "book_valuer_per_share_4q_avg": 6.45,
            "equity": 1291014,
            "current_ratio": 158.78,
            "debt_ratio": 35.92,
            "inventory_turnover_ratio": 0.94,
            "account_receivable_turnover_ratio": 0.93,
            "reinvestment_rate": null,
            "research_to_sale_ratio": 0.21,
            "price_fair": 10.73,
            "eps_avg_yearly": 0.31,
            "eps_latest_yearly": 0.36,
            "eps_growth_yearly": 127.78
        },
        "20172": {
            "year_quarter": 20172,
            "year": 2017,
            "quarter": 2,
            "eps": 0.2,
            "eps_growth_year": 400,
            "eps_4q": 0.42,
            "eps_4q_growth_year": null,
            "roe": 2.9,
            "roe_4q": 6.4,
            "gross_profit": 58866,
            "gross_margin": 15.34,
            "gross_margin_4q_avg": 12.58,
            "net_income": 38041,
            "net_income_4q": null,
            "revenue": 383746,
            "revenue_4q": null,
            "common_shares": 1948940,
            "book_valuer_per_share": 6.83,
            "book_valuer_per_share_4q_avg": 6.58,
            "equity": 1330973,
            "current_ratio": 157.31,
            "debt_ratio": 35.65,
            "inventory_turnover_ratio": 0.96,
            "account_receivable_turnover_ratio": 0.83,
            "reinvestment_rate": null,
            "research_to_sale_ratio": 0.29,
            "price_fair": 15.05,
            "eps_avg_yearly": 0.43,
            "eps_latest_yearly": 0.8,
            "eps_growth_yearly": 218.06
        },
        "20173": {
            "year_quarter": 20173,
            "year": 2017,
            "quarter": 3,
            "eps": 0.19,
            "eps_growth_year": 216.67,
            "eps_4q": 0.55,
            "eps_4q_growth_year": null,
            "roe": 2.7,
            "roe_4q": 8.16,
            "gross_profit": 53250,
            "gross_margin": 14.32,
            "gross_margin_4q_avg": 13.76,
            "net_income": 36326,
            "net_income_4q": null,
            "revenue": 371973,
            "revenue_4q": null,
            "common_shares": 1948940,
            "book_valuer_per_share": 7,
            "book_valuer_per_share_4q_avg": 6.73,
            "equity": 1363912,
            "current_ratio": 166.23,
            "debt_ratio": 34.93,
            "inventory_turnover_ratio": 0.91,
            "account_receivable_turnover_ratio": 0.8,
            "reinvestment_rate": null,
            "research_to_sale_ratio": 0.54,
            "price_fair": 17.36,
            "eps_avg_yearly": 0.5,
            "eps_latest_yearly": 0.76,
            "eps_growth_yearly": 170.44
        },
        "20174": {
            "year_quarter": 20174,
            "year": 2017,
            "quarter": 4,
            "eps": 0.15,
            "eps_growth_year": 106.55,
            "eps_4q": 0.63,
            "eps_4q_growth_year": 601.2,
            "roe": 2.19,
            "roe_4q": 9.180000000000001,
            "gross_profit": 60163,
            "gross_margin": 14.74,
            "gross_margin_4q_avg": 15,
            "net_income": 30204,
            "net_income_4q": null,
            "revenue": 408262,
            "revenue_4q": null,
            "common_shares": 1948940,
            "book_valuer_per_share": 7.16,
            "book_valuer_per_share_4q_avg": 6.9,
            "equity": 1394828,
            "current_ratio": 164.84,
            "debt_ratio": 34.27,
            "inventory_turnover_ratio": 0.97,
            "account_receivable_turnover_ratio": 0.88,
            "reinvestment_rate": null,
            "research_to_sale_ratio": 0.52,
            "price_fair": 17.97,
            "eps_avg_yearly": 0.51,
            "eps_latest_yearly": 0.6,
            "eps_growth_yearly": 128
        },
        "20181": {
            "year_quarter": 20181,
            "year": 2018,
            "quarter": 1,
            "eps": 0.18,
            "eps_growth_year": 100,
            "eps_4q": 0.71,
            "eps_4q_growth_year": 172.81,
            "roe": 2.44,
            "roe_4q": 10.23,
            "gross_profit": 68091,
            "gross_margin": 16.36,
            "gross_margin_4q_avg": 15.19,
            "net_income": 34490,
            "net_income_4q": null,
            "revenue": 416232,
            "revenue_4q": null,
            "common_shares": 1948940,
            "book_valuer_per_share": 7.34,
            "book_valuer_per_share_4q_avg": 7.08,
            "equity": 1430885,
            "current_ratio": 174.8,
            "debt_ratio": 32.58,
            "inventory_turnover_ratio": 0.99,
            "account_receivable_turnover_ratio": 0.85,
            "reinvestment_rate": -4254.54,
            "research_to_sale_ratio": 0.53,
            "price_fair": 19,
            "eps_avg_yearly": 0.54,
            "eps_latest_yearly": 0.72,
            "eps_growth_yearly": 121.14
        },
        "20182": {
            "year_quarter": 20182,
            "year": 2018,
            "quarter": 2,
            "eps": 0.27,
            "eps_growth_year": 35,
            "eps_4q": 0.79,
            "eps_4q_growth_year": 87.97,
            "roe": 3.65,
            "roe_4q": 10.98,
            "gross_profit": 68712,
            "gross_margin": 16.2,
            "gross_margin_4q_avg": 15.41,
            "net_income": 53141,
            "net_income_4q": null,
            "revenue": 424205,
            "revenue_4q": null,
            "common_shares": 1948940,
            "book_valuer_per_share": 7.59,
            "book_valuer_per_share_4q_avg": 7.27,
            "equity": 1479458,
            "current_ratio": 180.23,
            "debt_ratio": 32.39,
            "inventory_turnover_ratio": 0.97,
            "account_receivable_turnover_ratio": 0.81,
            "reinvestment_rate": -145.51,
            "research_to_sale_ratio": 0.33,
            "price_fair": 21.35,
            "eps_avg_yearly": 0.61,
            "eps_latest_yearly": 1.08,
            "eps_growth_yearly": 131
        },
        "20183": {
            "year_quarter": 20183,
            "year": 2018,
            "quarter": 3,
            "eps": 0.25,
            "eps_growth_year": 31.58,
            "eps_4q": 0.85,
            "eps_4q_growth_year": 55.53,
            "roe": 3.2,
            "roe_4q": 11.479999999999999,
            "gross_profit": 63107,
            "gross_margin": 14.94,
            "gross_margin_4q_avg": 15.56,
            "net_income": 48146,
            "net_income_4q": null,
            "revenue": 422281,
            "revenue_4q": null,
            "common_shares": 1948940,
            "book_valuer_per_share": 7.83,
            "book_valuer_per_share_4q_avg": 7.48,
            "equity": 1526456,
            "current_ratio": 221.31,
            "debt_ratio": 25.48,
            "inventory_turnover_ratio": 0.91,
            "account_receivable_turnover_ratio": 0.8,
            "reinvestment_rate": -82.13,
            "research_to_sale_ratio": 0.43,
            "price_fair": 22.87,
            "eps_avg_yearly": 0.65,
            "eps_latest_yearly": 1,
            "eps_growth_yearly": 113.15
        },
        "20184": {
            "year_quarter": 20184,
            "year": 2018,
            "quarter": 4,
            "eps": 0.17,
            "eps_growth_year": 6.69,
            "eps_4q": 0.86,
            "eps_4q_growth_year": 37.36,
            "roe": 2.09,
            "roe_4q": 11.379999999999999,
            "gross_profit": 51736,
            "gross_margin": 14.24,
            "gross_margin_4q_avg": 15.44,
            "net_income": 32226,
            "net_income_4q": null,
            "revenue": 363194,
            "revenue_4q": null,
            "common_shares": 1948940,
            "book_valuer_per_share": 7.96,
            "book_valuer_per_share_4q_avg": 7.68,
            "equity": 1551327,
            "current_ratio": 264.85,
            "debt_ratio": 20.72,
            "inventory_turnover_ratio": 0.79,
            "account_receivable_turnover_ratio": 0.73,
            "reinvestment_rate": -54.43,
            "research_to_sale_ratio": 0.62,
            "price_fair": 22.96,
            "eps_avg_yearly": 0.66,
            "eps_latest_yearly": 0.68,
            "eps_growth_yearly": 89.04
        },
        "20191": {
            "year_quarter": 20191,
            "year": 2019,
            "quarter": 1,
            "eps": 0.17,
            "eps_growth_year": -5.56,
            "eps_4q": 0.86,
            "eps_4q_growth_year": 19.86,
            "roe": 2.11,
            "roe_4q": 11.049999999999999,
            "gross_profit": 55350,
            "gross_margin": 16.02,
            "gross_margin_4q_avg": 15.35,
            "net_income": 33162,
            "net_income_4q": null,
            "revenue": 345591,
            "revenue_4q": null,
            "common_shares": 1948940,
            "book_valuer_per_share": 8.16,
            "book_valuer_per_share_4q_avg": 7.89,
            "equity": 1590798,
            "current_ratio": 278.05,
            "debt_ratio": 18.97,
            "inventory_turnover_ratio": 0.72,
            "account_receivable_turnover_ratio": 0.78,
            "reinvestment_rate": -37.3,
            "research_to_sale_ratio": 0.59,
            "price_fair": 23.04,
            "eps_avg_yearly": 0.66,
            "eps_latest_yearly": 0.68,
            "eps_growth_yearly": 80.94
        },
        "20192": {
            "year_quarter": 20192,
            "year": 2019,
            "quarter": 2,
            "eps": 0.13,
            "eps_growth_year": -51.85,
            "eps_4q": 0.72,
            "eps_4q_growth_year": -9.55,
            "roe": 1.61,
            "roe_4q": 9.01,
            "gross_profit": 45249,
            "gross_margin": 12.86,
            "gross_margin_4q_avg": 14.52,
            "net_income": 25903,
            "net_income_4q": null,
            "revenue": 351757,
            "revenue_4q": null,
            "common_shares": 1948940,
            "book_valuer_per_share": 8.31,
            "book_valuer_per_share_4q_avg": 8.07,
            "equity": 1619409,
            "current_ratio": 301.23,
            "debt_ratio": 17.27,
            "inventory_turnover_ratio": 0.73,
            "account_receivable_turnover_ratio": 0.84,
            "reinvestment_rate": -23.8,
            "research_to_sale_ratio": 0.63,
            "price_fair": 22.63,
            "eps_avg_yearly": 0.65,
            "eps_latest_yearly": 0.52,
            "eps_growth_yearly": 66.36
        },
        "20193": {
            "year_quarter": 20193,
            "year": 2019,
            "quarter": 3,
            "eps": 0.17,
            "eps_growth_year": -32,
            "eps_4q": 0.64,
            "eps_4q_growth_year": -25.28,
            "roe": 2,
            "roe_4q": 7.8100000000000005,
            "gross_profit": 52061,
            "gross_margin": 13.01,
            "gross_margin_4q_avg": 14.03,
            "net_income": 32729,
            "net_income_4q": null,
            "revenue": 400229,
            "revenue_4q": null,
            "common_shares": 1948940,
            "book_valuer_per_share": 8.45,
            "book_valuer_per_share_4q_avg": 8.22,
            "equity": 1646755,
            "current_ratio": 283.4,
            "debt_ratio": 19.02,
            "inventory_turnover_ratio": 0.86,
            "account_receivable_turnover_ratio": 0.87,
            "reinvestment_rate": -17.93,
            "research_to_sale_ratio": 0.63,
            "price_fair": 22.72,
            "eps_avg_yearly": 0.65,
            "eps_latest_yearly": 0.68,
            "eps_growth_yearly": 70.72
        },
        "20194": {
            "year_quarter": 20194,
            "year": 2019,
            "quarter": 4,
            "eps": 0.11,
            "eps_growth_year": -31.68,
            "eps_4q": 0.58,
            "eps_4q_growth_year": -32.26,
            "roe": 1.33,
            "roe_4q": 7.050000000000001,
            "gross_profit": 49318,
            "gross_margin": 12.91,
            "gross_margin_4q_avg": 13.7,
            "net_income": 22016,
            "net_income_4q": null,
            "revenue": 382115,
            "revenue_4q": null,
            "common_shares": 1948940,
            "book_valuer_per_share": 8.58,
            "book_valuer_per_share_4q_avg": 8.38,
            "equity": 1672011,
            "current_ratio": 328.76,
            "debt_ratio": 15.6,
            "inventory_turnover_ratio": 0.89,
            "account_receivable_turnover_ratio": 0.78,
            "reinvestment_rate": -7.89,
            "research_to_sale_ratio": 0.94,
            "price_fair": 22.2,
            "eps_avg_yearly": 0.63,
            "eps_latest_yearly": 0.44,
            "eps_growth_yearly": 55.58
        },
        "20201": {
            "year_quarter": 20201,
            "year": 2020,
            "quarter": 1,
            "eps": 0.14,
            "eps_growth_year": -17.65,
            "eps_4q": 0.56,
            "eps_4q_growth_year": -34.83,
            "roe": 1.66,
            "roe_4q": 6.6000000000000005,
            "gross_profit": 40223,
            "gross_margin": 11.53,
            "gross_margin_4q_avg": 12.58,
            "net_income": 27967,
            "net_income_4q": null,
            "revenue": 348966,
            "revenue_4q": null,
            "common_shares": 1948940,
            "book_valuer_per_share": 8.69,
            "book_valuer_per_share_4q_avg": 8.51,
            "equity": 1693864,
            "current_ratio": 338.35,
            "debt_ratio": 14.27,
            "inventory_turnover_ratio": 0.88,
            "account_receivable_turnover_ratio": 0.76,
            "reinvestment_rate": 6.93,
            "research_to_sale_ratio": 0.79,
            "price_fair": 22.03,
            "eps_avg_yearly": 0.63,
            "eps_latest_yearly": 0.56,
            "eps_growth_yearly": 59.15
        },
        "20202": {
            "year_quarter": 20202,
            "year": 2020,
            "quarter": 2,
            "eps": 0.14,
            "eps_growth_year": 7.69,
            "eps_4q": 0.56,
            "eps_4q_growth_year": -22.02,
            "roe": 1.52,
            "roe_4q": 6.51,
            "gross_profit": 50891,
            "gross_margin": 14,
            "gross_margin_4q_avg": 12.86,
            "net_income": 26028,
            "net_income_4q": null,
            "revenue": 363457,
            "revenue_4q": null,
            "common_shares": 1948940,
            "book_valuer_per_share": 8.87,
            "book_valuer_per_share_4q_avg": 8.65,
            "equity": 1728409,
            "current_ratio": 344.75,
            "debt_ratio": 14.13,
            "inventory_turnover_ratio": 0.91,
            "account_receivable_turnover_ratio": 0.83,
            "reinvestment_rate": 10.23,
            "research_to_sale_ratio": 0.56,
            "price_fair": 21.88,
            "eps_avg_yearly": 0.63,
            "eps_latest_yearly": 0.56,
            "eps_growth_yearly": 55.45
        },
        "20203": {
            "year_quarter": 20203,
            "year": 2020,
            "quarter": 3,
            "eps": 0.15,
            "eps_growth_year": -11.76,
            "eps_4q": 0.54,
            "eps_4q_growth_year": -15.91,
            "roe": 1.62,
            "roe_4q": 6.13,
            "gross_profit": 49180,
            "gross_margin": 13.81,
            "gross_margin_4q_avg": 13.06,
            "net_income": 28277,
            "net_income_4q": null,
            "revenue": 356058,
            "revenue_4q": null,
            "common_shares": 1948940,
            "book_valuer_per_share": 9.01,
            "book_valuer_per_share_4q_avg": 8.79,
            "equity": 1756419,
            "current_ratio": 307.97,
            "debt_ratio": 15.36,
            "inventory_turnover_ratio": 0.88,
            "account_receivable_turnover_ratio": 0.82,
            "reinvestment_rate": 20.46,
            "research_to_sale_ratio": 0.62,
            "price_fair": 22.66,
            "eps_avg_yearly": 0.65,
            "eps_latest_yearly": 0.6,
            "eps_growth_yearly": 44.74
        },
        "20204": {
            "year_quarter": 20204,
            "year": 2020,
            "quarter": 4,
            "eps": 0.07,
            "eps_growth_year": -38.86,
            "eps_4q": 0.49,
            "eps_4q_growth_year": -15.88,
            "roe": 0.76,
            "roe_4q": 5.56,
            "gross_profit": 41871,
            "gross_margin": 10.97,
            "gross_margin_4q_avg": 12.58,
            "net_income": 13461,
            "net_income_4q": null,
            "revenue": 381631,
            "revenue_4q": null,
            "common_shares": 1948940,
            "book_valuer_per_share": 9.09,
            "book_valuer_per_share_4q_avg": 8.92,
            "equity": 1770928,
            "current_ratio": 329.04,
            "debt_ratio": 14.06,
            "inventory_turnover_ratio": 1.04,
            "account_receivable_turnover_ratio": 0.89,
            "reinvestment_rate": 26.07,
            "research_to_sale_ratio": 0.72,
            "price_fair": 21.33,
            "eps_avg_yearly": 0.65,
            "eps_latest_yearly": 0.28,
            "eps_growth_yearly": 23.07
        },
        "20211": {
            "year_quarter": 20211,
            "year": 2021,
            "quarter": 1,
            "eps": 0.08,
            "eps_growth_year": -42.86,
            "eps_4q": 0.43,
            "eps_4q_growth_year": -22.53,
            "roe": 0.92,
            "roe_4q": 4.82,
            "gross_profit": 51678,
            "gross_margin": 13.93,
            "gross_margin_4q_avg": 13.18,
            "net_income": 16383,
            "net_income_4q": null,
            "revenue": 370896,
            "revenue_4q": null,
            "common_shares": 1948940,
            "book_valuer_per_share": 9.24,
            "book_valuer_per_share_4q_avg": 9.05,
            "equity": 1800617,
            "current_ratio": 354.11,
            "debt_ratio": 13.53,
            "inventory_turnover_ratio": 1.13,
            "account_receivable_turnover_ratio": 0.85,
            "reinvestment_rate": 23.51,
            "research_to_sale_ratio": 0.64,
            "price_fair": 21.54,
            "eps_avg_yearly": 0.64,
            "eps_latest_yearly": 0.32,
            "eps_growth_yearly": 23.52
        },
        "20212": {
            "year_quarter": 20212,
            "year": 2021,
            "quarter": 2,
            "eps": 0.06,
            "eps_growth_year": -57.14,
            "eps_4q": 0.36,
            "eps_4q_growth_year": -35.52,
            "roe": 0.67,
            "roe_4q": 3.97,
            "gross_profit": 47726,
            "gross_margin": 13.3,
            "gross_margin_4q_avg": 13,
            "net_income": 11999,
            "net_income_4q": null,
            "revenue": 358830,
            "revenue_4q": null,
            "common_shares": 1948940,
            "book_valuer_per_share": 9.25,
            "book_valuer_per_share_4q_avg": 9.15,
            "equity": 1803631,
            "current_ratio": 315.07,
            "debt_ratio": 15.22,
            "inventory_turnover_ratio": 1.1,
            "account_receivable_turnover_ratio": 0.8,
            "reinvestment_rate": 22.43,
            "research_to_sale_ratio": 0.85,
            "price_fair": 1.82,
            "eps_avg_yearly": 0.61,
            "eps_latest_yearly": 0.24,
            "eps_growth_yearly": -13.29
        },
        "20213": {
            "year_quarter": 20213,
            "year": 2021,
            "quarter": 3,
            "eps": 0.07,
            "eps_growth_year": -53.33,
            "eps_4q": 0.29,
            "eps_4q_growth_year": -46.28,
            "roe": 0.78,
            "roe_4q": 3.13,
            "gross_profit": 45537,
            "gross_margin": 12.89,
            "gross_margin_4q_avg": 12.77,
            "net_income": 14184,
            "net_income_4q": null,
            "revenue": 353383,
            "revenue_4q": null,
            "common_shares": 1948940,
            "book_valuer_per_share": 9.33,
            "book_valuer_per_share_4q_avg": 9.23,
            "equity": 1819188,
            "current_ratio": 291.17,
            "debt_ratio": 14.68,
            "inventory_turnover_ratio": 1.03,
            "account_receivable_turnover_ratio": 0.82,
            "reinvestment_rate": 49.02,
            "research_to_sale_ratio": 0.83,
            "price_fair": 1.73,
            "eps_avg_yearly": 0.58,
            "eps_latest_yearly": 0.28,
            "eps_growth_yearly": -7.87
        },
        "20214": {
            "year_quarter": 20214,
            "year": 2021,
            "quarter": 4,
            "eps": 0.05,
            "eps_growth_year": -22.89,
            "eps_4q": 0.27,
            "eps_4q_growth_year": -44.69,
            "roe": 0.57,
            "roe_4q": 2.94,
            "gross_profit": 36367,
            "gross_margin": 11.34,
            "gross_margin_4q_avg": 12.87,
            "net_income": 10380,
            "net_income_4q": null,
            "revenue": 320814,
            "revenue_4q": null,
            "common_shares": 1948940,
            "book_valuer_per_share": 9.4,
            "book_valuer_per_share_4q_avg": 9.31,
            "equity": 1832114,
            "current_ratio": 268.68,
            "debt_ratio": 14.86,
            "inventory_turnover_ratio": 0.88,
            "account_receivable_turnover_ratio": 0.79,
            "reinvestment_rate": 65.93,
            "research_to_sale_ratio": 0.96,
            "price_fair": 1.66,
            "eps_avg_yearly": 0.55,
            "eps_latest_yearly": 0.2,
            "eps_growth_yearly": -9.75
        },
        "20221": {
            "year_quarter": 20221,
            "year": 2022,
            "quarter": 1,
            "eps": 0.12,
            "eps_growth_year": 50,
            "eps_4q": 0.31,
            "eps_4q_growth_year": -28.41,
            "roe": 1.28,
            "roe_4q": 3.3,
            "gross_profit": 49933,
            "gross_margin": 14.77,
            "gross_margin_4q_avg": 13.08,
            "net_income": 23678,
            "net_income_4q": null,
            "revenue": 338068,
            "revenue_4q": null,
            "common_shares": 1948940,
            "book_valuer_per_share": 9.52,
            "book_valuer_per_share_4q_avg": 9.38,
            "equity": 1855792,
            "current_ratio": 270.83,
            "debt_ratio": 15.33,
            "inventory_turnover_ratio": 0.82,
            "account_receivable_turnover_ratio": 0.85,
            "reinvestment_rate": 70.48,
            "research_to_sale_ratio": 1.09,
            "price_fair": 16.26,
            "eps_avg_yearly": 0.54,
            "eps_latest_yearly": 0.48,
            "eps_growth_yearly": 20.25
        },
        "20222": {
            "year_quarter": 20222,
            "year": 2022,
            "quarter": 2,
            "eps": 0.18,
            "eps_growth_year": 200,
            "eps_4q": 0.43,
            "eps_4q_growth_year": 20.02,
            "roe": 1.92,
            "roe_4q": 4.55,
            "gross_profit": 57910,
            "gross_margin": 15.62,
            "gross_margin_4q_avg": 13.66,
            "net_income": 35913,
            "net_income_4q": null,
            "revenue": 370695,
            "revenue_4q": null,
            "common_shares": 1948940,
            "book_valuer_per_share": 9.71,
            "book_valuer_per_share_4q_avg": 9.49,
            "equity": 1891705,
            "current_ratio": 282.59,
            "debt_ratio": 14.99,
            "inventory_turnover_ratio": 0.84,
            "account_receivable_turnover_ratio": 0.89,
            "reinvestment_rate": 76.23,
            "research_to_sale_ratio": 0.79,
            "price_fair": 15.58,
            "eps_avg_yearly": 0.52,
            "eps_latest_yearly": 0.72,
            "eps_growth_yearly": 20.25
        },
        "20223": {
            "year_quarter": 20223,
            "year": 2022,
            "quarter": 3,
            "eps": 0.11,
            "eps_growth_year": 57.14,
            "eps_4q": 0.47,
            "eps_4q_growth_year": 63.6,
            "roe": 1.14,
            "roe_4q": 4.91,
            "gross_profit": 35934,
            "gross_margin": 12.6,
            "gross_margin_4q_avg": 13.58,
            "net_income": 21688,
            "net_income_4q": null,
            "revenue": 285184,
            "revenue_4q": null,
            "common_shares": 1948940,
            "book_valuer_per_share": 9.82,
            "book_valuer_per_share_4q_avg": 9.61,
            "equity": 1913393,
            "current_ratio": 329.57,
            "debt_ratio": 13.67,
            "inventory_turnover_ratio": 0.61,
            "account_receivable_turnover_ratio": 0.73,
            "reinvestment_rate": 80.38,
            "research_to_sale_ratio": 1.03,
            "price_fair": 10.74,
            "eps_avg_yearly": 0.48,
            "eps_latest_yearly": 0.44,
            "eps_growth_yearly": 12.38
        },
        "20224": {
            "year_quarter": 20224,
            "year": 2022,
            "quarter": 4,
            "eps": 0.02,
            "eps_growth_year": -71.19,
            "eps_4q": 0.43,
            "eps_4q_growth_year": 59.16,
            "roe": 0.16,
            "roe_4q": 4.5,
            "gross_profit": 34223,
            "gross_margin": 10.04,
            "gross_margin_4q_avg": 13.26,
            "net_income": 2990,
            "net_income_4q": null,
            "revenue": 341020,
            "revenue_4q": null,
            "common_shares": 1948940,
            "book_valuer_per_share": 9.84,
            "book_valuer_per_share_4q_avg": 9.72,
            "equity": 1918552,
            "current_ratio": 369.82,
            "debt_ratio": 12.06,
            "inventory_turnover_ratio": 0.74,
            "account_receivable_turnover_ratio": 0.94,
            "reinvestment_rate": 82.35,
            "research_to_sale_ratio": 0.86,
            "price_fair": 1.33,
            "eps_avg_yearly": 0.44,
            "eps_latest_yearly": 0.08,
            "eps_growth_yearly": -0.07
        },
        "20231": {
            "year_quarter": 20231,
            "year": 2023,
            "quarter": 1,
            "eps": 0.01,
            "eps_growth_year": -91.67,
            "eps_4q": 0.32,
            "eps_4q_growth_year": 4.4,
            "roe": 0.12,
            "roe_4q": 3.34,
            "gross_profit": 27496,
            "gross_margin": 9.81,
            "gross_margin_4q_avg": 12.02,
            "net_income": 2298,
            "net_income_4q": null,
            "revenue": 280285,
            "revenue_4q": null,
            "common_shares": 1948940,
            "book_valuer_per_share": 9.86,
            "book_valuer_per_share_4q_avg": 9.81,
            "equity": 1920850,
            "current_ratio": 359.82,
            "debt_ratio": 12.55,
            "inventory_turnover_ratio": 0.6,
            "account_receivable_turnover_ratio": 0.81,
            "reinvestment_rate": 87.31,
            "research_to_sale_ratio": 1.18,
            "price_fair": 1.21,
            "eps_avg_yearly": 0.4,
            "eps_latest_yearly": 0.04,
            "eps_growth_yearly": -12.57
        },
        "20232": {
            "year_quarter": 20232,
            "year": 2023,
            "quarter": 2,
            "eps": -0.01,
            "eps_growth_year": -105.56,
            "eps_4q": 0.13,
            "eps_4q_growth_year": -70.2,
            "roe": -0.1,
            "roe_4q": 1.3199999999999998,
            "gross_profit": 18664,
            "gross_margin": 7.52,
            "gross_margin_4q_avg": 9.99,
            "net_income": -1896,
            "net_income_4q": null,
            "revenue": 248339,
            "revenue_4q": null,
            "common_shares": 1948940,
            "book_valuer_per_share": 9.85,
            "book_valuer_per_share_4q_avg": 9.84,
            "equity": 1918954,
            "current_ratio": 380.38,
            "debt_ratio": 11.83,
            "inventory_turnover_ratio": 0.5,
            "account_receivable_turnover_ratio": 0.84,
            "reinvestment_rate": 88.36,
            "research_to_sale_ratio": 1.26,
            "price_fair": 1.18,
            "eps_avg_yearly": 0.39,
            "eps_latest_yearly": 0.04,
            "eps_growth_yearly": -7.14
        },
        "20233": {
            "year_quarter": 20233,
            "year": 2023,
            "quarter": 3,
            "eps": 0.06,
            "eps_growth_year": -45.45,
            "eps_4q": 0.08,
            "eps_4q_growth_year": -83.07,
            "roe": 0.63,
            "roe_4q": 0.81,
            "gross_profit": 27203,
            "gross_margin": 8.81,
            "gross_margin_4q_avg": 9.05,
            "net_income": 12122,
            "net_income_4q": null,
            "revenue": 308947,
            "revenue_4q": null,
            "common_shares": 1948940,
            "book_valuer_per_share": 9.91,
            "book_valuer_per_share_4q_avg": 9.87,
            "equity": 1931076,
            "current_ratio": 365.64,
            "debt_ratio": 12.56,
            "inventory_turnover_ratio": 0.58,
            "account_receivable_turnover_ratio": 1.03,
            "reinvestment_rate": 95.19,
            "research_to_sale_ratio": 0.91,
            "price_fair": 1.12,
            "eps_avg_yearly": 0.37,
            "eps_latest_yearly": 0.04,
            "eps_growth_yearly": -16.44
        }
    },
    "months": {
        "2001-06": {
            "month": "2001-06",
            "price": "6.91",
            "revenue": 33881
        },
        "2001-07": {
            "month": "2001-07",
            "price": "5.43",
            "revenue": 76482
        },
        "2001-08": {
            "month": "2001-08",
            "price": "5.50",
            "revenue": 79058
        },
        "2001-09": {
            "month": "2001-09",
            "price": "4.28",
            "revenue": 80115
        },
        "2001-10": {
            "month": "2001-10",
            "price": "3.75",
            "revenue": 79971
        },
        "2001-11": {
            "month": "2001-11",
            "price": "4.03",
            "revenue": 75929
        },
        "2001-12": {
            "month": "2001-12",
            "price": "5.47",
            "revenue": 38746
        },
        "2002-01": {
            "month": "2002-01",
            "price": "7.45",
            "revenue": 43667
        },
        "2002-02": {
            "month": "2002-02",
            "price": "7.10",
            "revenue": 47816
        },
        "2002-03": {
            "month": "2002-03",
            "price": "8.06",
            "revenue": 68655
        },
        "2002-04": {
            "month": "2002-04",
            "price": "12.34",
            "revenue": 73275
        },
        "2002-05": {
            "month": "2002-05",
            "price": "10.93",
            "revenue": 104600
        },
        "2002-06": {
            "month": "2002-06",
            "price": "9.30",
            "revenue": 84146
        },
        "2002-07": {
            "month": "2002-07",
            "price": "6.69",
            "revenue": 77796
        },
        "2002-08": {
            "month": "2002-08",
            "price": "5.78",
            "revenue": 59808
        },
        "2002-09": {
            "month": "2002-09",
            "price": "5.31",
            "revenue": 51542
        },
        "2002-10": {
            "month": "2002-10",
            "price": "4.62",
            "revenue": 62264
        },
        "2002-11": {
            "month": "2002-11",
            "price": "4.41",
            "revenue": 65024
        },
        "2002-12": {
            "month": "2002-12",
            "price": "4.64",
            "revenue": 63604
        },
        "2003-01": {
            "month": "2003-01",
            "price": "5.25",
            "revenue": 80501
        },
        "2003-02": {
            "month": "2003-02",
            "price": "5.07",
            "revenue": 74519
        },
        "2003-03": {
            "month": "2003-03",
            "price": "4.82",
            "revenue": 89539
        },
        "2003-04": {
            "month": "2003-04",
            "price": "4.45",
            "revenue": 93391
        },
        "2003-05": {
            "month": "2003-05",
            "price": "3.93",
            "revenue": 84149
        },
        "2003-06": {
            "month": "2003-06",
            "price": "5.10",
            "revenue": 74689
        },
        "2003-07": {
            "month": "2003-07",
            "price": "5.58",
            "revenue": 79369
        },
        "2003-08": {
            "month": "2003-08",
            "price": "5.18",
            "revenue": 84030
        },
        "2003-09": {
            "month": "2003-09",
            "price": "4.70",
            "revenue": 89677
        },
        "2003-10": {
            "month": "2003-10",
            "price": "5.22",
            "revenue": 98791
        },
        "2003-11": {
            "month": "2003-11",
            "price": "6.86",
            "revenue": 100379
        },
        "2003-12": {
            "month": "2003-12",
            "price": "7.21",
            "revenue": 117673
        },
        "2004-01": {
            "month": "2004-01",
            "price": "7.99",
            "revenue": 116914
        },
        "2004-02": {
            "month": "2004-02",
            "price": "8.99",
            "revenue": 113101
        },
        "2004-03": {
            "month": "2004-03",
            "price": "9.69",
            "revenue": 127481
        },
        "2004-04": {
            "month": "2004-04",
            "price": "12.95",
            "revenue": 144636
        },
        "2004-05": {
            "month": "2004-05",
            "price": "12.09",
            "revenue": 147630
        },
        "2004-06": {
            "month": "2004-06",
            "price": "10.33",
            "revenue": 158978
        },
        "2004-07": {
            "month": "2004-07",
            "price": "9.23",
            "revenue": 175820
        },
        "2004-08": {
            "month": "2004-08",
            "price": "9.80",
            "revenue": 184600
        },
        "2004-09": {
            "month": "2004-09",
            "price": "13.59",
            "revenue": 196716
        },
        "2004-10": {
            "month": "2004-10",
            "price": "12.96",
            "revenue": 202489
        },
        "2004-11": {
            "month": "2004-11",
            "price": "11.40",
            "revenue": 209307
        },
        "2004-12": {
            "month": "2004-12",
            "price": "10.70",
            "revenue": 148006
        },
        "2005-01": {
            "month": "2005-01",
            "price": "9.11",
            "revenue": 104549
        },
        "2005-02": {
            "month": "2005-02",
            "price": "9.81",
            "revenue": 94315
        },
        "2005-03": {
            "month": "2005-03",
            "price": "10.04",
            "revenue": 111785
        },
        "2005-04": {
            "month": "2005-04",
            "price": "8.56",
            "revenue": 103909
        },
        "2005-05": {
            "month": "2005-05",
            "price": "6.47",
            "revenue": 121782
        },
        "2005-06": {
            "month": "2005-06",
            "price": "8.01",
            "revenue": 99888
        },
        "2005-07": {
            "month": "2005-07",
            "price": "7.91",
            "revenue": 122371
        },
        "2005-08": {
            "month": "2005-08",
            "price": "6.56",
            "revenue": 106774
        },
        "2005-09": {
            "month": "2005-09",
            "price": "5.79",
            "revenue": 101189
        },
        "2005-10": {
            "month": "2005-10",
            "price": "5.73",
            "revenue": 117971
        },
        "2005-11": {
            "month": "2005-11",
            "price": "5.59",
            "revenue": 120626
        },
        "2005-12": {
            "month": "2005-12",
            "price": "6.68",
            "revenue": 112045
        },
        "2006-01": {
            "month": "2006-01",
            "price": "8.37",
            "revenue": 98490
        },
        "2006-02": {
            "month": "2006-02",
            "price": "7.85",
            "revenue": 96139
        },
        "2006-03": {
            "month": "2006-03",
            "price": "7.65",
            "revenue": 122832
        },
        "2006-04": {
            "month": "2006-04",
            "price": "8.07",
            "revenue": 110450
        },
        "2006-05": {
            "month": "2006-05",
            "price": "7.72",
            "revenue": 120601
        },
        "2006-06": {
            "month": "2006-06",
            "price": "6.59",
            "revenue": 133368
        },
        "2006-07": {
            "month": "2006-07",
            "price": "6.57",
            "revenue": 138191
        },
        "2006-08": {
            "month": "2006-08",
            "price": "7.13",
            "revenue": 148416
        },
        "2006-09": {
            "month": "2006-09",
            "price": "6.68",
            "revenue": 147523
        },
        "2006-10": {
            "month": "2006-10",
            "price": "7.13",
            "revenue": 95826
        },
        "2006-11": {
            "month": "2006-11",
            "price": "7.31",
            "revenue": 90675
        },
        "2006-12": {
            "month": "2006-12",
            "price": "7.69",
            "revenue": 61102
        },
        "2007-01": {
            "month": "2007-01",
            "price": "7.31",
            "revenue": 63378
        },
        "2007-02": {
            "month": "2007-02",
            "price": "6.97",
            "revenue": 43168
        },
        "2007-03": {
            "month": "2007-03",
            "price": "6.89",
            "revenue": 83752
        },
        "2007-04": {
            "month": "2007-04",
            "price": "7.51",
            "revenue": 121356
        },
        "2007-05": {
            "month": "2007-05",
            "price": "7.44",
            "revenue": 135278
        },
        "2007-06": {
            "month": "2007-06",
            "price": "8.96",
            "revenue": 131877
        },
        "2007-07": {
            "month": "2007-07",
            "price": "10.02",
            "revenue": 135817
        },
        "2007-08": {
            "month": "2007-08",
            "price": "9.97",
            "revenue": 143661
        },
        "2007-09": {
            "month": "2007-09",
            "price": "9.36",
            "revenue": 145038
        },
        "2007-10": {
            "month": "2007-10",
            "price": "8.53",
            "revenue": 108268
        },
        "2007-11": {
            "month": "2007-11",
            "price": "8.25",
            "revenue": 106584
        },
        "2007-12": {
            "month": "2007-12",
            "price": "7.11",
            "revenue": 75097
        },
        "2008-01": {
            "month": "2008-01",
            "price": "6.40",
            "revenue": 87012
        },
        "2008-02": {
            "month": "2008-02",
            "price": "7.14",
            "revenue": 104757
        },
        "2008-03": {
            "month": "2008-03",
            "price": "7.24",
            "revenue": 138434
        },
        "2008-04": {
            "month": "2008-04",
            "price": "7.70",
            "revenue": 120986
        },
        "2008-05": {
            "month": "2008-05",
            "price": "7.51",
            "revenue": 118340
        },
        "2008-06": {
            "month": "2008-06",
            "price": "7.04",
            "revenue": 83494
        },
        "2008-07": {
            "month": "2008-07",
            "price": "5.67",
            "revenue": 61213
        },
        "2008-08": {
            "month": "2008-08",
            "price": "4.89",
            "revenue": 43698
        },
        "2008-09": {
            "month": "2008-09",
            "price": "3.77",
            "revenue": 36487
        },
        "2008-10": {
            "month": "2008-10",
            "price": "3.28",
            "revenue": 41959
        },
        "2008-11": {
            "month": "2008-11",
            "price": "2.73",
            "revenue": 19571
        },
        "2008-12": {
            "month": "2008-12",
            "price": "2.71",
            "revenue": 6115
        },
        "2009-01": {
            "month": "2009-01",
            "price": "2.77",
            "revenue": 10327
        },
        "2009-02": {
            "month": "2009-02",
            "price": "3.15",
            "revenue": 45563
        },
        "2009-03": {
            "month": "2009-03",
            "price": "3.63",
            "revenue": 90678
        },
        "2009-04": {
            "month": "2009-04",
            "price": "4.32",
            "revenue": 64281
        },
        "2009-05": {
            "month": "2009-05",
            "price": "4.20",
            "revenue": 64149
        },
        "2009-06": {
            "month": "2009-06",
            "price": "4.15",
            "revenue": 54025
        },
        "2009-07": {
            "month": "2009-07",
            "price": "4.23",
            "revenue": 53993
        },
        "2009-08": {
            "month": "2009-08",
            "price": "4.65",
            "revenue": 54661
        },
        "2009-09": {
            "month": "2009-09",
            "price": "7.08",
            "revenue": 71265
        },
        "2009-10": {
            "month": "2009-10",
            "price": "7.79",
            "revenue": 46003
        },
        "2009-11": {
            "month": "2009-11",
            "price": "6.63",
            "revenue": 30285
        },
        "2009-12": {
            "month": "2009-12",
            "price": "7.01",
            "revenue": 79473
        },
        "2010-01": {
            "month": "2010-01",
            "price": "7.69",
            "revenue": 83444
        },
        "2010-02": {
            "month": "2010-02",
            "price": "7.25",
            "revenue": 80971
        },
        "2010-03": {
            "month": "2010-03",
            "price": "8.43",
            "revenue": 109940
        },
        "2010-04": {
            "month": "2010-04",
            "price": "8.79",
            "revenue": 128830
        },
        "2010-05": {
            "month": "2010-05",
            "price": "8.95",
            "revenue": 154835
        },
        "2010-06": {
            "month": "2010-06",
            "price": "11.08",
            "revenue": 118727
        },
        "2010-07": {
            "month": "2010-07",
            "price": "11.37",
            "revenue": 107558
        },
        "2010-08": {
            "month": "2010-08",
            "price": "11.06",
            "revenue": 102860
        },
        "2010-09": {
            "month": "2010-09",
            "price": "9.53",
            "revenue": 80161
        },
        "2010-10": {
            "month": "2010-10",
            "price": "8.69",
            "revenue": 69325
        },
        "2010-11": {
            "month": "2010-11",
            "price": "8.11",
            "revenue": 71457
        },
        "2010-12": {
            "month": "2010-12",
            "price": "8.70",
            "revenue": 76352
        },
        "2011-01": {
            "month": "2011-01",
            "price": "8.83",
            "revenue": 126255
        },
        "2011-02": {
            "month": "2011-02",
            "price": "9.21",
            "revenue": 118642
        },
        "2011-03": {
            "month": "2011-03",
            "price": "8.55",
            "revenue": 135515
        },
        "2011-04": {
            "month": "2011-04",
            "price": "8.71",
            "revenue": 121649
        },
        "2011-05": {
            "month": "2011-05",
            "price": "8.16",
            "revenue": 101400
        },
        "2011-06": {
            "month": "2011-06",
            "price": "7.69",
            "revenue": 70558
        },
        "2011-07": {
            "month": "2011-07",
            "price": "7.16",
            "revenue": 77957
        },
        "2011-08": {
            "month": "2011-08",
            "price": "6.01",
            "revenue": 85469
        },
        "2011-09": {
            "month": "2011-09",
            "price": "5.53",
            "revenue": 64441
        },
        "2011-10": {
            "month": "2011-10",
            "price": "5.47",
            "revenue": 77936
        },
        "2011-11": {
            "month": "2011-11",
            "price": "5.26",
            "revenue": 63818
        },
        "2011-12": {
            "month": "2011-12",
            "price": "5.58",
            "revenue": 60222
        },
        "2012-01": {
            "month": "2012-01",
            "price": "5.36",
            "revenue": 113492
        },
        "2012-02": {
            "month": "2012-02",
            "price": "6.56",
            "revenue": 105493
        },
        "2012-03": {
            "month": "2012-03",
            "price": "6.88",
            "revenue": 122682
        },
        "2012-04": {
            "month": "2012-04",
            "price": "6.32",
            "revenue": 116864
        },
        "2012-05": {
            "month": "2012-05",
            "price": "5.61",
            "revenue": 104355
        },
        "2012-06": {
            "month": "2012-06",
            "price": "5.11",
            "revenue": 77551
        },
        "2012-07": {
            "month": "2012-07",
            "price": "5.08",
            "revenue": 89513
        },
        "2012-08": {
            "month": "2012-08",
            "price": "5.21",
            "revenue": 77882
        },
        "2012-09": {
            "month": "2012-09",
            "price": "5.69",
            "revenue": 95208
        },
        "2012-10": {
            "month": "2012-10",
            "price": "5.30",
            "revenue": 70679
        },
        "2012-11": {
            "month": "2012-11",
            "price": "4.87",
            "revenue": 49511
        },
        "2012-12": {
            "month": "2012-12",
            "price": "4.82",
            "revenue": 69142
        },
        "2013-01": {
            "month": "2013-01",
            "price": "5.08",
            "revenue": 123917
        },
        "2013-02": {
            "month": "2013-02",
            "price": "5.41",
            "revenue": 93082
        },
        "2013-03": {
            "month": "2013-03",
            "price": "5.13",
            "revenue": 108887
        },
        "2013-04": {
            "month": "2013-04",
            "price": "5.01",
            "revenue": 108460
        },
        "2013-05": {
            "month": "2013-05",
            "price": "5.09",
            "revenue": 106321
        },
        "2013-06": {
            "month": "2013-06",
            "price": "4.97",
            "revenue": 86423
        },
        "2013-07": {
            "month": "2013-07",
            "price": "4.70",
            "revenue": 95861
        },
        "2013-08": {
            "month": "2013-08",
            "price": "4.49",
            "revenue": 101088
        },
        "2013-09": {
            "month": "2013-09",
            "price": "4.49",
            "revenue": 87739
        },
        "2013-10": {
            "month": "2013-10",
            "price": "4.42",
            "revenue": 92274
        },
        "2013-11": {
            "month": "2013-11",
            "price": "4.17",
            "revenue": 78220
        },
        "2013-12": {
            "month": "2013-12",
            "price": "4.18",
            "revenue": 82225
        },
        "2014-01": {
            "month": "2014-01",
            "price": "4.56",
            "revenue": 95769
        },
        "2014-02": {
            "month": "2014-02",
            "price": "4.82",
            "revenue": 81960
        },
        "2014-03": {
            "month": "2014-03",
            "price": "5.32",
            "revenue": 97550
        },
        "2014-04": {
            "month": "2014-04",
            "price": "4.97",
            "revenue": 92691
        },
        "2014-05": {
            "month": "2014-05",
            "price": "4.97",
            "revenue": 82700
        },
        "2014-06": {
            "month": "2014-06",
            "price": "5.22",
            "revenue": 80744
        },
        "2014-07": {
            "month": "2014-07",
            "price": "5.37",
            "revenue": 94711
        },
        "2014-08": {
            "month": "2014-08",
            "price": "5.16",
            "revenue": 97096
        },
        "2014-09": {
            "month": "2014-09",
            "price": "5.19",
            "revenue": 81223
        },
        "2014-10": {
            "month": "2014-10",
            "price": "4.84",
            "revenue": 72645
        },
        "2014-11": {
            "month": "2014-11",
            "price": "4.66",
            "revenue": 69577
        },
        "2014-12": {
            "month": "2014-12",
            "price": "4.60",
            "revenue": 76458
        },
        "2015-01": {
            "month": "2015-01",
            "price": "4.79",
            "revenue": 93992
        },
        "2015-02": {
            "month": "2015-02",
            "price": "5.10",
            "revenue": 64307
        },
        "2015-03": {
            "month": "2015-03",
            "price": "5.11",
            "revenue": 95844
        },
        "2015-04": {
            "month": "2015-04",
            "price": "4.88",
            "revenue": 83978
        },
        "2015-05": {
            "month": "2015-05",
            "price": "4.74",
            "revenue": 75172
        },
        "2015-06": {
            "month": "2015-06",
            "price": "4.59",
            "revenue": 66200
        },
        "2015-07": {
            "month": "2015-07",
            "price": "4.33",
            "revenue": 80201
        },
        "2015-08": {
            "month": "2015-08",
            "price": "3.88",
            "revenue": 78146
        },
        "2015-09": {
            "month": "2015-09",
            "price": "3.93",
            "revenue": 77916
        },
        "2015-10": {
            "month": "2015-10",
            "price": "4.06",
            "revenue": 70891
        },
        "2015-11": {
            "month": "2015-11",
            "price": "3.87",
            "revenue": 71340
        },
        "2015-12": {
            "month": "2015-12",
            "price": "3.59",
            "revenue": 89936
        },
        "2016-01": {
            "month": "2016-01",
            "price": "3.33",
            "revenue": 90051
        },
        "2016-02": {
            "month": "2016-02",
            "price": "3.43",
            "revenue": 82477
        },
        "2016-03": {
            "month": "2016-03",
            "price": "3.92",
            "revenue": 102392
        },
        "2016-04": {
            "month": "2016-04",
            "price": "4.01",
            "revenue": 103200
        },
        "2016-05": {
            "month": "2016-05",
            "price": "3.83",
            "revenue": 96210
        },
        "2016-06": {
            "month": "2016-06",
            "price": "4.01",
            "revenue": 94364
        },
        "2016-07": {
            "month": "2016-07",
            "price": "4.54",
            "revenue": 90043
        },
        "2016-08": {
            "month": "2016-08",
            "price": "4.57",
            "revenue": 92911
        },
        "2016-09": {
            "month": "2016-09",
            "price": "4.86",
            "revenue": 104474
        },
        "2016-10": {
            "month": "2016-10",
            "price": "5.16",
            "revenue": 102123
        },
        "2016-11": {
            "month": "2016-11",
            "price": "5.17",
            "revenue": 113009
        },
        "2016-12": {
            "month": "2016-12",
            "price": "5.04",
            "revenue": 114284
        },
        "2017-01": {
            "month": "2017-01",
            "price": "5.33",
            "revenue": 114298
        },
        "2017-02": {
            "month": "2017-02",
            "price": "7.20",
            "revenue": 125925
        },
        "2017-03": {
            "month": "2017-03",
            "price": "8.71",
            "revenue": 147851
        },
        "2017-04": {
            "month": "2017-04",
            "price": "7.67",
            "revenue": 128278
        },
        "2017-05": {
            "month": "2017-05",
            "price": "7.48",
            "revenue": 128532
        },
        "2017-06": {
            "month": "2017-06",
            "price": "7.34",
            "revenue": 126935
        },
        "2017-07": {
            "month": "2017-07",
            "price": "7.45",
            "revenue": 122525
        },
        "2017-08": {
            "month": "2017-08",
            "price": "8.70",
            "revenue": 126050
        },
        "2017-09": {
            "month": "2017-09",
            "price": "9.76",
            "revenue": 123398
        },
        "2017-10": {
            "month": "2017-10",
            "price": "11.23",
            "revenue": 133537
        },
        "2017-11": {
            "month": "2017-11",
            "price": "12.00",
            "revenue": 136988
        },
        "2017-12": {
            "month": "2017-12",
            "price": "10.78",
            "revenue": 137738
        },
        "2018-01": {
            "month": "2018-01",
            "price": "11.16",
            "revenue": 137543
        },
        "2018-02": {
            "month": "2018-02",
            "price": "9.89",
            "revenue": 137905
        },
        "2018-03": {
            "month": "2018-03",
            "price": "10.31",
            "revenue": 140784
        },
        "2018-04": {
            "month": "2018-04",
            "price": "10.18",
            "revenue": 143453
        },
        "2018-05": {
            "month": "2018-05",
            "price": "10.73",
            "revenue": 144700
        },
        "2018-06": {
            "month": "2018-06",
            "price": "10.90",
            "revenue": 136052
        },
        "2018-07": {
            "month": "2018-07",
            "price": "11.55",
            "revenue": 142218
        },
        "2018-08": {
            "month": "2018-08",
            "price": "13.00",
            "revenue": 146129
        },
        "2018-09": {
            "month": "2018-09",
            "price": "13.75",
            "revenue": 133933
        },
        "2018-10": {
            "month": "2018-10",
            "price": "12.53",
            "revenue": 130305
        },
        "2018-11": {
            "month": "2018-11",
            "price": "11.50",
            "revenue": 115759
        },
        "2018-12": {
            "month": "2018-12",
            "price": "11.99",
            "revenue": 117130
        },
        "2019-01": {
            "month": "2019-01",
            "price": "13.83",
            "revenue": 123711
        },
        "2019-02": {
            "month": "2019-02",
            "price": "18.30",
            "revenue": 110132
        },
        "2019-03": {
            "month": "2019-03",
            "price": "24.43",
            "revenue": 111748
        },
        "2019-04": {
            "month": "2019-04",
            "price": "38.42",
            "revenue": 121134
        },
        "2019-05": {
            "month": "2019-05",
            "price": "33.33",
            "revenue": 117781
        },
        "2019-06": {
            "month": "2019-06",
            "price": "30.82",
            "revenue": 112842
        },
        "2019-07": {
            "month": "2019-07",
            "price": "36.65",
            "revenue": 134526
        },
        "2019-08": {
            "month": "2019-08",
            "price": "42.31",
            "revenue": 133348
        },
        "2019-09": {
            "month": "2019-09",
            "price": "63.89",
            "revenue": 132355
        },
        "2019-10": {
            "month": "2019-10",
            "price": "62.65",
            "revenue": 132220
        },
        "2019-11": {
            "month": "2019-11",
            "price": "52.05",
            "revenue": 133543
        },
        "2019-12": {
            "month": "2019-12",
            "price": "53.07",
            "revenue": 116351
        },
        "2020-01": {
            "month": "2020-01",
            "price": "51.17",
            "revenue": 114795
        },
        "2020-02": {
            "month": "2020-02",
            "price": "43.54",
            "revenue": 108636
        },
        "2020-03": {
            "month": "2020-03",
            "price": "30.55",
            "revenue": 125535
        },
        "2020-04": {
            "month": "2020-04",
            "price": "32.05",
            "revenue": 133586
        },
        "2020-05": {
            "month": "2020-05",
            "price": "42.48",
            "revenue": 114310
        },
        "2020-06": {
            "month": "2020-06",
            "price": "42.31",
            "revenue": 115561
        },
        "2020-07": {
            "month": "2020-07",
            "price": "47.01",
            "revenue": 114710
        },
        "2020-08": {
            "month": "2020-08",
            "price": "43.88",
            "revenue": 110987
        },
        "2020-09": {
            "month": "2020-09",
            "price": "39.32",
            "revenue": 130362
        },
        "2020-10": {
            "month": "2020-10",
            "price": "36.45",
            "revenue": 125776
        },
        "2020-11": {
            "month": "2020-11",
            "price": "35.40",
            "revenue": 114886
        },
        "2020-12": {
            "month": "2020-12",
            "price": "37.15",
            "revenue": 140969
        },
        "2021-01": {
            "month": "2021-01",
            "price": "35.62",
            "revenue": 115793
        },
        "2021-02": {
            "month": "2021-02",
            "price": "34.47",
            "revenue": 118770
        },
        "2021-03": {
            "month": "2021-03",
            "price": "34.79",
            "revenue": 136333
        },
        "2021-04": {
            "month": "2021-04",
            "price": "38.77",
            "revenue": 125281
        },
        "2021-05": {
            "month": "2021-05",
            "price": "33.71",
            "revenue": 115901
        },
        "2021-06": {
            "month": "2021-06",
            "price": "34.68",
            "revenue": 117649
        },
        "2021-07": {
            "month": "2021-07",
            "price": "41.30",
            "revenue": 118782
        },
        "2021-08": {
            "month": "2021-08",
            "price": "38.76",
            "revenue": 122116
        },
        "2021-09": {
            "month": "2021-09",
            "price": "43.28",
            "revenue": 112485
        },
        "2021-10": {
            "month": "2021-10",
            "price": "40.58",
            "revenue": 101512
        },
        "2021-11": {
            "month": "2021-11",
            "price": "39.59",
            "revenue": 112951
        },
        "2021-12": {
            "month": "2021-12",
            "price": "37.55",
            "revenue": 106352
        },
        "2022-01": {
            "month": "2022-01",
            "price": "35.12",
            "revenue": 106540
        },
        "2022-02": {
            "month": "2022-02",
            "price": "36.10",
            "revenue": 113077
        },
        "2022-03": {
            "month": "2022-03",
            "price": "32.90",
            "revenue": 118451
        },
        "2022-04": {
            "month": "2022-04",
            "price": "29.29",
            "revenue": 131333
        },
        "2022-05": {
            "month": "2022-05",
            "price": "28.60",
            "revenue": 128298
        },
        "2022-06": {
            "month": "2022-06",
            "price": "30.71",
            "revenue": 111064
        },
        "2022-07": {
            "month": "2022-07",
            "price": "29.87",
            "revenue": 91250
        },
        "2022-08": {
            "month": "2022-08",
            "price": "29.53",
            "revenue": 93730
        },
        "2022-09": {
            "month": "2022-09",
            "price": "27.31",
            "revenue": 100205
        },
        "2022-10": {
            "month": "2022-10",
            "price": "24.98",
            "revenue": 105643
        },
        "2022-11": {
            "month": "2022-11",
            "price": "25.70",
            "revenue": 110530
        },
        "2022-12": {
            "month": "2022-12",
            "price": "25.13",
            "revenue": 124847
        },
        "2023-01": {
            "month": "2023-01",
            "price": "38.66",
            "revenue": 109405
        },
        "2023-02": {
            "month": "2023-02",
            "price": "48.52",
            "revenue": 98961
        },
        "2023-03": {
            "month": "2023-03",
            "price": "50.41",
            "revenue": 71919
        },
        "2023-04": {
            "month": "2023-04",
            "price": "44.99",
            "revenue": 78201
        },
        "2023-05": {
            "month": "2023-05",
            "price": "45.65",
            "revenue": 87326
        },
        "2023-06": {
            "month": "2023-06",
            "price": "56.18",
            "revenue": 82812
        },
        "2023-07": {
            "month": "2023-07",
            "price": "52.37",
            "revenue": 81879
        },
        "2023-08": {
            "month": "2023-08",
            "price": "63.58",
            "revenue": 110507
        },
        "2023-09": {
            "month": "2023-09",
            "price": "68.26",
            "revenue": 116561
        },
        "2023-10": {
            "month": "2023-10",
            "price": "61.74",
            "revenue": 126702
        },
        "2023-11": {
            "month": "2023-11",
            "price": "61.91",
            "revenue": 129112
        },
        "2023-12": {
            "month": "2023-12",
            "price": "59.42",
            "revenue": 138762
        }
    }
}
