{
    "summary": {
        "stock_name": "立衛",
        "stock_id": "5344",
        "category": "半導體",
        "main_business": "測試",
        "website_url": "http://www.vate.com.tw",
        "ceo": "許文景",
        "pe_ratio": -54,
        "report_year_from": 2001,
        "report_year_to": 2023,
        "age": 23,
        "eps_negative_percentage": 61,
        "eps_growth_avg": {
            "last_all": -1.92,
            "last_2y": -28.3,
            "last_4y": -28.3,
            "last_8y": -28.3,
            "last_12y": -22.89,
            "last_16y": -1.92,
            "last_20y": -1.92,
            "at_2006_last_3y": null,
            "at_2007_last_3y": 34.69,
            "at_2008_last_3y": 67.35,
            "at_2009_last_3y": 39.95,
            "at_2010_last_3y": 24.28,
            "at_2011_last_3y": 1.15,
            "at_2012_last_3y": 1.15,
            "at_2013_last_3y": -20.14,
            "at_2014_last_3y": -19.28,
            "at_2015_last_3y": 0,
            "at_2016_last_3y": -100,
            "at_2017_last_3y": null,
            "at_2018_last_3y": null,
            "at_2019_last_3y": null,
            "at_2020_last_3y": null,
            "at_2021_last_3y": 43.4,
            "at_2022_last_3y": -28.3,
            "at_2023_last_3y": -28.3,
            "at_2024_last_3y": -28.3,
            "at_2006_last_all": null,
            "at_2007_last_all": 34.69,
            "at_2008_last_all": 67.35,
            "at_2009_last_all": 39.95,
            "at_2010_last_all": 24.28,
            "at_2011_last_all": 7.86,
            "at_2012_last_all": 23.21,
            "at_2013_last_all": 5.61,
            "at_2014_last_all": 5.61,
            "at_2015_last_all": 5.61,
            "at_2016_last_all": 5.61,
            "at_2017_last_all": 5.61,
            "at_2018_last_all": 5.61,
            "at_2019_last_all": 5.61,
            "at_2020_last_all": 5.61,
            "at_2021_last_all": 10.34,
            "at_2022_last_all": -1.92,
            "at_2023_last_all": -1.92,
            "at_2024_last_all": -1.92
        },
        "latest_eps": -0.43,
        "latest_price": 23.2,
        "latest_roe": -6.73,
        "latest_gross_margin": 15.15,
        "latest_equity": 486975,
        "latest_revenue": 78486,
        "latest_gross_profit": 11888,
        "latest_net_income": 4737,
        "latest_debt_ratio": 17.97,
        "latest_current_ratio": 430.52,
        "latest_account_receivable_turnover_ratio": 0.89,
        "latest_inventory_turnover_ratio": 41.82,
        "latest_reinvestment_rate": -54.99,
        "latest_research_to_sale_ratio": 0.81
    },
    "eps_dividends": {
        "1996": {
            "cash": 0,
            "stock": 2,
            "eps": 0
        },
        "1997": {
            "cash": 0,
            "stock": 1.5,
            "eps": 0
        },
        "1998": {
            "cash": 0,
            "stock": 1,
            "eps": 0
        },
        "2001": {
            "cash": 0,
            "stock": 0,
            "eps": -6.11
        },
        "2002": {
            "cash": 0,
            "stock": 0,
            "eps": -2.82
        },
        "2003": {
            "cash": 0,
            "stock": 0,
            "eps": -3.3
        },
        "2004": {
            "cash": 0,
            "stock": 0,
            "eps": -4.06
        },
        "2005": {
            "cash": 0,
            "stock": 0,
            "eps": -0.1
        },
        "2006": {
            "cash": 0,
            "stock": 0,
            "eps": 0.49
        },
        "2007": {
            "cash": 0,
            "stock": 0,
            "eps": 0.66
        },
        "2008": {
            "cash": 0,
            "stock": 0,
            "eps": 1.55
        },
        "2009": {
            "cash": 0.16,
            "stock": 0.68,
            "eps": 1.32
        },
        "2010": {
            "cash": 1.15,
            "stock": 0,
            "eps": 1.02
        },
        "2011": {
            "cash": 0.93,
            "stock": 0,
            "eps": 0.43
        },
        "2012": {
            "cash": 0.39,
            "stock": 0,
            "eps": 1.15
        },
        "2013": {
            "cash": 1.03,
            "stock": 0,
            "eps": -0.21
        },
        "2014": {
            "cash": 0,
            "stock": 0,
            "eps": -1.18
        },
        "2015": {
            "cash": 0,
            "stock": 0,
            "eps": -0.99
        },
        "2016": {
            "cash": 0,
            "stock": 0,
            "eps": -0.73
        },
        "2017": {
            "cash": 0,
            "stock": 0,
            "eps": -0.5
        },
        "2018": {
            "cash": 0,
            "stock": 0,
            "eps": -0.68
        },
        "2019": {
            "cash": 0,
            "stock": 0,
            "eps": -0.48
        },
        "2020": {
            "cash": 0,
            "stock": 0,
            "eps": 0.53
        },
        "2021": {
            "cash": 0,
            "stock": 0,
            "eps": 0.76
        },
        "2022": {
            "cash": 0,
            "stock": 0,
            "eps": -0.23
        },
        "2023": {
            "cash": 0,
            "stock": 0,
            "eps": -0.14
        }
    },
    "dividends": {
        "1996-05-20": {
            "cash": 0,
            "stock": 2
        },
        "1997-05-09": {
            "cash": 0,
            "stock": 1.5
        },
        "1998-04-03": {
            "cash": 0,
            "stock": 1
        },
        "2009-04-22": {
            "cash": 0.16,
            "stock": 0.68
        },
        "2010-04-21": {
            "cash": 1.15,
            "stock": 0
        },
        "2011-04-27": {
            "cash": 0.93,
            "stock": 0
        },
        "2012-06-12": {
            "cash": 0.39,
            "stock": 0
        },
        "2013-06-10": {
            "cash": 1.03,
            "stock": 0
        }
    },
    "prices": {
        "200101": "9.89",
        "200102": "13.43",
        "200103": "13.66",
        "200104": "13.15",
        "200105": "9.31",
        "200106": "8.00",
        "200107": "5.80",
        "200108": "5.72",
        "200109": "4.53",
        "200110": "3.15",
        "200111": "3.62",
        "200112": "5.16",
        "200201": "6.14",
        "200202": "6.20",
        "200203": "8.74",
        "200204": "9.23",
        "200205": "4.90",
        "200206": "4.05",
        "200207": "4.22",
        "200208": "3.35",
        "200209": "2.47",
        "200210": "2.40",
        "200211": "2.72",
        "200212": "7.20",
        "200301": "6.58",
        "200302": "6.46",
        "200303": "5.38",
        "200304": "5.75",
        "200305": "4.86",
        "200306": "5.76",
        "200307": "6.15",
        "200308": "5.52",
        "200309": "4.90",
        "200310": "8.85",
        "200311": "8.98",
        "200312": "8.65",
        "200401": "11.31",
        "200402": "11.44",
        "200403": "11.22",
        "200404": "12.67",
        "200405": "8.63",
        "200406": "7.34",
        "200407": "5.59",
        "200408": "4.30",
        "200409": "3.43",
        "200410": "3.29",
        "200411": "3.20",
        "200412": "3.08",
        "200501": "2.93",
        "200502": "2.98",
        "200503": "2.75",
        "200504": "2.46",
        "200505": "2.12",
        "200506": "2.13",
        "200507": "2.22",
        "200508": "1.66",
        "200509": "1.43",
        "200510": "1.18",
        "200511": "0.92",
        "200512": "1.13",
        "200601": "1.97",
        "200602": "2.05",
        "200603": "1.92",
        "200604": "2.84",
        "200605": "5.52",
        "200606": "5.22",
        "200607": "4.40",
        "200608": "3.85",
        "200609": "3.99",
        "200610": "4.59",
        "200611": "3.99",
        "200612": "5.43",
        "200701": "10.38",
        "200702": "7.43",
        "200703": "7.21",
        "200704": "7.72",
        "200705": "8.22",
        "200706": "9.20",
        "200707": "8.76",
        "200708": "7.91",
        "200709": "7.94",
        "200710": "8.12",
        "200711": "9.05",
        "200712": "13.54",
        "200801": "12.31",
        "200802": "10.00",
        "200803": "12.32",
        "200804": "12.77",
        "200805": "18.56",
        "200806": "18.16",
        "200807": "17.44",
        "200808": "16.51",
        "200809": "12.71",
        "200810": "10.36",
        "200811": "9.84",
        "200812": "9.62",
        "200901": "9.86",
        "200902": "12.55",
        "200903": "14.64",
        "200904": "19.10",
        "200905": "18.74",
        "200906": "17.06",
        "200907": "18.76",
        "200908": "18.14",
        "200909": "19.76",
        "200910": "18.45",
        "200911": "17.32",
        "200912": "18.86",
        "201001": "21.70",
        "201002": "18.12",
        "201003": "19.75",
        "201004": "21.42",
        "201005": "20.61",
        "201006": "19.66",
        "201007": "19.38",
        "201008": "19.82",
        "201009": "18.33",
        "201010": "17.72",
        "201011": "16.88",
        "201012": "17.67",
        "201101": "17.06",
        "201102": "16.80",
        "201103": "17.54",
        "201104": "17.62",
        "201105": "17.15",
        "201106": "17.12",
        "201107": "16.75",
        "201108": "15.13",
        "201109": "13.88",
        "201110": "12.72",
        "201111": "11.32",
        "201112": "8.94",
        "201201": "8.94",
        "201202": "12.46",
        "201203": "12.62",
        "201204": "11.22",
        "201205": "14.06",
        "201206": "12.22",
        "201207": "14.64",
        "201208": "14.05",
        "201209": "13.30",
        "201210": "12.02",
        "201211": "11.76",
        "201212": "11.60",
        "201301": "11.47",
        "201302": "11.62",
        "201303": "11.74",
        "201304": "11.92",
        "201305": "13.72",
        "201306": "12.07",
        "201307": "12.20",
        "201308": "11.37",
        "201309": "9.93",
        "201310": "9.58",
        "201311": "9.18",
        "201312": "9.42",
        "201401": "10.44",
        "201402": "10.38",
        "201403": "11.63",
        "201404": "10.54",
        "201405": "9.84",
        "201406": "9.88",
        "201407": "9.93",
        "201408": "9.56",
        "201409": "9.78",
        "201410": "8.75",
        "201411": "7.74",
        "201412": "7.65",
        "201501": "8.12",
        "201502": "8.21",
        "201503": "8.85",
        "201504": "8.94",
        "201505": "8.36",
        "201506": "6.87",
        "201507": "6.09",
        "201508": "5.55",
        "201509": "5.20",
        "201510": "6.32",
        "201511": "6.08",
        "201512": "5.93",
        "201601": "5.70",
        "201602": "5.68",
        "201603": "5.69",
        "201604": "5.48",
        "201605": "5.28",
        "201606": "5.47",
        "201607": "5.63",
        "201608": "5.77",
        "201609": "5.59",
        "201610": "5.54",
        "201611": "5.56",
        "201612": "5.65",
        "201701": "5.65",
        "201702": "6.65",
        "201703": "7.99",
        "201704": "7.42",
        "201705": "7.53",
        "201706": "7.85",
        "201707": "7.69",
        "201708": "6.71",
        "201709": "7.04",
        "201710": "6.92",
        "201711": "6.61",
        "201712": "6.65",
        "201801": "6.54",
        "201802": "6.52",
        "201803": "8.50",
        "201804": "9.38",
        "201805": "9.46",
        "201806": "9.95",
        "201807": "10.05",
        "201808": "9.05",
        "201809": "7.45",
        "201810": "6.23",
        "201811": "6.74",
        "201812": "6.66",
        "201901": "6.65",
        "201902": "6.68",
        "201903": "6.93",
        "201904": "6.91",
        "201905": "6.69",
        "201906": "6.65",
        "201907": "6.30",
        "201908": "6.36",
        "201909": "6.33",
        "201910": "6.16",
        "201911": "6.12",
        "201912": "6.17",
        "202001": "7.19",
        "202002": "7.24",
        "202003": "7.28",
        "202004": "8.74",
        "202005": "9.98",
        "202006": "10.73",
        "202007": "15.37",
        "202008": "15.08",
        "202009": "15.67",
        "202010": "14.38",
        "202011": "14.87",
        "202012": "14.76",
        "202101": "13.52",
        "202102": "13.58",
        "202103": "14.24",
        "202104": "18.90",
        "202105": "14.51",
        "202106": "15.20",
        "202107": "19.39",
        "202108": "17.76",
        "202109": "16.15",
        "202110": "15.16",
        "202111": "23.88",
        "202112": "32.85",
        "202201": "29.45",
        "202202": "25.94",
        "202203": "23.85",
        "202204": "21.71",
        "202205": "18.96",
        "202206": "19.03",
        "202207": "24.11",
        "202208": "22.83",
        "202209": "19.60",
        "202210": "14.71",
        "202211": "16.98",
        "202212": "19.16",
        "202301": "17.31",
        "202302": "18.83",
        "202303": "18.02",
        "202304": "17.05",
        "202305": "16.06",
        "202306": "16.42",
        "202307": "16.47",
        "202308": "16.76",
        "202309": "17.85",
        "202310": "18.42",
        "202311": "19.89",
        "202312": "23.12"
    },
    "quarters": {
        "20011": {
            "year_quarter": 20011,
            "year": 2001,
            "quarter": 1,
            "eps": -0.61,
            "eps_growth_year": null,
            "eps_4q": -2.33,
            "eps_4q_growth_year": null,
            "roe": -6.63,
            "roe_4q": -6.63,
            "gross_profit": -86531,
            "gross_margin": -34.04,
            "gross_margin_4q_avg": -34.04,
            "net_income": -119510,
            "net_income_4q": null,
            "revenue": 254204,
            "revenue_4q": null,
            "common_shares": 2000000,
            "book_valuer_per_share": 8.72,
            "book_valuer_per_share_4q_avg": 8.72,
            "equity": 1743071,
            "current_ratio": 87.5,
            "debt_ratio": 44.61,
            "inventory_turnover_ratio": 7.22,
            "account_receivable_turnover_ratio": null,
            "reinvestment_rate": null,
            "research_to_sale_ratio": null,
            "price_fair": 0,
            "eps_avg_yearly": 0,
            "eps_latest_yearly": 0,
            "eps_growth_yearly": 0
        },
        "20012": {
            "year_quarter": 20012,
            "year": 2001,
            "quarter": 2,
            "eps": -1.02,
            "eps_growth_year": null,
            "eps_4q": -2.89,
            "eps_4q_growth_year": null,
            "roe": -12.14,
            "roe_4q": -18.77,
            "gross_profit": -105961,
            "gross_margin": -48.7,
            "gross_margin_4q_avg": -41.37,
            "net_income": -199572,
            "net_income_4q": null,
            "revenue": 217576,
            "revenue_4q": null,
            "common_shares": 2000000,
            "book_valuer_per_share": 7.72,
            "book_valuer_per_share_4q_avg": 8.22,
            "equity": 1543499,
            "current_ratio": 70.82,
            "debt_ratio": 46.17,
            "inventory_turnover_ratio": 6.16,
            "account_receivable_turnover_ratio": null,
            "reinvestment_rate": null,
            "research_to_sale_ratio": null,
            "price_fair": 0,
            "eps_avg_yearly": 0,
            "eps_latest_yearly": 0,
            "eps_growth_yearly": 0
        },
        "20013": {
            "year_quarter": 20013,
            "year": 2001,
            "quarter": 3,
            "eps": -0.85,
            "eps_growth_year": null,
            "eps_4q": -3.3,
            "eps_4q_growth_year": null,
            "roe": -11.37,
            "roe_4q": -30.139999999999997,
            "gross_profit": -95105,
            "gross_margin": -41.54,
            "gross_margin_4q_avg": -41.43,
            "net_income": -166038,
            "net_income_4q": null,
            "revenue": 228956,
            "revenue_4q": null,
            "common_shares": 2000000,
            "book_valuer_per_share": 6.89,
            "book_valuer_per_share_4q_avg": 7.78,
            "equity": 1377461,
            "current_ratio": 53.65,
            "debt_ratio": 46.93,
            "inventory_turnover_ratio": 6.33,
            "account_receivable_turnover_ratio": null,
            "reinvestment_rate": null,
            "research_to_sale_ratio": null,
            "price_fair": 0,
            "eps_avg_yearly": 0,
            "eps_latest_yearly": 0,
            "eps_growth_yearly": 0
        },
        "20014": {
            "year_quarter": 20014,
            "year": 2001,
            "quarter": 4,
            "eps": -3.63,
            "eps_growth_year": null,
            "eps_4q": -6.12,
            "eps_4q_growth_year": null,
            "roe": -69.28,
            "roe_4q": -99.42,
            "gross_profit": -88277,
            "gross_margin": -35.03,
            "gross_margin_4q_avg": -39.83,
            "net_income": -708768,
            "net_income_4q": null,
            "revenue": 252029,
            "revenue_4q": null,
            "common_shares": 2000000,
            "book_valuer_per_share": 3.34,
            "book_valuer_per_share_4q_avg": 6.67,
            "equity": 668693,
            "current_ratio": 51.81,
            "debt_ratio": 64.21,
            "inventory_turnover_ratio": 7.5,
            "account_receivable_turnover_ratio": null,
            "reinvestment_rate": null,
            "research_to_sale_ratio": null,
            "price_fair": 0,
            "eps_avg_yearly": 0,
            "eps_latest_yearly": 0,
            "eps_growth_yearly": 0
        },
        "20021": {
            "year_quarter": 20021,
            "year": 2002,
            "quarter": 1,
            "eps": -0.04,
            "eps_growth_year": null,
            "eps_4q": -5.88,
            "eps_4q_growth_year": null,
            "roe": -1.11,
            "roe_4q": -93.9,
            "gross_profit": 10322,
            "gross_margin": 3.7,
            "gross_margin_4q_avg": -30.39,
            "net_income": -7359,
            "net_income_4q": null,
            "revenue": 279334,
            "revenue_4q": null,
            "common_shares": 2000000,
            "book_valuer_per_share": 3.3,
            "book_valuer_per_share_4q_avg": 5.31,
            "equity": 660818,
            "current_ratio": 51.53,
            "debt_ratio": 63.26,
            "inventory_turnover_ratio": 5.44,
            "account_receivable_turnover_ratio": null,
            "reinvestment_rate": null,
            "research_to_sale_ratio": null,
            "price_fair": 0,
            "eps_avg_yearly": 0,
            "eps_latest_yearly": 0,
            "eps_growth_yearly": 0
        },
        "20022": {
            "year_quarter": 20022,
            "year": 2002,
            "quarter": 2,
            "eps": -0.15,
            "eps_growth_year": null,
            "eps_4q": -4.56,
            "eps_4q_growth_year": null,
            "roe": -4.66,
            "roe_4q": -86.42,
            "gross_profit": -77651,
            "gross_margin": -59.94,
            "gross_margin_4q_avg": -33.2,
            "net_income": -30098,
            "net_income_4q": null,
            "revenue": 129554,
            "revenue_4q": null,
            "common_shares": 2000000,
            "book_valuer_per_share": 3.15,
            "book_valuer_per_share_4q_avg": 4.17,
            "equity": 630720,
            "current_ratio": 53.19,
            "debt_ratio": 61.02,
            "inventory_turnover_ratio": 4.89,
            "account_receivable_turnover_ratio": null,
            "reinvestment_rate": null,
            "research_to_sale_ratio": null,
            "price_fair": 0,
            "eps_avg_yearly": 0,
            "eps_latest_yearly": 0,
            "eps_growth_yearly": 0
        },
        "20023": {
            "year_quarter": 20023,
            "year": 2002,
            "quarter": 3,
            "eps": -0.86,
            "eps_growth_year": null,
            "eps_4q": -10.79,
            "eps_4q_growth_year": null,
            "roe": -10.49,
            "roe_4q": -85.54,
            "gross_profit": -48201,
            "gross_margin": -30.84,
            "gross_margin_4q_avg": -30.53,
            "net_income": -62860,
            "net_income_4q": null,
            "revenue": 156315,
            "revenue_4q": null,
            "common_shares": 750000,
            "book_valuer_per_share": 7.57,
            "book_valuer_per_share_4q_avg": 4.34,
            "equity": 567860,
            "current_ratio": 34.41,
            "debt_ratio": 61.17,
            "inventory_turnover_ratio": 7.11,
            "account_receivable_turnover_ratio": null,
            "reinvestment_rate": null,
            "research_to_sale_ratio": null,
            "price_fair": 0,
            "eps_avg_yearly": 0,
            "eps_latest_yearly": 0,
            "eps_growth_yearly": 0
        },
        "20024": {
            "year_quarter": 20024,
            "year": 2002,
            "quarter": 4,
            "eps": -1.77,
            "eps_growth_year": null,
            "eps_4q": -3.15,
            "eps_4q_growth_year": null,
            "roe": -25.8,
            "roe_4q": -42.06,
            "gross_profit": -32848,
            "gross_margin": -19.56,
            "gross_margin_4q_avg": -26.66,
            "net_income": -129775,
            "net_income_4q": null,
            "revenue": 167964,
            "revenue_4q": null,
            "common_shares": 750000,
            "book_valuer_per_share": 5.84,
            "book_valuer_per_share_4q_avg": 4.97,
            "equity": 438331,
            "current_ratio": 36.5,
            "debt_ratio": 69.57,
            "inventory_turnover_ratio": 4.45,
            "account_receivable_turnover_ratio": null,
            "reinvestment_rate": null,
            "research_to_sale_ratio": null,
            "price_fair": 0,
            "eps_avg_yearly": 0,
            "eps_latest_yearly": 0,
            "eps_growth_yearly": 0
        },
        "20031": {
            "year_quarter": 20031,
            "year": 2003,
            "quarter": 1,
            "eps": -0.78,
            "eps_growth_year": null,
            "eps_4q": -3.81,
            "eps_4q_growth_year": null,
            "roe": -13.97,
            "roe_4q": -54.92,
            "gross_profit": -41711,
            "gross_margin": -19.92,
            "gross_margin_4q_avg": -32.57,
            "net_income": -57251,
            "net_income_4q": null,
            "revenue": 209401,
            "revenue_4q": null,
            "common_shares": 750000,
            "book_valuer_per_share": 5.08,
            "book_valuer_per_share_4q_avg": 5.41,
            "equity": 381080,
            "current_ratio": 36.25,
            "debt_ratio": 73.25,
            "inventory_turnover_ratio": 4.94,
            "account_receivable_turnover_ratio": null,
            "reinvestment_rate": null,
            "research_to_sale_ratio": null,
            "price_fair": 0,
            "eps_avg_yearly": 0,
            "eps_latest_yearly": 0,
            "eps_growth_yearly": 0
        },
        "20032": {
            "year_quarter": 20032,
            "year": 2003,
            "quarter": 2,
            "eps": -1.08,
            "eps_growth_year": null,
            "eps_4q": -6.11,
            "eps_4q_growth_year": null,
            "roe": -15.67,
            "roe_4q": -65.92999999999999,
            "gross_profit": -53354,
            "gross_margin": -32.39,
            "gross_margin_4q_avg": -25.68,
            "net_income": -55371,
            "net_income_4q": null,
            "revenue": 164703,
            "revenue_4q": null,
            "common_shares": 500000,
            "book_valuer_per_share": 6.51,
            "book_valuer_per_share_4q_avg": 6.25,
            "equity": 325709,
            "current_ratio": 37.09,
            "debt_ratio": 75.81,
            "inventory_turnover_ratio": 5.68,
            "account_receivable_turnover_ratio": null,
            "reinvestment_rate": null,
            "research_to_sale_ratio": null,
            "price_fair": 0,
            "eps_avg_yearly": 0,
            "eps_latest_yearly": 0,
            "eps_growth_yearly": 0
        },
        "20033": {
            "year_quarter": 20033,
            "year": 2003,
            "quarter": 3,
            "eps": -0.79,
            "eps_growth_year": null,
            "eps_4q": -5.62,
            "eps_4q_growth_year": null,
            "roe": -12.56,
            "roe_4q": -68,
            "gross_profit": 4917,
            "gross_margin": 2.08,
            "gross_margin_4q_avg": -17.45,
            "net_income": -38480,
            "net_income_4q": null,
            "revenue": 236004,
            "revenue_4q": null,
            "common_shares": 500000,
            "book_valuer_per_share": 5.74,
            "book_valuer_per_share_4q_avg": 5.79,
            "equity": 287229,
            "current_ratio": 39.2,
            "debt_ratio": 77.31,
            "inventory_turnover_ratio": 7.1,
            "account_receivable_turnover_ratio": null,
            "reinvestment_rate": null,
            "research_to_sale_ratio": null,
            "price_fair": 0,
            "eps_avg_yearly": 0,
            "eps_latest_yearly": 0,
            "eps_growth_yearly": 0
        },
        "20034": {
            "year_quarter": 20034,
            "year": 2003,
            "quarter": 4,
            "eps": -0.65,
            "eps_growth_year": null,
            "eps_4q": -3.13,
            "eps_4q_growth_year": null,
            "roe": -5.47,
            "roe_4q": -47.67,
            "gross_profit": -954,
            "gross_margin": -0.29,
            "gross_margin_4q_avg": -12.63,
            "net_income": -39394,
            "net_income_4q": null,
            "revenue": 324579,
            "revenue_4q": null,
            "common_shares": 1500000,
            "book_valuer_per_share": 7.69,
            "book_valuer_per_share_4q_avg": 6.26,
            "equity": 1152835,
            "current_ratio": 77.79,
            "debt_ratio": 47.43,
            "inventory_turnover_ratio": 7.88,
            "account_receivable_turnover_ratio": null,
            "reinvestment_rate": null,
            "research_to_sale_ratio": null,
            "price_fair": 0,
            "eps_avg_yearly": 0,
            "eps_latest_yearly": 0,
            "eps_growth_yearly": 0
        },
        "20041": {
            "year_quarter": 20041,
            "year": 2004,
            "quarter": 1,
            "eps": -0.45,
            "eps_growth_year": null,
            "eps_4q": -1.33,
            "eps_4q_growth_year": null,
            "roe": -6.06,
            "roe_4q": -39.76,
            "gross_profit": -11991,
            "gross_margin": -7.72,
            "gross_margin_4q_avg": -9.58,
            "net_income": -67762,
            "net_income_4q": null,
            "revenue": 155310,
            "revenue_4q": null,
            "common_shares": 1487500,
            "book_valuer_per_share": 7.29,
            "book_valuer_per_share_4q_avg": 6.81,
            "equity": 1085073,
            "current_ratio": 81.16,
            "debt_ratio": 48.12,
            "inventory_turnover_ratio": 2.81,
            "account_receivable_turnover_ratio": null,
            "reinvestment_rate": null,
            "research_to_sale_ratio": null,
            "price_fair": 0,
            "eps_avg_yearly": 0,
            "eps_latest_yearly": 0,
            "eps_growth_yearly": 0
        },
        "20042": {
            "year_quarter": 20042,
            "year": 2004,
            "quarter": 2,
            "eps": -0.96,
            "eps_growth_year": null,
            "eps_4q": -1.94,
            "eps_4q_growth_year": null,
            "roe": -14.09,
            "roe_4q": -38.18,
            "gross_profit": -25679,
            "gross_margin": -17.66,
            "gross_margin_4q_avg": -5.9,
            "net_income": -142823,
            "net_income_4q": null,
            "revenue": 145412,
            "revenue_4q": null,
            "common_shares": 1487500,
            "book_valuer_per_share": 6.33,
            "book_valuer_per_share_4q_avg": 6.76,
            "equity": 942250,
            "current_ratio": 65.44,
            "debt_ratio": 52.64,
            "inventory_turnover_ratio": 2.22,
            "account_receivable_turnover_ratio": null,
            "reinvestment_rate": null,
            "research_to_sale_ratio": null,
            "price_fair": 0,
            "eps_avg_yearly": 0,
            "eps_latest_yearly": 0,
            "eps_growth_yearly": 0
        },
        "20043": {
            "year_quarter": 20043,
            "year": 2004,
            "quarter": 3,
            "eps": -0.91,
            "eps_growth_year": null,
            "eps_4q": -2.59,
            "eps_4q_growth_year": null,
            "roe": -15.51,
            "roe_4q": -41.13,
            "gross_profit": -26421,
            "gross_margin": -16.91,
            "gross_margin_4q_avg": -10.65,
            "net_income": -135601,
            "net_income_4q": null,
            "revenue": 156282,
            "revenue_4q": null,
            "common_shares": 1487500,
            "book_valuer_per_share": 5.42,
            "book_valuer_per_share_4q_avg": 6.68,
            "equity": 806649,
            "current_ratio": 86.98,
            "debt_ratio": 59.78,
            "inventory_turnover_ratio": 4.26,
            "account_receivable_turnover_ratio": null,
            "reinvestment_rate": null,
            "research_to_sale_ratio": null,
            "price_fair": 0,
            "eps_avg_yearly": 0,
            "eps_latest_yearly": 0,
            "eps_growth_yearly": 0
        },
        "20044": {
            "year_quarter": 20044,
            "year": 2004,
            "quarter": 4,
            "eps": -1.74,
            "eps_growth_year": null,
            "eps_4q": -4.07,
            "eps_4q_growth_year": null,
            "roe": -38.33,
            "roe_4q": -73.99,
            "gross_profit": 4897,
            "gross_margin": 3.32,
            "gross_margin_4q_avg": -9.74,
            "net_income": -259455,
            "net_income_4q": null,
            "revenue": 147699,
            "revenue_4q": null,
            "common_shares": 1487500,
            "book_valuer_per_share": 3.68,
            "book_valuer_per_share_4q_avg": 5.68,
            "equity": 547194,
            "current_ratio": 79.39,
            "debt_ratio": 60.65,
            "inventory_turnover_ratio": null,
            "account_receivable_turnover_ratio": null,
            "reinvestment_rate": null,
            "research_to_sale_ratio": null,
            "price_fair": 0,
            "eps_avg_yearly": 0,
            "eps_latest_yearly": 0,
            "eps_growth_yearly": 0
        },
        "20051": {
            "year_quarter": 20051,
            "year": 2005,
            "quarter": 1,
            "eps": 0,
            "eps_growth_year": null,
            "eps_4q": -3.61,
            "eps_4q_growth_year": null,
            "roe": 0.12,
            "roe_4q": -67.81,
            "gross_profit": -7004,
            "gross_margin": -5.57,
            "gross_margin_4q_avg": -9.21,
            "net_income": 659,
            "net_income_4q": null,
            "revenue": 125843,
            "revenue_4q": null,
            "common_shares": 1487500,
            "book_valuer_per_share": 3.68,
            "book_valuer_per_share_4q_avg": 4.78,
            "equity": 547853,
            "current_ratio": 112.24,
            "debt_ratio": 49.62,
            "inventory_turnover_ratio": null,
            "account_receivable_turnover_ratio": null,
            "reinvestment_rate": null,
            "research_to_sale_ratio": null,
            "price_fair": 0,
            "eps_avg_yearly": 0,
            "eps_latest_yearly": 0,
            "eps_growth_yearly": 0
        },
        "20052": {
            "year_quarter": 20052,
            "year": 2005,
            "quarter": 2,
            "eps": 0.03,
            "eps_growth_year": null,
            "eps_4q": -3.48,
            "eps_4q_growth_year": null,
            "roe": 0.61,
            "roe_4q": -53.11,
            "gross_profit": -2982,
            "gross_margin": -3.22,
            "gross_margin_4q_avg": -5.6,
            "net_income": 3374,
            "net_income_4q": null,
            "revenue": 92593,
            "revenue_4q": null,
            "common_shares": 1487500,
            "book_valuer_per_share": 3.71,
            "book_valuer_per_share_4q_avg": 4.12,
            "equity": 551227,
            "current_ratio": 150.43,
            "debt_ratio": 44.45,
            "inventory_turnover_ratio": null,
            "account_receivable_turnover_ratio": null,
            "reinvestment_rate": null,
            "research_to_sale_ratio": null,
            "price_fair": 0,
            "eps_avg_yearly": 0,
            "eps_latest_yearly": 0,
            "eps_growth_yearly": 0
        },
        "20053": {
            "year_quarter": 20053,
            "year": 2005,
            "quarter": 3,
            "eps": -0.08,
            "eps_growth_year": null,
            "eps_4q": -1.8,
            "eps_4q_growth_year": null,
            "roe": -2.18,
            "roe_4q": -39.78,
            "gross_profit": -11571,
            "gross_margin": -17.17,
            "gross_margin_4q_avg": -5.66,
            "net_income": -11881,
            "net_income_4q": null,
            "revenue": 67393,
            "revenue_4q": null,
            "common_shares": 1487500,
            "book_valuer_per_share": 3.63,
            "book_valuer_per_share_4q_avg": 3.68,
            "equity": 539346,
            "current_ratio": 288.52,
            "debt_ratio": 32.77,
            "inventory_turnover_ratio": null,
            "account_receivable_turnover_ratio": null,
            "reinvestment_rate": null,
            "research_to_sale_ratio": null,
            "price_fair": 0,
            "eps_avg_yearly": 0,
            "eps_latest_yearly": 0,
            "eps_growth_yearly": 0
        },
        "20054": {
            "year_quarter": 20054,
            "year": 2005,
            "quarter": 4,
            "eps": -0.05,
            "eps_growth_year": null,
            "eps_4q": -0.1,
            "eps_4q_growth_year": null,
            "roe": -1.37,
            "roe_4q": -2.8200000000000003,
            "gross_profit": 13652,
            "gross_margin": 17.82,
            "gross_margin_4q_avg": -2.04,
            "net_income": -7345,
            "net_income_4q": null,
            "revenue": 76611,
            "revenue_4q": null,
            "common_shares": 1487500,
            "book_valuer_per_share": 3.58,
            "book_valuer_per_share_4q_avg": 3.65,
            "equity": 532001,
            "current_ratio": 344.87,
            "debt_ratio": 30.39,
            "inventory_turnover_ratio": null,
            "account_receivable_turnover_ratio": null,
            "reinvestment_rate": null,
            "research_to_sale_ratio": null,
            "price_fair": 0,
            "eps_avg_yearly": 0,
            "eps_latest_yearly": 0,
            "eps_growth_yearly": 0
        },
        "20061": {
            "year_quarter": 20061,
            "year": 2006,
            "quarter": 1,
            "eps": 0.3,
            "eps_growth_year": null,
            "eps_4q": 0.19,
            "eps_4q_growth_year": null,
            "roe": 8.13,
            "roe_4q": 5.19,
            "gross_profit": 53960,
            "gross_margin": 47.72,
            "gross_margin_4q_avg": 11.29,
            "net_income": 45071,
            "net_income_4q": null,
            "revenue": 113071,
            "revenue_4q": null,
            "common_shares": 1487500,
            "book_valuer_per_share": 3.88,
            "book_valuer_per_share_4q_avg": 3.7,
            "equity": 577072,
            "current_ratio": 927.98,
            "debt_ratio": 17.32,
            "inventory_turnover_ratio": null,
            "account_receivable_turnover_ratio": null,
            "reinvestment_rate": null,
            "research_to_sale_ratio": null,
            "price_fair": 0,
            "eps_avg_yearly": 0,
            "eps_latest_yearly": 0,
            "eps_growth_yearly": 0
        },
        "20062": {
            "year_quarter": 20062,
            "year": 2006,
            "quarter": 2,
            "eps": 0.25,
            "eps_growth_year": 733.33,
            "eps_4q": 0.42,
            "eps_4q_growth_year": null,
            "roe": 6.2,
            "roe_4q": 10.780000000000001,
            "gross_profit": 57032,
            "gross_margin": 50.34,
            "gross_margin_4q_avg": 24.68,
            "net_income": 36933,
            "net_income_4q": null,
            "revenue": 113300,
            "revenue_4q": null,
            "common_shares": 1487500,
            "book_valuer_per_share": 4.13,
            "book_valuer_per_share_4q_avg": 3.81,
            "equity": 614005,
            "current_ratio": 676.53,
            "debt_ratio": 3.71,
            "inventory_turnover_ratio": null,
            "account_receivable_turnover_ratio": null,
            "reinvestment_rate": null,
            "research_to_sale_ratio": null,
            "price_fair": 3,
            "eps_avg_yearly": 1,
            "eps_latest_yearly": 1,
            "eps_growth_yearly": -66.67
        },
        "20063": {
            "year_quarter": 20063,
            "year": 2006,
            "quarter": 3,
            "eps": -0.05,
            "eps_growth_year": null,
            "eps_4q": 0.45,
            "eps_4q_growth_year": null,
            "roe": -1.15,
            "roe_4q": 11.810000000000002,
            "gross_profit": 2179,
            "gross_margin": 3.84,
            "gross_margin_4q_avg": 29.93,
            "net_income": -7005,
            "net_income_4q": null,
            "revenue": 56756,
            "revenue_4q": null,
            "common_shares": 1487500,
            "book_valuer_per_share": 4.08,
            "book_valuer_per_share_4q_avg": 3.92,
            "equity": 607000,
            "current_ratio": 730.02,
            "debt_ratio": 3.97,
            "inventory_turnover_ratio": null,
            "account_receivable_turnover_ratio": null,
            "reinvestment_rate": null,
            "research_to_sale_ratio": null,
            "price_fair": 3,
            "eps_avg_yearly": 1,
            "eps_latest_yearly": 1,
            "eps_growth_yearly": -66.67
        },
        "20064": {
            "year_quarter": 20064,
            "year": 2006,
            "quarter": 4,
            "eps": -0.01,
            "eps_growth_year": null,
            "eps_4q": 0.5,
            "eps_4q_growth_year": null,
            "roe": -0.21,
            "roe_4q": 12.97,
            "gross_profit": -4263,
            "gross_margin": -13.86,
            "gross_margin_4q_avg": 22.01,
            "net_income": -1251,
            "net_income_4q": null,
            "revenue": 30747,
            "revenue_4q": null,
            "common_shares": 1487500,
            "book_valuer_per_share": 4.07,
            "book_valuer_per_share_4q_avg": 4.04,
            "equity": 605749,
            "current_ratio": 1034.53,
            "debt_ratio": 3.04,
            "inventory_turnover_ratio": null,
            "account_receivable_turnover_ratio": null,
            "reinvestment_rate": null,
            "research_to_sale_ratio": null,
            "price_fair": 3,
            "eps_avg_yearly": 1,
            "eps_latest_yearly": 1,
            "eps_growth_yearly": -66.67
        },
        "20071": {
            "year_quarter": 20071,
            "year": 2007,
            "quarter": 1,
            "eps": 0.13,
            "eps_growth_year": -56.67,
            "eps_4q": 0.32,
            "eps_4q_growth_year": 66.66,
            "roe": 3.12,
            "roe_4q": 7.960000000000001,
            "gross_profit": 23772,
            "gross_margin": 37.6,
            "gross_margin_4q_avg": 19.48,
            "net_income": 19203,
            "net_income_4q": null,
            "revenue": 63226,
            "revenue_4q": null,
            "common_shares": 1487500,
            "book_valuer_per_share": 4.2,
            "book_valuer_per_share_4q_avg": 4.12,
            "equity": 625060,
            "current_ratio": 1447.51,
            "debt_ratio": 2.55,
            "inventory_turnover_ratio": null,
            "account_receivable_turnover_ratio": null,
            "reinvestment_rate": null,
            "research_to_sale_ratio": null,
            "price_fair": 3,
            "eps_avg_yearly": 1,
            "eps_latest_yearly": 1,
            "eps_growth_yearly": -66.67
        },
        "20072": {
            "year_quarter": 20072,
            "year": 2007,
            "quarter": 2,
            "eps": 0.26,
            "eps_growth_year": 4,
            "eps_4q": 0.33,
            "eps_4q_growth_year": -21.34,
            "roe": 5.95,
            "roe_4q": 7.709999999999999,
            "gross_profit": 44343,
            "gross_margin": 55.81,
            "gross_margin_4q_avg": 20.85,
            "net_income": 38317,
            "net_income_4q": null,
            "revenue": 79449,
            "revenue_4q": null,
            "common_shares": 1487640,
            "book_valuer_per_share": 4.46,
            "book_valuer_per_share_4q_avg": 4.2,
            "equity": 663377,
            "current_ratio": 1179.88,
            "debt_ratio": 3.28,
            "inventory_turnover_ratio": null,
            "account_receivable_turnover_ratio": null,
            "reinvestment_rate": null,
            "research_to_sale_ratio": null,
            "price_fair": 35.7,
            "eps_avg_yearly": 1.02,
            "eps_latest_yearly": 1.04,
            "eps_growth_yearly": 166.67
        },
        "20073": {
            "year_quarter": 20073,
            "year": 2007,
            "quarter": 3,
            "eps": 0.2,
            "eps_growth_year": null,
            "eps_4q": 0.57,
            "eps_4q_growth_year": 26.36,
            "roe": 4.43,
            "roe_4q": 13.29,
            "gross_profit": 40153,
            "gross_margin": 54.44,
            "gross_margin_4q_avg": 33.5,
            "net_income": 30035,
            "net_income_4q": null,
            "revenue": 73763,
            "revenue_4q": null,
            "common_shares": 1487640,
            "book_valuer_per_share": 4.66,
            "book_valuer_per_share_4q_avg": 4.35,
            "equity": 693412,
            "current_ratio": 1621.58,
            "debt_ratio": 2.59,
            "inventory_turnover_ratio": null,
            "account_receivable_turnover_ratio": null,
            "reinvestment_rate": null,
            "research_to_sale_ratio": null,
            "price_fair": 33.13,
            "eps_avg_yearly": 0.95,
            "eps_latest_yearly": 0.8,
            "eps_growth_yearly": 80.34
        },
        "20074": {
            "year_quarter": 20074,
            "year": 2007,
            "quarter": 4,
            "eps": 0.07,
            "eps_growth_year": null,
            "eps_4q": 1.22,
            "eps_4q_growth_year": 144.28,
            "roe": 0.76,
            "roe_4q": 14.260000000000002,
            "gross_profit": 15897,
            "gross_margin": 33.69,
            "gross_margin_4q_avg": 45.39,
            "net_income": 5323,
            "net_income_4q": null,
            "revenue": 47188,
            "revenue_4q": null,
            "common_shares": 743890,
            "book_valuer_per_share": 9.39,
            "book_valuer_per_share_4q_avg": 5.68,
            "equity": 698735,
            "current_ratio": 1671.74,
            "debt_ratio": 2.63,
            "inventory_turnover_ratio": null,
            "account_receivable_turnover_ratio": null,
            "reinvestment_rate": null,
            "research_to_sale_ratio": null,
            "price_fair": 2.34,
            "eps_avg_yearly": 0.78,
            "eps_latest_yearly": 0.28,
            "eps_growth_yearly": -4.74
        },
        "20081": {
            "year_quarter": 20081,
            "year": 2008,
            "quarter": 1,
            "eps": 0.29,
            "eps_growth_year": 123.08,
            "eps_4q": 1.29,
            "eps_4q_growth_year": 296.57,
            "roe": 3.03,
            "roe_4q": 14.169999999999998,
            "gross_profit": 29535,
            "gross_margin": 56.64,
            "gross_margin_4q_avg": 50.15,
            "net_income": 21464,
            "net_income_4q": null,
            "revenue": 52145,
            "revenue_4q": null,
            "common_shares": 743890,
            "book_valuer_per_share": 9.68,
            "book_valuer_per_share_4q_avg": 7.05,
            "equity": 720199,
            "current_ratio": 1829.7,
            "debt_ratio": 2.53,
            "inventory_turnover_ratio": null,
            "account_receivable_turnover_ratio": null,
            "reinvestment_rate": null,
            "research_to_sale_ratio": null,
            "price_fair": 29.96,
            "eps_avg_yearly": 0.86,
            "eps_latest_yearly": 1.16,
            "eps_growth_yearly": 247.63
        },
        "20082": {
            "year_quarter": 20082,
            "year": 2008,
            "quarter": 2,
            "eps": 0.53,
            "eps_growth_year": 103.85,
            "eps_4q": 1.29,
            "eps_4q_growth_year": 286.77,
            "roe": 5.34,
            "roe_4q": 13.559999999999999,
            "gross_profit": 49378,
            "gross_margin": 62.29,
            "gross_margin_4q_avg": 51.77,
            "net_income": 39476,
            "net_income_4q": null,
            "revenue": 79274,
            "revenue_4q": null,
            "common_shares": 743890,
            "book_valuer_per_share": 10.21,
            "book_valuer_per_share_4q_avg": 8.49,
            "equity": 759675,
            "current_ratio": 1556.63,
            "debt_ratio": 3.15,
            "inventory_turnover_ratio": null,
            "account_receivable_turnover_ratio": null,
            "reinvestment_rate": null,
            "research_to_sale_ratio": null,
            "price_fair": 37.33,
            "eps_avg_yearly": 1.07,
            "eps_latest_yearly": 2.12,
            "eps_growth_yearly": 261.53
        },
        "20083": {
            "year_quarter": 20083,
            "year": 2008,
            "quarter": 3,
            "eps": 0.33,
            "eps_growth_year": 65,
            "eps_4q": 1.21,
            "eps_4q_growth_year": 110.98,
            "roe": 3.21,
            "roe_4q": 12.34,
            "gross_profit": 24624,
            "gross_margin": 43.38,
            "gross_margin_4q_avg": 49,
            "net_income": 24778,
            "net_income_4q": null,
            "revenue": 56768,
            "revenue_4q": null,
            "common_shares": 743890,
            "book_valuer_per_share": 10.55,
            "book_valuer_per_share_4q_avg": 9.96,
            "equity": 784453,
            "current_ratio": 1571.81,
            "debt_ratio": 3.2,
            "inventory_turnover_ratio": null,
            "account_receivable_turnover_ratio": null,
            "reinvestment_rate": null,
            "research_to_sale_ratio": null,
            "price_fair": 38.6,
            "eps_avg_yearly": 1.1,
            "eps_latest_yearly": 1.32,
            "eps_growth_yearly": 202.61
        },
        "20084": {
            "year_quarter": 20084,
            "year": 2008,
            "quarter": 4,
            "eps": 0.4,
            "eps_growth_year": 471.43,
            "eps_4q": 1.56,
            "eps_4q_growth_year": 28.12,
            "roe": 3.68,
            "roe_4q": 15.26,
            "gross_profit": 36958,
            "gross_margin": 57.46,
            "gross_margin_4q_avg": 54.94,
            "net_income": 29434,
            "net_income_4q": null,
            "revenue": 64317,
            "revenue_4q": null,
            "common_shares": 743890,
            "book_valuer_per_share": 10.94,
            "book_valuer_per_share_4q_avg": 10.35,
            "equity": 813887,
            "current_ratio": 1614.15,
            "debt_ratio": 3.27,
            "inventory_turnover_ratio": null,
            "account_receivable_turnover_ratio": 2.02,
            "reinvestment_rate": -182.32,
            "research_to_sale_ratio": null,
            "price_fair": 40.78,
            "eps_avg_yearly": 1.17,
            "eps_latest_yearly": 1.6,
            "eps_growth_yearly": 187.89
        },
        "20091": {
            "year_quarter": 20091,
            "year": 2009,
            "quarter": 1,
            "eps": 0.4,
            "eps_growth_year": 37.93,
            "eps_4q": 1.65,
            "eps_4q_growth_year": 28.51,
            "roe": 3.61,
            "roe_4q": 15.84,
            "gross_profit": 33565,
            "gross_margin": 54.09,
            "gross_margin_4q_avg": 54.31,
            "net_income": 29934,
            "net_income_4q": null,
            "revenue": 62056,
            "revenue_4q": null,
            "common_shares": 743890,
            "book_valuer_per_share": 11.34,
            "book_valuer_per_share_4q_avg": 10.76,
            "equity": 843821,
            "current_ratio": 1674.36,
            "debt_ratio": 3.21,
            "inventory_turnover_ratio": null,
            "account_receivable_turnover_ratio": 0.93,
            "reinvestment_rate": -104.1,
            "research_to_sale_ratio": null,
            "price_fair": 42.47,
            "eps_avg_yearly": 1.21,
            "eps_latest_yearly": 1.6,
            "eps_growth_yearly": 167.01
        },
        "20092": {
            "year_quarter": 20092,
            "year": 2009,
            "quarter": 2,
            "eps": 0.53,
            "eps_growth_year": 0,
            "eps_4q": 1.65,
            "eps_4q_growth_year": 27.78,
            "roe": 4.63,
            "roe_4q": 15.129999999999999,
            "gross_profit": 45776,
            "gross_margin": 58.6,
            "gross_margin_4q_avg": 53.38,
            "net_income": 39748,
            "net_income_4q": null,
            "revenue": 78119,
            "revenue_4q": null,
            "common_shares": 743890,
            "book_valuer_per_share": 11.72,
            "book_valuer_per_share_4q_avg": 11.14,
            "equity": 871667,
            "current_ratio": 992.03,
            "debt_ratio": 5.63,
            "inventory_turnover_ratio": null,
            "account_receivable_turnover_ratio": 1.01,
            "reinvestment_rate": -81.28,
            "research_to_sale_ratio": null,
            "price_fair": 45.64,
            "eps_avg_yearly": 1.3,
            "eps_latest_yearly": 2.12,
            "eps_growth_yearly": 163.31
        },
        "20093": {
            "year_quarter": 20093,
            "year": 2009,
            "quarter": 3,
            "eps": 0.2,
            "eps_growth_year": -39.39,
            "eps_4q": 1.42,
            "eps_4q_growth_year": 17.07,
            "roe": 1.85,
            "roe_4q": 13.77,
            "gross_profit": 21372,
            "gross_margin": 41.19,
            "gross_margin_4q_avg": 52.84,
            "net_income": 16256,
            "net_income_4q": null,
            "revenue": 51888,
            "revenue_4q": null,
            "common_shares": 794474,
            "book_valuer_per_share": 11.18,
            "book_valuer_per_share_4q_avg": 11.3,
            "equity": 887923,
            "current_ratio": 1601.7,
            "debt_ratio": 3.49,
            "inventory_turnover_ratio": null,
            "account_receivable_turnover_ratio": 0.71,
            "reinvestment_rate": -63.39,
            "research_to_sale_ratio": null,
            "price_fair": 44.04,
            "eps_avg_yearly": 1.26,
            "eps_latest_yearly": 0.8,
            "eps_growth_yearly": 125.82
        },
        "20094": {
            "year_quarter": 20094,
            "year": 2009,
            "quarter": 4,
            "eps": 0.19,
            "eps_growth_year": -52.5,
            "eps_4q": 1.27,
            "eps_4q_growth_year": -19.03,
            "roe": 1.64,
            "roe_4q": 11.73,
            "gross_profit": 23075,
            "gross_margin": 46.48,
            "gross_margin_4q_avg": 50.09,
            "net_income": 14726,
            "net_income_4q": null,
            "revenue": 49648,
            "revenue_4q": null,
            "common_shares": 794474,
            "book_valuer_per_share": 11.36,
            "book_valuer_per_share_4q_avg": 11.4,
            "equity": 902649,
            "current_ratio": 1336.36,
            "debt_ratio": 4.07,
            "inventory_turnover_ratio": null,
            "account_receivable_turnover_ratio": 1.84,
            "reinvestment_rate": -30.01,
            "research_to_sale_ratio": null,
            "price_fair": 42.58,
            "eps_avg_yearly": 1.22,
            "eps_latest_yearly": 0.76,
            "eps_growth_yearly": 113.67
        },
        "20101": {
            "year_quarter": 20101,
            "year": 2010,
            "quarter": 1,
            "eps": 0.2,
            "eps_growth_year": -50,
            "eps_4q": 1.1,
            "eps_4q_growth_year": -33.7,
            "roe": 1.79,
            "roe_4q": 9.91,
            "gross_profit": 27119,
            "gross_margin": 49.82,
            "gross_margin_4q_avg": 49.02,
            "net_income": 16283,
            "net_income_4q": null,
            "revenue": 54434,
            "revenue_4q": null,
            "common_shares": 794474,
            "book_valuer_per_share": 11.57,
            "book_valuer_per_share_4q_avg": 11.46,
            "equity": 918932,
            "current_ratio": 1735.03,
            "debt_ratio": 3.15,
            "inventory_turnover_ratio": null,
            "account_receivable_turnover_ratio": 0.96,
            "reinvestment_rate": -20.4,
            "research_to_sale_ratio": null,
            "price_fair": 41.46,
            "eps_avg_yearly": 1.18,
            "eps_latest_yearly": 0.8,
            "eps_growth_yearly": 106.55
        },
        "20102": {
            "year_quarter": 20102,
            "year": 2010,
            "quarter": 2,
            "eps": 0.24,
            "eps_growth_year": -55.27,
            "eps_4q": 0.83,
            "eps_4q_growth_year": -49.64,
            "roe": 2.13,
            "roe_4q": 7.41,
            "gross_profit": 28457,
            "gross_margin": 51.3,
            "gross_margin_4q_avg": 47.2,
            "net_income": 18835,
            "net_income_4q": null,
            "revenue": 55476,
            "revenue_4q": null,
            "common_shares": 794474,
            "book_valuer_per_share": 10.66,
            "book_valuer_per_share_4q_avg": 11.19,
            "equity": 846664,
            "current_ratio": 418.87,
            "debt_ratio": 12.87,
            "inventory_turnover_ratio": null,
            "account_receivable_turnover_ratio": 0.93,
            "reinvestment_rate": -8.31,
            "research_to_sale_ratio": null,
            "price_fair": 41.35,
            "eps_avg_yearly": 1.18,
            "eps_latest_yearly": 0.96,
            "eps_growth_yearly": 117.83
        },
        "20103": {
            "year_quarter": 20103,
            "year": 2010,
            "quarter": 3,
            "eps": 0.37,
            "eps_growth_year": 87.14,
            "eps_4q": 1,
            "eps_4q_growth_year": -29.43,
            "roe": 3.45,
            "roe_4q": 9.01,
            "gross_profit": 36772,
            "gross_margin": 51.87,
            "gross_margin_4q_avg": 49.87,
            "net_income": 29735,
            "net_income_4q": null,
            "revenue": 70894,
            "revenue_4q": null,
            "common_shares": 794474,
            "book_valuer_per_share": 11.03,
            "book_valuer_per_share_4q_avg": 11.16,
            "equity": 876400,
            "current_ratio": 1280.23,
            "debt_ratio": 3.74,
            "inventory_turnover_ratio": null,
            "account_receivable_turnover_ratio": 1.05,
            "reinvestment_rate": 5.94,
            "research_to_sale_ratio": null,
            "price_fair": 42.1,
            "eps_avg_yearly": 1.2,
            "eps_latest_yearly": 1.48,
            "eps_growth_yearly": 124.89
        },
        "20104": {
            "year_quarter": 20104,
            "year": 2010,
            "quarter": 4,
            "eps": 0.21,
            "eps_growth_year": 11.46,
            "eps_4q": 1.03,
            "eps_4q_growth_year": -18.86,
            "roe": 1.9,
            "roe_4q": 9.27,
            "gross_profit": 24621,
            "gross_margin": 36.63,
            "gross_margin_4q_avg": 47.41,
            "net_income": 16825,
            "net_income_4q": null,
            "revenue": 67215,
            "revenue_4q": null,
            "common_shares": 794474,
            "book_valuer_per_share": 11.24,
            "book_valuer_per_share_4q_avg": 11.13,
            "equity": 893225,
            "current_ratio": 678.27,
            "debt_ratio": 6.31,
            "inventory_turnover_ratio": null,
            "account_receivable_turnover_ratio": 0.83,
            "reinvestment_rate": 16.83,
            "research_to_sale_ratio": null,
            "price_fair": 41.25,
            "eps_avg_yearly": 1.18,
            "eps_latest_yearly": 0.84,
            "eps_growth_yearly": 105.03
        },
        "20111": {
            "year_quarter": 20111,
            "year": 2011,
            "quarter": 1,
            "eps": 0.22,
            "eps_growth_year": 10,
            "eps_4q": 1.04,
            "eps_4q_growth_year": -5.11,
            "roe": 1.9,
            "roe_4q": 9.379999999999999,
            "gross_profit": 25059,
            "gross_margin": 39.79,
            "gross_margin_4q_avg": 44.9,
            "net_income": 17168,
            "net_income_4q": null,
            "revenue": 62982,
            "revenue_4q": null,
            "common_shares": 794474,
            "book_valuer_per_share": 11.46,
            "book_valuer_per_share_4q_avg": 11.1,
            "equity": 910393,
            "current_ratio": 1073.99,
            "debt_ratio": 3.91,
            "inventory_turnover_ratio": null,
            "account_receivable_turnover_ratio": 0.81,
            "reinvestment_rate": 37.63,
            "research_to_sale_ratio": null,
            "price_fair": 40.6,
            "eps_avg_yearly": 1.16,
            "eps_latest_yearly": 0.88,
            "eps_growth_yearly": 99.66
        },
        "20112": {
            "year_quarter": 20112,
            "year": 2011,
            "quarter": 2,
            "eps": 0.24,
            "eps_growth_year": 0.92,
            "eps_4q": 1.04,
            "eps_4q_growth_year": 25.17,
            "roe": 2.15,
            "roe_4q": 9.399999999999999,
            "gross_profit": 26534,
            "gross_margin": 38.47,
            "gross_margin_4q_avg": 41.69,
            "net_income": 19009,
            "net_income_4q": null,
            "revenue": 68977,
            "revenue_4q": null,
            "common_shares": 794474,
            "book_valuer_per_share": 10.77,
            "book_valuer_per_share_4q_avg": 11.13,
            "equity": 855892,
            "current_ratio": 364.37,
            "debt_ratio": 11.98,
            "inventory_turnover_ratio": null,
            "account_receivable_turnover_ratio": 0.96,
            "reinvestment_rate": 35.94,
            "research_to_sale_ratio": null,
            "price_fair": 40.43,
            "eps_avg_yearly": 1.16,
            "eps_latest_yearly": 0.96,
            "eps_growth_yearly": 76.93
        },
        "20113": {
            "year_quarter": 20113,
            "year": 2011,
            "quarter": 3,
            "eps": 0.05,
            "eps_growth_year": -86.63,
            "eps_4q": 0.72,
            "eps_4q_growth_year": -28.4,
            "roe": 0.46,
            "roe_4q": 6.41,
            "gross_profit": 8188,
            "gross_margin": 16.87,
            "gross_margin_4q_avg": 32.94,
            "net_income": 3975,
            "net_income_4q": null,
            "revenue": 48542,
            "revenue_4q": null,
            "common_shares": 794474,
            "book_valuer_per_share": 10.82,
            "book_valuer_per_share_4q_avg": 11.07,
            "equity": 859866,
            "current_ratio": 1073.24,
            "debt_ratio": 3.69,
            "inventory_turnover_ratio": null,
            "account_receivable_turnover_ratio": 0.75,
            "reinvestment_rate": 39.05,
            "research_to_sale_ratio": null,
            "price_fair": 39.11,
            "eps_avg_yearly": 1.12,
            "eps_latest_yearly": 0.2,
            "eps_growth_yearly": 62.91
        },
        "20114": {
            "year_quarter": 20114,
            "year": 2011,
            "quarter": 4,
            "eps": -0.08,
            "eps_growth_year": -136.18,
            "eps_4q": 0.43,
            "eps_4q_growth_year": -58.29,
            "roe": -0.68,
            "roe_4q": 3.83,
            "gross_profit": 791,
            "gross_margin": 1.93,
            "gross_margin_4q_avg": 24.27,
            "net_income": -6087,
            "net_income_4q": null,
            "revenue": 40884,
            "revenue_4q": null,
            "common_shares": 794474,
            "book_valuer_per_share": 11.81,
            "book_valuer_per_share_4q_avg": 11.22,
            "equity": 937946,
            "current_ratio": 1103.91,
            "debt_ratio": 4.2,
            "inventory_turnover_ratio": null,
            "account_receivable_turnover_ratio": 0.82,
            "reinvestment_rate": 40.08,
            "research_to_sale_ratio": null,
            "price_fair": 41.07,
            "eps_avg_yearly": 1.17,
            "eps_latest_yearly": 0.2,
            "eps_growth_yearly": 84.43
        },
        "20121": {
            "year_quarter": 20121,
            "year": 2012,
            "quarter": 1,
            "eps": 1.31,
            "eps_growth_year": 495.45,
            "eps_4q": 1.53,
            "eps_4q_growth_year": 46.84,
            "roe": 11.01,
            "roe_4q": 12.940000000000001,
            "gross_profit": 2159,
            "gross_margin": 4.71,
            "gross_margin_4q_avg": 15.5,
            "net_income": 104342,
            "net_income_4q": null,
            "revenue": 45842,
            "revenue_4q": null,
            "common_shares": 794474,
            "book_valuer_per_share": 12.06,
            "book_valuer_per_share_4q_avg": 11.37,
            "equity": 958121,
            "current_ratio": 941.64,
            "debt_ratio": 5.04,
            "inventory_turnover_ratio": null,
            "account_receivable_turnover_ratio": 0.94,
            "reinvestment_rate": 34.4,
            "research_to_sale_ratio": 4.95,
            "price_fair": 11.74,
            "eps_avg_yearly": 1.17,
            "eps_latest_yearly": 0.2,
            "eps_growth_yearly": 0.67
        },
        "20122": {
            "year_quarter": 20122,
            "year": 2012,
            "quarter": 2,
            "eps": 0.01,
            "eps_growth_year": -97.62,
            "eps_4q": 1.29,
            "eps_4q_growth_year": 24.11,
            "roe": 0.05,
            "roe_4q": 10.840000000000002,
            "gross_profit": 9182,
            "gross_margin": 18,
            "gross_margin_4q_avg": 10.38,
            "net_income": 453,
            "net_income_4q": null,
            "revenue": 51011,
            "revenue_4q": null,
            "common_shares": 794474,
            "book_valuer_per_share": 11.68,
            "book_valuer_per_share_4q_avg": 11.59,
            "equity": 927910,
            "current_ratio": 501.53,
            "debt_ratio": 9.34,
            "inventory_turnover_ratio": null,
            "account_receivable_turnover_ratio": 0.94,
            "reinvestment_rate": 41.26,
            "research_to_sale_ratio": 2.85,
            "price_fair": 3.08,
            "eps_avg_yearly": 1.03,
            "eps_latest_yearly": 0.04,
            "eps_growth_yearly": -51.33
        },
        "20123": {
            "year_quarter": 20123,
            "year": 2012,
            "quarter": 3,
            "eps": 0,
            "eps_growth_year": -99.62,
            "eps_4q": 1.24,
            "eps_4q_growth_year": 73.27,
            "roe": 0,
            "roe_4q": 10.38,
            "gross_profit": 8123,
            "gross_margin": 15.67,
            "gross_margin_4q_avg": 10.08,
            "net_income": 15,
            "net_income_4q": null,
            "revenue": 51839,
            "revenue_4q": null,
            "common_shares": 794474,
            "book_valuer_per_share": 11.68,
            "book_valuer_per_share_4q_avg": 11.81,
            "equity": 927925,
            "current_ratio": 834.92,
            "debt_ratio": 5.47,
            "inventory_turnover_ratio": null,
            "account_receivable_turnover_ratio": 0.88,
            "reinvestment_rate": 40.73,
            "research_to_sale_ratio": 2.39,
            "price_fair": 3.01,
            "eps_avg_yearly": 1,
            "eps_latest_yearly": 0.04,
            "eps_growth_yearly": -43.67
        },
        "20124": {
            "year_quarter": 20124,
            "year": 2012,
            "quarter": 4,
            "eps": -0.17,
            "eps_growth_year": null,
            "eps_4q": 1.14,
            "eps_4q_growth_year": 166.93,
            "roe": -1.51,
            "roe_4q": 9.55,
            "gross_profit": -8505,
            "gross_margin": -24.84,
            "gross_margin_4q_avg": 3.39,
            "net_income": -13880,
            "net_income_4q": null,
            "revenue": 34244,
            "revenue_4q": null,
            "common_shares": 794474,
            "book_valuer_per_share": 11.51,
            "book_valuer_per_share_4q_avg": 11.73,
            "equity": 914044,
            "current_ratio": 886.44,
            "debt_ratio": 5.1,
            "inventory_turnover_ratio": null,
            "account_receivable_turnover_ratio": 0.66,
            "reinvestment_rate": 46.33,
            "research_to_sale_ratio": 0.39,
            "price_fair": 2.86,
            "eps_avg_yearly": 0.95,
            "eps_latest_yearly": 0.04,
            "eps_growth_yearly": -54.38
        },
        "20131": {
            "year_quarter": 20131,
            "year": 2013,
            "quarter": 1,
            "eps": -0.07,
            "eps_growth_year": -105.34,
            "eps_4q": -0.24,
            "eps_4q_growth_year": -115.93,
            "roe": -0.65,
            "roe_4q": -2.1100000000000003,
            "gross_profit": -1180,
            "gross_margin": -3.56,
            "gross_margin_4q_avg": 1.32,
            "net_income": -5896,
            "net_income_4q": null,
            "revenue": 33175,
            "revenue_4q": null,
            "common_shares": 794474,
            "book_valuer_per_share": 11.42,
            "book_valuer_per_share_4q_avg": 11.57,
            "equity": 908048,
            "current_ratio": 1153.18,
            "debt_ratio": 3.9,
            "inventory_turnover_ratio": null,
            "account_receivable_turnover_ratio": 0.78,
            "reinvestment_rate": 45.2,
            "research_to_sale_ratio": 1.47,
            "price_fair": 2.68,
            "eps_avg_yearly": 0.89,
            "eps_latest_yearly": 0.04,
            "eps_growth_yearly": -59.32
        },
        "20132": {
            "year_quarter": 20132,
            "year": 2013,
            "quarter": 2,
            "eps": -0.02,
            "eps_growth_year": -450.75,
            "eps_4q": -0.27,
            "eps_4q_growth_year": -120.78,
            "roe": -0.18,
            "roe_4q": -2.34,
            "gross_profit": 2844,
            "gross_margin": 7.04,
            "gross_margin_4q_avg": -1.42,
            "net_income": -1575,
            "net_income_4q": null,
            "revenue": 40405,
            "revenue_4q": null,
            "common_shares": 794474,
            "book_valuer_per_share": 10.37,
            "book_valuer_per_share_4q_avg": 11.25,
            "equity": 824636,
            "current_ratio": 211.72,
            "debt_ratio": 12.17,
            "inventory_turnover_ratio": null,
            "account_receivable_turnover_ratio": 0.93,
            "reinvestment_rate": 129.37,
            "research_to_sale_ratio": 1.25,
            "price_fair": 2.32,
            "eps_avg_yearly": 0.77,
            "eps_latest_yearly": 0.04,
            "eps_growth_yearly": -78.25
        },
        "20133": {
            "year_quarter": 20133,
            "year": 2013,
            "quarter": 3,
            "eps": -0.08,
            "eps_growth_year": -42428.04,
            "eps_4q": -0.34,
            "eps_4q_growth_year": -127.7,
            "roe": -0.73,
            "roe_4q": -3.0700000000000003,
            "gross_profit": -435,
            "gross_margin": -1.12,
            "gross_margin_4q_avg": -5.62,
            "net_income": -5998,
            "net_income_4q": null,
            "revenue": 38874,
            "revenue_4q": null,
            "common_shares": 794474,
            "book_valuer_per_share": 10.3,
            "book_valuer_per_share_4q_avg": 10.9,
            "equity": 818638,
            "current_ratio": 1180.72,
            "debt_ratio": 3.39,
            "inventory_turnover_ratio": null,
            "account_receivable_turnover_ratio": 0.84,
            "reinvestment_rate": 54.33,
            "research_to_sale_ratio": 1.25,
            "price_fair": 2.31,
            "eps_avg_yearly": 0.77,
            "eps_latest_yearly": 0.04,
            "eps_growth_yearly": -59.27
        },
        "20134": {
            "year_quarter": 20134,
            "year": 2013,
            "quarter": 4,
            "eps": -0.04,
            "eps_growth_year": null,
            "eps_4q": -0.21,
            "eps_4q_growth_year": -118.59,
            "roe": -0.42,
            "roe_4q": -1.98,
            "gross_profit": 2358,
            "gross_margin": 5.68,
            "gross_margin_4q_avg": 2.01,
            "net_income": -3434,
            "net_income_4q": null,
            "revenue": 41548,
            "revenue_4q": null,
            "common_shares": 794474,
            "book_valuer_per_share": 10.26,
            "book_valuer_per_share_4q_avg": 10.59,
            "equity": 815390,
            "current_ratio": 1461.23,
            "debt_ratio": 2.77,
            "inventory_turnover_ratio": null,
            "account_receivable_turnover_ratio": 0.88,
            "reinvestment_rate": 32.56,
            "research_to_sale_ratio": 1.3,
            "price_fair": 2.31,
            "eps_avg_yearly": 0.77,
            "eps_latest_yearly": 0.04,
            "eps_growth_yearly": -64.18
        },
        "20141": {
            "year_quarter": 20141,
            "year": 2014,
            "quarter": 1,
            "eps": -0.18,
            "eps_growth_year": null,
            "eps_4q": -0.32,
            "eps_4q_growth_year": null,
            "roe": -1.75,
            "roe_4q": -3.08,
            "gross_profit": -5655,
            "gross_margin": -16.26,
            "gross_margin_4q_avg": -1.17,
            "net_income": -14145,
            "net_income_4q": null,
            "revenue": 34771,
            "revenue_4q": null,
            "common_shares": 794474,
            "book_valuer_per_share": 10.09,
            "book_valuer_per_share_4q_avg": 10.26,
            "equity": 801245,
            "current_ratio": 1113.88,
            "debt_ratio": 3.57,
            "inventory_turnover_ratio": null,
            "account_receivable_turnover_ratio": 0.76,
            "reinvestment_rate": 40.65,
            "research_to_sale_ratio": 2.25,
            "price_fair": 2.3,
            "eps_avg_yearly": 0.77,
            "eps_latest_yearly": 0.04,
            "eps_growth_yearly": -76.36
        },
        "20142": {
            "year_quarter": 20142,
            "year": 2014,
            "quarter": 2,
            "eps": -0.12,
            "eps_growth_year": null,
            "eps_4q": -0.42,
            "eps_4q_growth_year": null,
            "roe": -1.19,
            "roe_4q": -4.09,
            "gross_profit": -2819,
            "gross_margin": -7.34,
            "gross_margin_4q_avg": -4.76,
            "net_income": -9481,
            "net_income_4q": null,
            "revenue": 38403,
            "revenue_4q": null,
            "common_shares": 794474,
            "book_valuer_per_share": 9.97,
            "book_valuer_per_share_4q_avg": 10.16,
            "equity": 791764,
            "current_ratio": 1111.4,
            "debt_ratio": 3.59,
            "inventory_turnover_ratio": null,
            "account_receivable_turnover_ratio": 0.93,
            "reinvestment_rate": 34.24,
            "research_to_sale_ratio": 1.06,
            "price_fair": 2.2,
            "eps_avg_yearly": 0.73,
            "eps_latest_yearly": 0.04,
            "eps_growth_yearly": -102.42
        },
        "20143": {
            "year_quarter": 20143,
            "year": 2014,
            "quarter": 3,
            "eps": -0.21,
            "eps_growth_year": null,
            "eps_4q": -0.55,
            "eps_4q_growth_year": null,
            "roe": -2.11,
            "roe_4q": -5.47,
            "gross_profit": -8867,
            "gross_margin": -24.19,
            "gross_margin_4q_avg": -10.53,
            "net_income": -16507,
            "net_income_4q": null,
            "revenue": 36650,
            "revenue_4q": null,
            "common_shares": 794474,
            "book_valuer_per_share": 9.76,
            "book_valuer_per_share_4q_avg": 10.02,
            "equity": 775257,
            "current_ratio": 1308.9,
            "debt_ratio": 2.87,
            "inventory_turnover_ratio": null,
            "account_receivable_turnover_ratio": 0.94,
            "reinvestment_rate": 20.29,
            "research_to_sale_ratio": 1.11,
            "price_fair": 1.75,
            "eps_avg_yearly": 0.58,
            "eps_latest_yearly": 0.04,
            "eps_growth_yearly": -166.23
        },
        "20144": {
            "year_quarter": 20144,
            "year": 2014,
            "quarter": 4,
            "eps": -0.67,
            "eps_growth_year": null,
            "eps_4q": -1.18,
            "eps_4q_growth_year": null,
            "roe": -7.15,
            "roe_4q": -12.2,
            "gross_profit": -33057,
            "gross_margin": -103.16,
            "gross_margin_4q_avg": -37.74,
            "net_income": -53483,
            "net_income_4q": null,
            "revenue": 32044,
            "revenue_4q": null,
            "common_shares": 794474,
            "book_valuer_per_share": 9.08,
            "book_valuer_per_share_4q_avg": 9.73,
            "equity": 721540,
            "current_ratio": 537.05,
            "debt_ratio": 6.67,
            "inventory_turnover_ratio": null,
            "account_receivable_turnover_ratio": 0.92,
            "reinvestment_rate": 81.45,
            "research_to_sale_ratio": 2.11,
            "price_fair": 1.56,
            "eps_avg_yearly": 0.52,
            "eps_latest_yearly": 0.04,
            "eps_growth_yearly": -164.55
        },
        "20151": {
            "year_quarter": 20151,
            "year": 2015,
            "quarter": 1,
            "eps": -0.1,
            "eps_growth_year": null,
            "eps_4q": -1.1,
            "eps_4q_growth_year": null,
            "roe": -1.13,
            "roe_4q": -11.58,
            "gross_profit": -5205,
            "gross_margin": -16.14,
            "gross_margin_4q_avg": -37.71,
            "net_income": -8108,
            "net_income_4q": null,
            "revenue": 32252,
            "revenue_4q": null,
            "common_shares": 794474,
            "book_valuer_per_share": 8.98,
            "book_valuer_per_share_4q_avg": 9.45,
            "equity": 713432,
            "current_ratio": 1101.28,
            "debt_ratio": 3.12,
            "inventory_turnover_ratio": null,
            "account_receivable_turnover_ratio": 1.03,
            "reinvestment_rate": null,
            "research_to_sale_ratio": 1.31,
            "price_fair": 1.2,
            "eps_avg_yearly": 0.4,
            "eps_latest_yearly": 0.04,
            "eps_growth_yearly": -225.75
        },
        "20152": {
            "year_quarter": 20152,
            "year": 2015,
            "quarter": 2,
            "eps": -0.3,
            "eps_growth_year": null,
            "eps_4q": -1.28,
            "eps_4q_growth_year": null,
            "roe": -3.32,
            "roe_4q": -13.709999999999999,
            "gross_profit": -17301,
            "gross_margin": -55.25,
            "gross_margin_4q_avg": -49.69,
            "net_income": -23475,
            "net_income_4q": null,
            "revenue": 31315,
            "revenue_4q": null,
            "common_shares": 794474,
            "book_valuer_per_share": 8.81,
            "book_valuer_per_share_4q_avg": 9.16,
            "equity": 700324,
            "current_ratio": 928.5,
            "debt_ratio": 3.94,
            "inventory_turnover_ratio": null,
            "account_receivable_turnover_ratio": 0.98,
            "reinvestment_rate": null,
            "research_to_sale_ratio": 1.68,
            "price_fair": 0.36,
            "eps_avg_yearly": 0.12,
            "eps_latest_yearly": 0.04,
            "eps_growth_yearly": -356.81
        },
        "20153": {
            "year_quarter": 20153,
            "year": 2015,
            "quarter": 3,
            "eps": -0.25,
            "eps_growth_year": null,
            "eps_4q": -1.32,
            "eps_4q_growth_year": null,
            "roe": -2.88,
            "roe_4q": -14.48,
            "gross_profit": -13817,
            "gross_margin": -43.02,
            "gross_margin_4q_avg": -54.39,
            "net_income": -19852,
            "net_income_4q": null,
            "revenue": 32118,
            "revenue_4q": null,
            "common_shares": 794474,
            "book_valuer_per_share": 8.55,
            "book_valuer_per_share_4q_avg": 8.86,
            "equity": 679040,
            "current_ratio": 810.39,
            "debt_ratio": 4.4,
            "inventory_turnover_ratio": null,
            "account_receivable_turnover_ratio": 1.02,
            "reinvestment_rate": null,
            "research_to_sale_ratio": 2.21,
            "price_fair": 0.12,
            "eps_avg_yearly": 0.04,
            "eps_latest_yearly": 0.04,
            "eps_growth_yearly": -396.95
        },
        "20154": {
            "year_quarter": 20154,
            "year": 2015,
            "quarter": 4,
            "eps": -0.34,
            "eps_growth_year": null,
            "eps_4q": -0.98,
            "eps_4q_growth_year": null,
            "roe": -4,
            "roe_4q": -11.329999999999998,
            "gross_profit": -16849,
            "gross_margin": -45.82,
            "gross_margin_4q_avg": -40.06,
            "net_income": -26682,
            "net_income_4q": null,
            "revenue": 36776,
            "revenue_4q": null,
            "common_shares": 794474,
            "book_valuer_per_share": 8.23,
            "book_valuer_per_share_4q_avg": 8.64,
            "equity": 653661,
            "current_ratio": 493.92,
            "debt_ratio": 7.16,
            "inventory_turnover_ratio": null,
            "account_receivable_turnover_ratio": 1.14,
            "reinvestment_rate": null,
            "research_to_sale_ratio": 1.37,
            "price_fair": 0.12,
            "eps_avg_yearly": 0.04,
            "eps_latest_yearly": 0.04,
            "eps_growth_yearly": -396.95
        },
        "20161": {
            "year_quarter": 20161,
            "year": 2016,
            "quarter": 1,
            "eps": 0.01,
            "eps_growth_year": null,
            "eps_4q": -0.88,
            "eps_4q_growth_year": null,
            "roe": 0.07,
            "roe_4q": -10.13,
            "gross_profit": -5438,
            "gross_margin": -15.24,
            "gross_margin_4q_avg": -39.83,
            "net_income": 446,
            "net_income_4q": null,
            "revenue": 35691,
            "revenue_4q": null,
            "common_shares": 794474,
            "book_valuer_per_share": 8.09,
            "book_valuer_per_share_4q_avg": 8.42,
            "equity": 643037,
            "current_ratio": 693.57,
            "debt_ratio": 4.53,
            "inventory_turnover_ratio": null,
            "account_receivable_turnover_ratio": 1.07,
            "reinvestment_rate": null,
            "research_to_sale_ratio": 1.45,
            "price_fair": 0.12,
            "eps_avg_yearly": 0.04,
            "eps_latest_yearly": 0.04,
            "eps_growth_yearly": -396.95
        },
        "20162": {
            "year_quarter": 20162,
            "year": 2016,
            "quarter": 2,
            "eps": -0.23,
            "eps_growth_year": null,
            "eps_4q": -0.81,
            "eps_4q_growth_year": null,
            "roe": -2.86,
            "roe_4q": -9.67,
            "gross_profit": -11557,
            "gross_margin": -31.2,
            "gross_margin_4q_avg": -33.82,
            "net_income": -18137,
            "net_income_4q": null,
            "revenue": 37041,
            "revenue_4q": null,
            "common_shares": 794474,
            "book_valuer_per_share": 7.87,
            "book_valuer_per_share_4q_avg": 8.19,
            "equity": 624900,
            "current_ratio": 688.6,
            "debt_ratio": 4.8,
            "inventory_turnover_ratio": null,
            "account_receivable_turnover_ratio": 1.19,
            "reinvestment_rate": null,
            "research_to_sale_ratio": 1.48,
            "price_fair": 0,
            "eps_avg_yearly": 0,
            "eps_latest_yearly": 0,
            "eps_growth_yearly": 0
        },
        "20163": {
            "year_quarter": 20163,
            "year": 2016,
            "quarter": 3,
            "eps": -0.21,
            "eps_growth_year": null,
            "eps_4q": -0.77,
            "eps_4q_growth_year": null,
            "roe": -2.71,
            "roe_4q": -9.5,
            "gross_profit": -10273,
            "gross_margin": -24.93,
            "gross_margin_4q_avg": -29.3,
            "net_income": -16708,
            "net_income_4q": null,
            "revenue": 41212,
            "revenue_4q": null,
            "common_shares": 794474,
            "book_valuer_per_share": 7.66,
            "book_valuer_per_share_4q_avg": 7.96,
            "equity": 608192,
            "current_ratio": 625.21,
            "debt_ratio": 5.05,
            "inventory_turnover_ratio": null,
            "account_receivable_turnover_ratio": 1.25,
            "reinvestment_rate": null,
            "research_to_sale_ratio": 1.32,
            "price_fair": 0,
            "eps_avg_yearly": 0,
            "eps_latest_yearly": 0,
            "eps_growth_yearly": 0
        },
        "20164": {
            "year_quarter": 20164,
            "year": 2016,
            "quarter": 4,
            "eps": -0.3,
            "eps_growth_year": null,
            "eps_4q": -0.74,
            "eps_4q_growth_year": null,
            "roe": -4.05,
            "roe_4q": -9.549999999999999,
            "gross_profit": -13028,
            "gross_margin": -28.97,
            "gross_margin_4q_avg": -25.09,
            "net_income": -24143,
            "net_income_4q": null,
            "revenue": 44964,
            "revenue_4q": null,
            "common_shares": 794474,
            "book_valuer_per_share": 7.34,
            "book_valuer_per_share_4q_avg": 7.74,
            "equity": 583427,
            "current_ratio": 287.08,
            "debt_ratio": 10.27,
            "inventory_turnover_ratio": null,
            "account_receivable_turnover_ratio": 1.16,
            "reinvestment_rate": null,
            "research_to_sale_ratio": 1.93,
            "price_fair": 0,
            "eps_avg_yearly": 0,
            "eps_latest_yearly": 0,
            "eps_growth_yearly": 0
        },
        "20171": {
            "year_quarter": 20171,
            "year": 2017,
            "quarter": 1,
            "eps": -0.15,
            "eps_growth_year": -1600,
            "eps_4q": -0.9,
            "eps_4q_growth_year": null,
            "roe": -2.11,
            "roe_4q": -11.73,
            "gross_profit": -4605,
            "gross_margin": -9.96,
            "gross_margin_4q_avg": -23.77,
            "net_income": -12207,
            "net_income_4q": null,
            "revenue": 46251,
            "revenue_4q": null,
            "common_shares": 794474,
            "book_valuer_per_share": 7.19,
            "book_valuer_per_share_4q_avg": 7.52,
            "equity": 571220,
            "current_ratio": 295.12,
            "debt_ratio": 8.32,
            "inventory_turnover_ratio": null,
            "account_receivable_turnover_ratio": 1.15,
            "reinvestment_rate": null,
            "research_to_sale_ratio": 1.26,
            "price_fair": 0,
            "eps_avg_yearly": 0,
            "eps_latest_yearly": 0,
            "eps_growth_yearly": 0
        },
        "20172": {
            "year_quarter": 20172,
            "year": 2017,
            "quarter": 2,
            "eps": -0.03,
            "eps_growth_year": null,
            "eps_4q": -0.69,
            "eps_4q_growth_year": null,
            "roe": -0.31,
            "roe_4q": -9.18,
            "gross_profit": 5829,
            "gross_margin": 9.93,
            "gross_margin_4q_avg": -13.48,
            "net_income": -1741,
            "net_income_4q": null,
            "revenue": 58685,
            "revenue_4q": null,
            "common_shares": 794474,
            "book_valuer_per_share": 7.17,
            "book_valuer_per_share_4q_avg": 7.34,
            "equity": 569479,
            "current_ratio": 298.31,
            "debt_ratio": 7.79,
            "inventory_turnover_ratio": null,
            "account_receivable_turnover_ratio": 1.32,
            "reinvestment_rate": null,
            "research_to_sale_ratio": 0.9,
            "price_fair": 0,
            "eps_avg_yearly": 0,
            "eps_latest_yearly": 0,
            "eps_growth_yearly": 0
        },
        "20173": {
            "year_quarter": 20173,
            "year": 2017,
            "quarter": 3,
            "eps": -0.14,
            "eps_growth_year": null,
            "eps_4q": -0.62,
            "eps_4q_growth_year": null,
            "roe": -1.98,
            "roe_4q": -8.45,
            "gross_profit": -2113,
            "gross_margin": -4.07,
            "gross_margin_4q_avg": -8.27,
            "net_income": -11168,
            "net_income_4q": null,
            "revenue": 51960,
            "revenue_4q": null,
            "common_shares": 794474,
            "book_valuer_per_share": 7.03,
            "book_valuer_per_share_4q_avg": 7.18,
            "equity": 558311,
            "current_ratio": 296.16,
            "debt_ratio": 7.31,
            "inventory_turnover_ratio": null,
            "account_receivable_turnover_ratio": 1.06,
            "reinvestment_rate": null,
            "research_to_sale_ratio": 1.09,
            "price_fair": 0,
            "eps_avg_yearly": 0,
            "eps_latest_yearly": 0,
            "eps_growth_yearly": 0
        },
        "20174": {
            "year_quarter": 20174,
            "year": 2017,
            "quarter": 4,
            "eps": -0.18,
            "eps_growth_year": null,
            "eps_4q": -0.49,
            "eps_4q_growth_year": null,
            "roe": -2.56,
            "roe_4q": -6.959999999999999,
            "gross_profit": -4549,
            "gross_margin": -8.83,
            "gross_margin_4q_avg": -3.23,
            "net_income": -14090,
            "net_income_4q": null,
            "revenue": 51519,
            "revenue_4q": null,
            "common_shares": 794474,
            "book_valuer_per_share": 6.85,
            "book_valuer_per_share_4q_avg": 7.06,
            "equity": 544221,
            "current_ratio": 364.2,
            "debt_ratio": 8.46,
            "inventory_turnover_ratio": null,
            "account_receivable_turnover_ratio": 1.04,
            "reinvestment_rate": null,
            "research_to_sale_ratio": 1.44,
            "price_fair": 0,
            "eps_avg_yearly": 0,
            "eps_latest_yearly": 0,
            "eps_growth_yearly": 0
        },
        "20181": {
            "year_quarter": 20181,
            "year": 2018,
            "quarter": 1,
            "eps": -0.12,
            "eps_growth_year": null,
            "eps_4q": -0.46,
            "eps_4q_growth_year": null,
            "roe": -1.77,
            "roe_4q": -6.62,
            "gross_profit": -1120,
            "gross_margin": -2.34,
            "gross_margin_4q_avg": -1.33,
            "net_income": -9561,
            "net_income_4q": null,
            "revenue": 47796,
            "revenue_4q": null,
            "common_shares": 794474,
            "book_valuer_per_share": 6.73,
            "book_valuer_per_share_4q_avg": 6.95,
            "equity": 534660,
            "current_ratio": 423.18,
            "debt_ratio": 8.23,
            "inventory_turnover_ratio": null,
            "account_receivable_turnover_ratio": 0.99,
            "reinvestment_rate": null,
            "research_to_sale_ratio": 0.97,
            "price_fair": 0,
            "eps_avg_yearly": 0,
            "eps_latest_yearly": 0,
            "eps_growth_yearly": 0
        },
        "20182": {
            "year_quarter": 20182,
            "year": 2018,
            "quarter": 2,
            "eps": -0.09,
            "eps_growth_year": null,
            "eps_4q": -0.53,
            "eps_4q_growth_year": null,
            "roe": -1.41,
            "roe_4q": -7.720000000000001,
            "gross_profit": -2001,
            "gross_margin": -3.98,
            "gross_margin_4q_avg": -4.81,
            "net_income": -7495,
            "net_income_4q": null,
            "revenue": 50258,
            "revenue_4q": null,
            "common_shares": 794474,
            "book_valuer_per_share": 6.64,
            "book_valuer_per_share_4q_avg": 6.81,
            "equity": 527165,
            "current_ratio": 417.52,
            "debt_ratio": 8.26,
            "inventory_turnover_ratio": null,
            "account_receivable_turnover_ratio": 1.07,
            "reinvestment_rate": null,
            "research_to_sale_ratio": 1.34,
            "price_fair": 0,
            "eps_avg_yearly": 0,
            "eps_latest_yearly": 0,
            "eps_growth_yearly": 0
        },
        "20183": {
            "year_quarter": 20183,
            "year": 2018,
            "quarter": 3,
            "eps": -0.2,
            "eps_growth_year": null,
            "eps_4q": -0.59,
            "eps_4q_growth_year": null,
            "roe": -3.01,
            "roe_4q": -8.75,
            "gross_profit": -6995,
            "gross_margin": -13.94,
            "gross_margin_4q_avg": -7.27,
            "net_income": -15646,
            "net_income_4q": null,
            "revenue": 50194,
            "revenue_4q": null,
            "common_shares": 794474,
            "book_valuer_per_share": 6.44,
            "book_valuer_per_share_4q_avg": 6.67,
            "equity": 511519,
            "current_ratio": 456.47,
            "debt_ratio": 7.29,
            "inventory_turnover_ratio": null,
            "account_receivable_turnover_ratio": 0.98,
            "reinvestment_rate": null,
            "research_to_sale_ratio": 1.12,
            "price_fair": 0,
            "eps_avg_yearly": 0,
            "eps_latest_yearly": 0,
            "eps_growth_yearly": 0
        },
        "20184": {
            "year_quarter": 20184,
            "year": 2018,
            "quarter": 4,
            "eps": -0.27,
            "eps_growth_year": null,
            "eps_4q": -0.69,
            "eps_4q_growth_year": null,
            "roe": -4.38,
            "roe_4q": -10.569999999999999,
            "gross_profit": -11057,
            "gross_margin": -24.98,
            "gross_margin_4q_avg": -11.31,
            "net_income": -21832,
            "net_income_4q": null,
            "revenue": 44261,
            "revenue_4q": null,
            "common_shares": 794474,
            "book_valuer_per_share": 6.11,
            "book_valuer_per_share_4q_avg": 6.48,
            "equity": 485272,
            "current_ratio": 402.51,
            "debt_ratio": 7.81,
            "inventory_turnover_ratio": null,
            "account_receivable_turnover_ratio": 0.89,
            "reinvestment_rate": null,
            "research_to_sale_ratio": 1.09,
            "price_fair": 0,
            "eps_avg_yearly": 0,
            "eps_latest_yearly": 0,
            "eps_growth_yearly": 0
        },
        "20191": {
            "year_quarter": 20191,
            "year": 2019,
            "quarter": 1,
            "eps": -0.22,
            "eps_growth_year": null,
            "eps_4q": -0.78,
            "eps_4q_growth_year": null,
            "roe": -3.62,
            "roe_4q": -12.42,
            "gross_profit": -8953,
            "gross_margin": -20.89,
            "gross_margin_4q_avg": -15.95,
            "net_income": -17278,
            "net_income_4q": null,
            "revenue": 42857,
            "revenue_4q": null,
            "common_shares": 794474,
            "book_valuer_per_share": 5.89,
            "book_valuer_per_share_4q_avg": 6.27,
            "equity": 467994,
            "current_ratio": 239.11,
            "debt_ratio": 19.33,
            "inventory_turnover_ratio": 93.18,
            "account_receivable_turnover_ratio": 0.91,
            "reinvestment_rate": null,
            "research_to_sale_ratio": 1.13,
            "price_fair": 0,
            "eps_avg_yearly": 0,
            "eps_latest_yearly": 0,
            "eps_growth_yearly": 0
        },
        "20192": {
            "year_quarter": 20192,
            "year": 2019,
            "quarter": 2,
            "eps": -0.12,
            "eps_growth_year": null,
            "eps_4q": -0.81,
            "eps_4q_growth_year": null,
            "roe": -2.06,
            "roe_4q": -13.069999999999999,
            "gross_profit": -3562,
            "gross_margin": -6.97,
            "gross_margin_4q_avg": -16.7,
            "net_income": -9529,
            "net_income_4q": null,
            "revenue": 51136,
            "revenue_4q": null,
            "common_shares": 794474,
            "book_valuer_per_share": 5.77,
            "book_valuer_per_share_4q_avg": 6.05,
            "equity": 458465,
            "current_ratio": 232.92,
            "debt_ratio": 19.97,
            "inventory_turnover_ratio": 69.86,
            "account_receivable_turnover_ratio": 1.01,
            "reinvestment_rate": null,
            "research_to_sale_ratio": 0.54,
            "price_fair": 0,
            "eps_avg_yearly": 0,
            "eps_latest_yearly": 0,
            "eps_growth_yearly": 0
        },
        "20193": {
            "year_quarter": 20193,
            "year": 2019,
            "quarter": 3,
            "eps": -0.07,
            "eps_growth_year": null,
            "eps_4q": -0.68,
            "eps_4q_growth_year": null,
            "roe": -1.24,
            "roe_4q": -11.3,
            "gross_profit": -411,
            "gross_margin": -0.72,
            "gross_margin_4q_avg": -13.39,
            "net_income": -5667,
            "net_income_4q": null,
            "revenue": 57182,
            "revenue_4q": null,
            "common_shares": 794474,
            "book_valuer_per_share": 5.7,
            "book_valuer_per_share_4q_avg": 5.87,
            "equity": 452798,
            "current_ratio": 255.92,
            "debt_ratio": 18.88,
            "inventory_turnover_ratio": 57.02,
            "account_receivable_turnover_ratio": 1.03,
            "reinvestment_rate": null,
            "research_to_sale_ratio": 0.38,
            "price_fair": 0,
            "eps_avg_yearly": 0,
            "eps_latest_yearly": 0,
            "eps_growth_yearly": 0
        },
        "20194": {
            "year_quarter": 20194,
            "year": 2019,
            "quarter": 4,
            "eps": -0.07,
            "eps_growth_year": null,
            "eps_4q": -0.48,
            "eps_4q_growth_year": null,
            "roe": -1.24,
            "roe_4q": -8.16,
            "gross_profit": 789,
            "gross_margin": 1.31,
            "gross_margin_4q_avg": -6.82,
            "net_income": -5571,
            "net_income_4q": null,
            "revenue": 60178,
            "revenue_4q": null,
            "common_shares": 794474,
            "book_valuer_per_share": 5.63,
            "book_valuer_per_share_4q_avg": 5.75,
            "equity": 447227,
            "current_ratio": 259.93,
            "debt_ratio": 18.93,
            "inventory_turnover_ratio": 83.41,
            "account_receivable_turnover_ratio": 1.06,
            "reinvestment_rate": null,
            "research_to_sale_ratio": 0.47,
            "price_fair": 0,
            "eps_avg_yearly": 0,
            "eps_latest_yearly": 0,
            "eps_growth_yearly": 0
        },
        "20201": {
            "year_quarter": 20201,
            "year": 2020,
            "quarter": 1,
            "eps": 0.04,
            "eps_growth_year": null,
            "eps_4q": -0.22,
            "eps_4q_growth_year": null,
            "roe": 0.67,
            "roe_4q": -3.87,
            "gross_profit": 8508,
            "gross_margin": 12.92,
            "gross_margin_4q_avg": 1.64,
            "net_income": 3011,
            "net_income_4q": null,
            "revenue": 65827,
            "revenue_4q": null,
            "common_shares": 794474,
            "book_valuer_per_share": 5.67,
            "book_valuer_per_share_4q_avg": 5.69,
            "equity": 450238,
            "current_ratio": 243.35,
            "debt_ratio": 21.31,
            "inventory_turnover_ratio": 142.94,
            "account_receivable_turnover_ratio": 1.1,
            "reinvestment_rate": null,
            "research_to_sale_ratio": 0.34,
            "price_fair": 0,
            "eps_avg_yearly": 0,
            "eps_latest_yearly": 0,
            "eps_growth_yearly": 0
        },
        "20202": {
            "year_quarter": 20202,
            "year": 2020,
            "quarter": 2,
            "eps": 0.13,
            "eps_growth_year": null,
            "eps_4q": 0.03,
            "eps_4q_growth_year": null,
            "roe": 2.39,
            "roe_4q": 0.5800000000000001,
            "gross_profit": 18042,
            "gross_margin": 23.12,
            "gross_margin_4q_avg": 9.16,
            "net_income": 10883,
            "net_income_4q": null,
            "revenue": 78049,
            "revenue_4q": null,
            "common_shares": 794474,
            "book_valuer_per_share": 5.8,
            "book_valuer_per_share_4q_avg": 5.7,
            "equity": 461121,
            "current_ratio": 281.31,
            "debt_ratio": 20.23,
            "inventory_turnover_ratio": 178.59,
            "account_receivable_turnover_ratio": 1.16,
            "reinvestment_rate": null,
            "research_to_sale_ratio": 0.28,
            "price_fair": 18.2,
            "eps_avg_yearly": 0.52,
            "eps_latest_yearly": 0.52,
            "eps_growth_yearly": 900
        },
        "20203": {
            "year_quarter": 20203,
            "year": 2020,
            "quarter": 3,
            "eps": 0.17,
            "eps_growth_year": null,
            "eps_4q": 0.27,
            "eps_4q_growth_year": null,
            "roe": 2.78,
            "roe_4q": 4.6,
            "gross_profit": 21212,
            "gross_margin": 19.81,
            "gross_margin_4q_avg": 14.29,
            "net_income": 12995,
            "net_income_4q": null,
            "revenue": 107070,
            "revenue_4q": null,
            "common_shares": 794474,
            "book_valuer_per_share": 5.97,
            "book_valuer_per_share_4q_avg": 5.77,
            "equity": 474116,
            "current_ratio": 256.36,
            "debt_ratio": 21.13,
            "inventory_turnover_ratio": 309.96,
            "account_receivable_turnover_ratio": 1.32,
            "reinvestment_rate": null,
            "research_to_sale_ratio": 0.21,
            "price_fair": 21,
            "eps_avg_yearly": 0.6,
            "eps_latest_yearly": 0.68,
            "eps_growth_yearly": 511.54
        },
        "20204": {
            "year_quarter": 20204,
            "year": 2020,
            "quarter": 4,
            "eps": 0.19,
            "eps_growth_year": null,
            "eps_4q": 0.53,
            "eps_4q_growth_year": null,
            "roe": 3.16,
            "roe_4q": 9,
            "gross_profit": 24157,
            "gross_margin": 23.96,
            "gross_margin_4q_avg": 19.95,
            "net_income": 15206,
            "net_income_4q": null,
            "revenue": 100820,
            "revenue_4q": null,
            "common_shares": 794474,
            "book_valuer_per_share": 6.16,
            "book_valuer_per_share_4q_avg": 5.9,
            "equity": 489322,
            "current_ratio": 204.07,
            "debt_ratio": 23.9,
            "inventory_turnover_ratio": 439.33,
            "account_receivable_turnover_ratio": 1.06,
            "reinvestment_rate": null,
            "research_to_sale_ratio": 0.19,
            "price_fair": 22.87,
            "eps_avg_yearly": 0.65,
            "eps_latest_yearly": 0.76,
            "eps_growth_yearly": 356.71
        },
        "20211": {
            "year_quarter": 20211,
            "year": 2021,
            "quarter": 1,
            "eps": 0.27,
            "eps_growth_year": 575,
            "eps_4q": 0.76,
            "eps_4q_growth_year": null,
            "roe": 4.25,
            "roe_4q": 12.58,
            "gross_profit": 28605,
            "gross_margin": 28.29,
            "gross_margin_4q_avg": 23.8,
            "net_income": 21259,
            "net_income_4q": null,
            "revenue": 101104,
            "revenue_4q": null,
            "common_shares": 794474,
            "book_valuer_per_share": 6.43,
            "book_valuer_per_share_4q_avg": 6.09,
            "equity": 510581,
            "current_ratio": 249.08,
            "debt_ratio": 20.89,
            "inventory_turnover_ratio": 638.76,
            "account_receivable_turnover_ratio": 0.97,
            "reinvestment_rate": null,
            "research_to_sale_ratio": 0.07,
            "price_fair": 26.6,
            "eps_avg_yearly": 0.76,
            "eps_latest_yearly": 1.08,
            "eps_growth_yearly": 309.64
        },
        "20212": {
            "year_quarter": 20212,
            "year": 2021,
            "quarter": 2,
            "eps": 0.17,
            "eps_growth_year": 30.77,
            "eps_4q": 0.8,
            "eps_4q_growth_year": 2287.12,
            "roe": 2.69,
            "roe_4q": 12.879999999999999,
            "gross_profit": 23512,
            "gross_margin": 24.36,
            "gross_margin_4q_avg": 24.11,
            "net_income": 13942,
            "net_income_4q": null,
            "revenue": 96504,
            "revenue_4q": null,
            "common_shares": 794474,
            "book_valuer_per_share": 6.6,
            "book_valuer_per_share_4q_avg": 6.29,
            "equity": 524523,
            "current_ratio": 258.63,
            "debt_ratio": 22.36,
            "inventory_turnover_ratio": 413.55,
            "account_receivable_turnover_ratio": 0.88,
            "reinvestment_rate": null,
            "research_to_sale_ratio": 0,
            "price_fair": 26.04,
            "eps_avg_yearly": 0.74,
            "eps_latest_yearly": 0.68,
            "eps_growth_yearly": 218.08
        },
        "20213": {
            "year_quarter": 20213,
            "year": 2021,
            "quarter": 3,
            "eps": 0.2,
            "eps_growth_year": 17.65,
            "eps_4q": 0.84,
            "eps_4q_growth_year": 211.99,
            "roe": 3.02,
            "roe_4q": 13.120000000000001,
            "gross_profit": 25117,
            "gross_margin": 26.17,
            "gross_margin_4q_avg": 25.7,
            "net_income": 16102,
            "net_income_4q": null,
            "revenue": 95971,
            "revenue_4q": null,
            "common_shares": 794474,
            "book_valuer_per_share": 6.8,
            "book_valuer_per_share_4q_avg": 6.5,
            "equity": 540625,
            "current_ratio": 308.56,
            "debt_ratio": 21.47,
            "inventory_turnover_ratio": 369.03,
            "account_receivable_turnover_ratio": 0.87,
            "reinvestment_rate": null,
            "research_to_sale_ratio": 0,
            "price_fair": 26.37,
            "eps_avg_yearly": 0.75,
            "eps_latest_yearly": 0.8,
            "eps_growth_yearly": 193.5
        },
        "20214": {
            "year_quarter": 20214,
            "year": 2021,
            "quarter": 4,
            "eps": 0.12,
            "eps_growth_year": -39.39,
            "eps_4q": 0.76,
            "eps_4q_growth_year": 43.77,
            "roe": 1.69,
            "roe_4q": 11.65,
            "gross_profit": 18395,
            "gross_margin": 20.05,
            "gross_margin_4q_avg": 24.72,
            "net_income": 9216,
            "net_income_4q": null,
            "revenue": 91737,
            "revenue_4q": null,
            "common_shares": 794474,
            "book_valuer_per_share": 6.92,
            "book_valuer_per_share_4q_avg": 6.69,
            "equity": 549841,
            "current_ratio": 296.16,
            "debt_ratio": 21.73,
            "inventory_turnover_ratio": 328.89,
            "account_receivable_turnover_ratio": 0.82,
            "reinvestment_rate": -1290.81,
            "research_to_sale_ratio": 0,
            "price_fair": 25,
            "eps_avg_yearly": 0.71,
            "eps_latest_yearly": 0.48,
            "eps_growth_yearly": 143
        },
        "20221": {
            "year_quarter": 20221,
            "year": 2022,
            "quarter": 1,
            "eps": 0.03,
            "eps_growth_year": -88.89,
            "eps_4q": 0.53,
            "eps_4q_growth_year": -30.65,
            "roe": 0.47,
            "roe_4q": 7.869999999999999,
            "gross_profit": 10062,
            "gross_margin": 12.63,
            "gross_margin_4q_avg": 20.8,
            "net_income": 2587,
            "net_income_4q": null,
            "revenue": 79680,
            "revenue_4q": null,
            "common_shares": 794474,
            "book_valuer_per_share": 6.89,
            "book_valuer_per_share_4q_avg": 6.8,
            "equity": 547248,
            "current_ratio": 331.31,
            "debt_ratio": 19.74,
            "inventory_turnover_ratio": 288.27,
            "account_receivable_turnover_ratio": 0.75,
            "reinvestment_rate": -344.86,
            "research_to_sale_ratio": 0.76,
            "price_fair": 22.4,
            "eps_avg_yearly": 0.64,
            "eps_latest_yearly": 0.12,
            "eps_growth_yearly": 87.62
        },
        "20222": {
            "year_quarter": 20222,
            "year": 2022,
            "quarter": 2,
            "eps": 0.09,
            "eps_growth_year": -47.06,
            "eps_4q": 0.44,
            "eps_4q_growth_year": -45.39,
            "roe": 1.23,
            "roe_4q": 6.41,
            "gross_profit": 13023,
            "gross_margin": 17.59,
            "gross_margin_4q_avg": 19.11,
            "net_income": 6720,
            "net_income_4q": null,
            "revenue": 74025,
            "revenue_4q": null,
            "common_shares": 794474,
            "book_valuer_per_share": 6.89,
            "book_valuer_per_share_4q_avg": 6.88,
            "equity": 547674,
            "current_ratio": 375.91,
            "debt_ratio": 18.79,
            "inventory_turnover_ratio": 331.53,
            "account_receivable_turnover_ratio": 0.78,
            "reinvestment_rate": -379.81,
            "research_to_sale_ratio": 0.87,
            "price_fair": 21.31,
            "eps_avg_yearly": 0.61,
            "eps_latest_yearly": 0.36,
            "eps_growth_yearly": 166.78
        },
        "20223": {
            "year_quarter": 20223,
            "year": 2022,
            "quarter": 3,
            "eps": -0.06,
            "eps_growth_year": -130,
            "eps_4q": 0.18,
            "eps_4q_growth_year": -78.52,
            "roe": -0.78,
            "roe_4q": 2.61,
            "gross_profit": 1459,
            "gross_margin": 2.24,
            "gross_margin_4q_avg": 13.13,
            "net_income": -4240,
            "net_income_4q": null,
            "revenue": 65191,
            "revenue_4q": null,
            "common_shares": 794474,
            "book_valuer_per_share": 6.74,
            "book_valuer_per_share_4q_avg": 6.86,
            "equity": 535523,
            "current_ratio": 447.12,
            "debt_ratio": 17.36,
            "inventory_turnover_ratio": 398.32,
            "account_receivable_turnover_ratio": 0.73,
            "reinvestment_rate": -156.63,
            "research_to_sale_ratio": 0.93,
            "price_fair": 21.31,
            "eps_avg_yearly": 0.61,
            "eps_latest_yearly": 0.36,
            "eps_growth_yearly": 166.78
        },
        "20224": {
            "year_quarter": 20224,
            "year": 2022,
            "quarter": 4,
            "eps": -0.29,
            "eps_growth_year": -351.64,
            "eps_4q": -0.23,
            "eps_4q_growth_year": -129.95,
            "roe": -4.43,
            "roe_4q": -3.51,
            "gross_profit": -12286,
            "gross_margin": -25.33,
            "gross_margin_4q_avg": 1.78,
            "net_income": -23191,
            "net_income_4q": null,
            "revenue": 48501,
            "revenue_4q": null,
            "common_shares": 794474,
            "book_valuer_per_share": 6.45,
            "book_valuer_per_share_4q_avg": 6.74,
            "equity": 512332,
            "current_ratio": 404.11,
            "debt_ratio": 18.66,
            "inventory_turnover_ratio": 60.73,
            "account_receivable_turnover_ratio": 0.62,
            "reinvestment_rate": -133.89,
            "research_to_sale_ratio": 1.25,
            "price_fair": 21.31,
            "eps_avg_yearly": 0.61,
            "eps_latest_yearly": 0.36,
            "eps_growth_yearly": 166.78
        },
        "20231": {
            "year_quarter": 20231,
            "year": 2023,
            "quarter": 1,
            "eps": -0.18,
            "eps_growth_year": -700,
            "eps_4q": -0.44,
            "eps_4q_growth_year": -184.02,
            "roe": -2.89,
            "roe_4q": -6.869999999999999,
            "gross_profit": -4824,
            "gross_margin": -9.01,
            "gross_margin_4q_avg": -3.63,
            "net_income": -14450,
            "net_income_4q": null,
            "revenue": 53560,
            "revenue_4q": null,
            "common_shares": 794474,
            "book_valuer_per_share": 6.13,
            "book_valuer_per_share_4q_avg": 6.55,
            "equity": 487252,
            "current_ratio": 445.52,
            "debt_ratio": 17.59,
            "inventory_turnover_ratio": 34.41,
            "account_receivable_turnover_ratio": 0.76,
            "reinvestment_rate": -77.39,
            "research_to_sale_ratio": 1.14,
            "price_fair": 21.31,
            "eps_avg_yearly": 0.61,
            "eps_latest_yearly": 0.36,
            "eps_growth_yearly": 166.78
        },
        "20232": {
            "year_quarter": 20232,
            "year": 2023,
            "quarter": 2,
            "eps": -0.02,
            "eps_growth_year": -122.22,
            "eps_4q": -0.55,
            "eps_4q_growth_year": -225.33,
            "roe": -0.31,
            "roe_4q": -8.41,
            "gross_profit": 6317,
            "gross_margin": 9.45,
            "gross_margin_4q_avg": -5.66,
            "net_income": -1514,
            "net_income_4q": null,
            "revenue": 66827,
            "revenue_4q": null,
            "common_shares": 794474,
            "book_valuer_per_share": 6.11,
            "book_valuer_per_share_4q_avg": 6.36,
            "equity": 485738,
            "current_ratio": 396.4,
            "debt_ratio": 18.6,
            "inventory_turnover_ratio": 38.75,
            "account_receivable_turnover_ratio": 0.89,
            "reinvestment_rate": -60.22,
            "research_to_sale_ratio": 0.91,
            "price_fair": 21.31,
            "eps_avg_yearly": 0.61,
            "eps_latest_yearly": 0.36,
            "eps_growth_yearly": 166.78
        },
        "20233": {
            "year_quarter": 20233,
            "year": 2023,
            "quarter": 3,
            "eps": 0.06,
            "eps_growth_year": null,
            "eps_4q": -0.43,
            "eps_4q_growth_year": -340.97,
            "roe": 0.97,
            "roe_4q": -6.66,
            "gross_profit": 11888,
            "gross_margin": 15.15,
            "gross_margin_4q_avg": -2.44,
            "net_income": 4737,
            "net_income_4q": null,
            "revenue": 78486,
            "revenue_4q": null,
            "common_shares": 794474,
            "book_valuer_per_share": 6.13,
            "book_valuer_per_share_4q_avg": 6.21,
            "equity": 486975,
            "current_ratio": 430.52,
            "debt_ratio": 17.97,
            "inventory_turnover_ratio": 41.82,
            "account_receivable_turnover_ratio": 0.89,
            "reinvestment_rate": -54.99,
            "research_to_sale_ratio": 0.81,
            "price_fair": 21.31,
            "eps_avg_yearly": 0.61,
            "eps_latest_yearly": 0.36,
            "eps_growth_yearly": 166.78
        }
    },
    "months": {
        "2001-06": {
            "month": "2001-06",
            "price": "8.00",
            "revenue": 51291
        },
        "2001-07": {
            "month": "2001-07",
            "price": "5.80",
            "revenue": 69121
        },
        "2001-08": {
            "month": "2001-08",
            "price": "5.72",
            "revenue": 81258
        },
        "2001-09": {
            "month": "2001-09",
            "price": "4.53",
            "revenue": 74545
        },
        "2001-10": {
            "month": "2001-10",
            "price": "3.15",
            "revenue": 76221
        },
        "2001-11": {
            "month": "2001-11",
            "price": "3.62",
            "revenue": 78419
        },
        "2001-12": {
            "month": "2001-12",
            "price": "5.16",
            "revenue": 97549
        },
        "2002-01": {
            "month": "2002-01",
            "price": "6.14",
            "revenue": 115184
        },
        "2002-02": {
            "month": "2002-02",
            "price": "6.20",
            "revenue": 100006
        },
        "2002-03": {
            "month": "2002-03",
            "price": "8.74",
            "revenue": 63949
        },
        "2002-04": {
            "month": "2002-04",
            "price": "9.23",
            "revenue": 51292
        },
        "2002-05": {
            "month": "2002-05",
            "price": "4.90",
            "revenue": 30233
        },
        "2002-06": {
            "month": "2002-06",
            "price": "4.05",
            "revenue": 48029
        },
        "2002-07": {
            "month": "2002-07",
            "price": "4.22",
            "revenue": 46983
        },
        "2002-08": {
            "month": "2002-08",
            "price": "3.35",
            "revenue": 63704
        },
        "2002-09": {
            "month": "2002-09",
            "price": "2.47",
            "revenue": 45628
        },
        "2002-10": {
            "month": "2002-10",
            "price": "2.40",
            "revenue": 60597
        },
        "2002-11": {
            "month": "2002-11",
            "price": "2.72",
            "revenue": 68840
        },
        "2002-12": {
            "month": "2002-12",
            "price": "7.20",
            "revenue": 38327
        },
        "2003-01": {
            "month": "2003-01",
            "price": "6.58",
            "revenue": 74964
        },
        "2003-02": {
            "month": "2003-02",
            "price": "6.46",
            "revenue": 62710
        },
        "2003-03": {
            "month": "2003-03",
            "price": "5.38",
            "revenue": 71727
        },
        "2003-04": {
            "month": "2003-04",
            "price": "5.75",
            "revenue": 52866
        },
        "2003-05": {
            "month": "2003-05",
            "price": "4.86",
            "revenue": 40975
        },
        "2003-06": {
            "month": "2003-06",
            "price": "5.76",
            "revenue": 70861
        },
        "2003-07": {
            "month": "2003-07",
            "price": "6.15",
            "revenue": 77903
        },
        "2003-08": {
            "month": "2003-08",
            "price": "5.52",
            "revenue": 68453
        },
        "2003-09": {
            "month": "2003-09",
            "price": "4.90",
            "revenue": 91649
        },
        "2003-10": {
            "month": "2003-10",
            "price": "8.85",
            "revenue": 98327
        },
        "2003-11": {
            "month": "2003-11",
            "price": "8.98",
            "revenue": 106783
        },
        "2003-12": {
            "month": "2003-12",
            "price": "8.65",
            "revenue": 119469
        },
        "2004-01": {
            "month": "2004-01",
            "price": "11.31",
            "revenue": 102539
        },
        "2004-02": {
            "month": "2004-02",
            "price": "11.44",
            "revenue": 91223
        },
        "2004-03": {
            "month": "2004-03",
            "price": "11.22",
            "revenue": 110167
        },
        "2004-04": {
            "month": "2004-04",
            "price": "12.67",
            "revenue": 105629
        },
        "2004-05": {
            "month": "2004-05",
            "price": "8.63",
            "revenue": 110745
        },
        "2004-06": {
            "month": "2004-06",
            "price": "7.34",
            "revenue": 90366
        },
        "2004-07": {
            "month": "2004-07",
            "price": "5.59",
            "revenue": 136263
        },
        "2004-08": {
            "month": "2004-08",
            "price": "4.30",
            "revenue": 130686
        },
        "2004-09": {
            "month": "2004-09",
            "price": "3.43",
            "revenue": 74568
        },
        "2004-10": {
            "month": "2004-10",
            "price": "3.29",
            "revenue": 47247
        },
        "2004-11": {
            "month": "2004-11",
            "price": "3.20",
            "revenue": 68237
        },
        "2004-12": {
            "month": "2004-12",
            "price": "3.08",
            "revenue": 48501
        },
        "2005-01": {
            "month": "2005-01",
            "price": "2.93",
            "revenue": 49943
        },
        "2005-02": {
            "month": "2005-02",
            "price": "2.98",
            "revenue": 35406
        },
        "2005-03": {
            "month": "2005-03",
            "price": "2.75",
            "revenue": 47215
        },
        "2005-04": {
            "month": "2005-04",
            "price": "2.46",
            "revenue": 35696
        },
        "2005-05": {
            "month": "2005-05",
            "price": "2.12",
            "revenue": 24249
        },
        "2005-06": {
            "month": "2005-06",
            "price": "2.13",
            "revenue": 32649
        },
        "2005-07": {
            "month": "2005-07",
            "price": "2.22",
            "revenue": 28787
        },
        "2005-08": {
            "month": "2005-08",
            "price": "1.66",
            "revenue": 18591
        },
        "2005-09": {
            "month": "2005-09",
            "price": "1.43",
            "revenue": 20015
        },
        "2005-10": {
            "month": "2005-10",
            "price": "1.18",
            "revenue": 22622
        },
        "2005-11": {
            "month": "2005-11",
            "price": "0.92",
            "revenue": 30372
        },
        "2005-12": {
            "month": "2005-12",
            "price": "1.13",
            "revenue": 23617
        },
        "2006-01": {
            "month": "2006-01",
            "price": "1.97",
            "revenue": 34949
        },
        "2006-02": {
            "month": "2006-02",
            "price": "2.05",
            "revenue": 40410
        },
        "2006-03": {
            "month": "2006-03",
            "price": "1.92",
            "revenue": 37711
        },
        "2006-04": {
            "month": "2006-04",
            "price": "2.84",
            "revenue": 41829
        },
        "2006-05": {
            "month": "2006-05",
            "price": "5.52",
            "revenue": 38408
        },
        "2006-06": {
            "month": "2006-06",
            "price": "5.22",
            "revenue": 33065
        },
        "2006-07": {
            "month": "2006-07",
            "price": "4.40",
            "revenue": 23872
        },
        "2006-08": {
            "month": "2006-08",
            "price": "3.85",
            "revenue": 15775
        },
        "2006-09": {
            "month": "2006-09",
            "price": "3.99",
            "revenue": 17108
        },
        "2006-10": {
            "month": "2006-10",
            "price": "4.59",
            "revenue": 15357
        },
        "2006-11": {
            "month": "2006-11",
            "price": "3.99",
            "revenue": 12597
        },
        "2006-12": {
            "month": "2006-12",
            "price": "5.43",
            "revenue": 15091
        },
        "2007-01": {
            "month": "2007-01",
            "price": "10.38",
            "revenue": 17782
        },
        "2007-02": {
            "month": "2007-02",
            "price": "7.43",
            "revenue": 20568
        },
        "2007-03": {
            "month": "2007-03",
            "price": "7.21",
            "revenue": 27276
        },
        "2007-04": {
            "month": "2007-04",
            "price": "7.72",
            "revenue": 24480
        },
        "2007-05": {
            "month": "2007-05",
            "price": "8.22",
            "revenue": 32175
        },
        "2007-06": {
            "month": "2007-06",
            "price": "9.20",
            "revenue": 25194
        },
        "2007-07": {
            "month": "2007-07",
            "price": "8.76",
            "revenue": 25196
        },
        "2007-08": {
            "month": "2007-08",
            "price": "7.91",
            "revenue": 14817
        },
        "2007-09": {
            "month": "2007-09",
            "price": "7.94",
            "revenue": 28950
        },
        "2007-10": {
            "month": "2007-10",
            "price": "8.12",
            "revenue": 25639
        },
        "2007-11": {
            "month": "2007-11",
            "price": "9.05",
            "revenue": 13159
        },
        "2007-12": {
            "month": "2007-12",
            "price": "13.54",
            "revenue": 8432
        },
        "2008-01": {
            "month": "2008-01",
            "price": "12.31",
            "revenue": 15544
        },
        "2008-02": {
            "month": "2008-02",
            "price": "10.00",
            "revenue": 15955
        },
        "2008-03": {
            "month": "2008-03",
            "price": "12.32",
            "revenue": 23046
        },
        "2008-04": {
            "month": "2008-04",
            "price": "12.77",
            "revenue": 26877
        },
        "2008-05": {
            "month": "2008-05",
            "price": "18.56",
            "revenue": 25905
        },
        "2008-06": {
            "month": "2008-06",
            "price": "18.16",
            "revenue": 24092
        },
        "2008-07": {
            "month": "2008-07",
            "price": "17.44",
            "revenue": 23529
        },
        "2008-08": {
            "month": "2008-08",
            "price": "16.51",
            "revenue": 18929
        },
        "2008-09": {
            "month": "2008-09",
            "price": "12.71",
            "revenue": 21511
        },
        "2008-10": {
            "month": "2008-10",
            "price": "10.36",
            "revenue": 23238
        },
        "2008-11": {
            "month": "2008-11",
            "price": "9.84",
            "revenue": 14367
        },
        "2008-12": {
            "month": "2008-12",
            "price": "9.62",
            "revenue": 19512
        },
        "2009-01": {
            "month": "2009-01",
            "price": "9.86",
            "revenue": 21079
        },
        "2009-02": {
            "month": "2009-02",
            "price": "12.55",
            "revenue": 17022
        },
        "2009-03": {
            "month": "2009-03",
            "price": "14.64",
            "revenue": 23955
        },
        "2009-04": {
            "month": "2009-04",
            "price": "19.10",
            "revenue": 23855
        },
        "2009-05": {
            "month": "2009-05",
            "price": "18.74",
            "revenue": 22586
        },
        "2009-06": {
            "month": "2009-06",
            "price": "17.06",
            "revenue": 31677
        },
        "2009-07": {
            "month": "2009-07",
            "price": "18.76",
            "revenue": 22508
        },
        "2009-08": {
            "month": "2009-08",
            "price": "18.14",
            "revenue": 18835
        },
        "2009-09": {
            "month": "2009-09",
            "price": "19.76",
            "revenue": 10545
        },
        "2009-10": {
            "month": "2009-10",
            "price": "18.45",
            "revenue": 16887
        },
        "2009-11": {
            "month": "2009-11",
            "price": "17.32",
            "revenue": 16806
        },
        "2009-12": {
            "month": "2009-12",
            "price": "18.86",
            "revenue": 15954
        },
        "2010-01": {
            "month": "2010-01",
            "price": "21.70",
            "revenue": 19164
        },
        "2010-02": {
            "month": "2010-02",
            "price": "18.12",
            "revenue": 14872
        },
        "2010-03": {
            "month": "2010-03",
            "price": "19.75",
            "revenue": 20398
        },
        "2010-04": {
            "month": "2010-04",
            "price": "21.42",
            "revenue": 19961
        },
        "2010-05": {
            "month": "2010-05",
            "price": "20.61",
            "revenue": 18847
        },
        "2010-06": {
            "month": "2010-06",
            "price": "19.66",
            "revenue": 16068
        },
        "2010-07": {
            "month": "2010-07",
            "price": "19.38",
            "revenue": 20992
        },
        "2010-08": {
            "month": "2010-08",
            "price": "19.82",
            "revenue": 28581
        },
        "2010-09": {
            "month": "2010-09",
            "price": "18.33",
            "revenue": 21921
        },
        "2010-10": {
            "month": "2010-10",
            "price": "17.72",
            "revenue": 26397
        },
        "2010-11": {
            "month": "2010-11",
            "price": "16.88",
            "revenue": 22192
        },
        "2010-12": {
            "month": "2010-12",
            "price": "17.67",
            "revenue": 18626
        },
        "2011-01": {
            "month": "2011-01",
            "price": "17.06",
            "revenue": 21990
        },
        "2011-02": {
            "month": "2011-02",
            "price": "16.80",
            "revenue": 20193
        },
        "2011-03": {
            "month": "2011-03",
            "price": "17.54",
            "revenue": 20799
        },
        "2011-04": {
            "month": "2011-04",
            "price": "17.62",
            "revenue": 20214
        },
        "2011-05": {
            "month": "2011-05",
            "price": "17.15",
            "revenue": 22427
        },
        "2011-06": {
            "month": "2011-06",
            "price": "17.12",
            "revenue": 26335
        },
        "2011-07": {
            "month": "2011-07",
            "price": "16.75",
            "revenue": 24853
        },
        "2011-08": {
            "month": "2011-08",
            "price": "15.13",
            "revenue": 14549
        },
        "2011-09": {
            "month": "2011-09",
            "price": "13.88",
            "revenue": 9156
        },
        "2011-10": {
            "month": "2011-10",
            "price": "12.72",
            "revenue": 14950
        },
        "2011-11": {
            "month": "2011-11",
            "price": "11.32",
            "revenue": 12388
        },
        "2011-12": {
            "month": "2011-12",
            "price": "8.94",
            "revenue": 13530
        },
        "2012-01": {
            "month": "2012-01",
            "price": "8.94",
            "revenue": 15132
        },
        "2012-02": {
            "month": "2012-02",
            "price": "12.46",
            "revenue": 14176
        },
        "2012-03": {
            "month": "2012-03",
            "price": "12.62",
            "revenue": 16534
        },
        "2012-04": {
            "month": "2012-04",
            "price": "11.22",
            "revenue": 16703
        },
        "2012-05": {
            "month": "2012-05",
            "price": "14.06",
            "revenue": 16656
        },
        "2012-06": {
            "month": "2012-06",
            "price": "12.22",
            "revenue": 17652
        },
        "2012-07": {
            "month": "2012-07",
            "price": "14.64",
            "revenue": 17922
        },
        "2012-08": {
            "month": "2012-08",
            "price": "14.05",
            "revenue": 16945
        },
        "2012-09": {
            "month": "2012-09",
            "price": "13.30",
            "revenue": 16973
        },
        "2012-10": {
            "month": "2012-10",
            "price": "12.02",
            "revenue": 11196
        },
        "2012-11": {
            "month": "2012-11",
            "price": "11.76",
            "revenue": 11308
        },
        "2012-12": {
            "month": "2012-12",
            "price": "11.60",
            "revenue": 11740
        },
        "2013-01": {
            "month": "2013-01",
            "price": "11.47",
            "revenue": 13446
        },
        "2013-02": {
            "month": "2013-02",
            "price": "11.62",
            "revenue": 10668
        },
        "2013-03": {
            "month": "2013-03",
            "price": "11.74",
            "revenue": 9062
        },
        "2013-04": {
            "month": "2013-04",
            "price": "11.92",
            "revenue": 13545
        },
        "2013-05": {
            "month": "2013-05",
            "price": "13.72",
            "revenue": 14342
        },
        "2013-06": {
            "month": "2013-06",
            "price": "12.07",
            "revenue": 12517
        },
        "2013-07": {
            "month": "2013-07",
            "price": "12.20",
            "revenue": 12183
        },
        "2013-08": {
            "month": "2013-08",
            "price": "11.37",
            "revenue": 12848
        },
        "2013-09": {
            "month": "2013-09",
            "price": "9.93",
            "revenue": 13843
        },
        "2013-10": {
            "month": "2013-10",
            "price": "9.58",
            "revenue": 14357
        },
        "2013-11": {
            "month": "2013-11",
            "price": "9.18",
            "revenue": 13552
        },
        "2013-12": {
            "month": "2013-12",
            "price": "9.42",
            "revenue": 13640
        },
        "2014-01": {
            "month": "2014-01",
            "price": "10.44",
            "revenue": 12956
        },
        "2014-02": {
            "month": "2014-02",
            "price": "10.38",
            "revenue": 10904
        },
        "2014-03": {
            "month": "2014-03",
            "price": "11.63",
            "revenue": 10912
        },
        "2014-04": {
            "month": "2014-04",
            "price": "10.54",
            "revenue": 13148
        },
        "2014-05": {
            "month": "2014-05",
            "price": "9.84",
            "revenue": 12537
        },
        "2014-06": {
            "month": "2014-06",
            "price": "9.88",
            "revenue": 12718
        },
        "2014-07": {
            "month": "2014-07",
            "price": "9.93",
            "revenue": 14063
        },
        "2014-08": {
            "month": "2014-08",
            "price": "9.56",
            "revenue": 12011
        },
        "2014-09": {
            "month": "2014-09",
            "price": "9.78",
            "revenue": 10575
        },
        "2014-10": {
            "month": "2014-10",
            "price": "8.75",
            "revenue": 10724
        },
        "2014-11": {
            "month": "2014-11",
            "price": "7.74",
            "revenue": 10813
        },
        "2014-12": {
            "month": "2014-12",
            "price": "7.65",
            "revenue": 10507
        },
        "2015-01": {
            "month": "2015-01",
            "price": "8.12",
            "revenue": 10831
        },
        "2015-02": {
            "month": "2015-02",
            "price": "8.21",
            "revenue": 9077
        },
        "2015-03": {
            "month": "2015-03",
            "price": "8.85",
            "revenue": 12344
        },
        "2015-04": {
            "month": "2015-04",
            "price": "8.94",
            "revenue": 9074
        },
        "2015-05": {
            "month": "2015-05",
            "price": "8.36",
            "revenue": 10494
        },
        "2015-06": {
            "month": "2015-06",
            "price": "6.87",
            "revenue": 11747
        },
        "2015-07": {
            "month": "2015-07",
            "price": "6.09",
            "revenue": 10118
        },
        "2015-08": {
            "month": "2015-08",
            "price": "5.55",
            "revenue": 12213
        },
        "2015-09": {
            "month": "2015-09",
            "price": "5.20",
            "revenue": 9788
        },
        "2015-10": {
            "month": "2015-10",
            "price": "6.32",
            "revenue": 10517
        },
        "2015-11": {
            "month": "2015-11",
            "price": "6.08",
            "revenue": 12686
        },
        "2015-12": {
            "month": "2015-12",
            "price": "5.93",
            "revenue": 13573
        },
        "2016-01": {
            "month": "2016-01",
            "price": "5.70",
            "revenue": 11548
        },
        "2016-02": {
            "month": "2016-02",
            "price": "5.68",
            "revenue": 10622
        },
        "2016-03": {
            "month": "2016-03",
            "price": "5.69",
            "revenue": 13521
        },
        "2016-04": {
            "month": "2016-04",
            "price": "5.48",
            "revenue": 11373
        },
        "2016-05": {
            "month": "2016-05",
            "price": "5.28",
            "revenue": 12842
        },
        "2016-06": {
            "month": "2016-06",
            "price": "5.47",
            "revenue": 12826
        },
        "2016-07": {
            "month": "2016-07",
            "price": "5.63",
            "revenue": 12718
        },
        "2016-08": {
            "month": "2016-08",
            "price": "5.77",
            "revenue": 14560
        },
        "2016-09": {
            "month": "2016-09",
            "price": "5.59",
            "revenue": 13934
        },
        "2016-10": {
            "month": "2016-10",
            "price": "5.54",
            "revenue": 14096
        },
        "2016-11": {
            "month": "2016-11",
            "price": "5.56",
            "revenue": 14989
        },
        "2016-12": {
            "month": "2016-12",
            "price": "5.65",
            "revenue": 15879
        },
        "2017-01": {
            "month": "2017-01",
            "price": "5.65",
            "revenue": 14128
        },
        "2017-02": {
            "month": "2017-02",
            "price": "6.65",
            "revenue": 14586
        },
        "2017-03": {
            "month": "2017-03",
            "price": "7.99",
            "revenue": 17537
        },
        "2017-04": {
            "month": "2017-04",
            "price": "7.42",
            "revenue": 18049
        },
        "2017-05": {
            "month": "2017-05",
            "price": "7.53",
            "revenue": 20520
        },
        "2017-06": {
            "month": "2017-06",
            "price": "7.85",
            "revenue": 20116
        },
        "2017-07": {
            "month": "2017-07",
            "price": "7.69",
            "revenue": 17281
        },
        "2017-08": {
            "month": "2017-08",
            "price": "6.71",
            "revenue": 17820
        },
        "2017-09": {
            "month": "2017-09",
            "price": "7.04",
            "revenue": 16860
        },
        "2017-10": {
            "month": "2017-10",
            "price": "6.92",
            "revenue": 17764
        },
        "2017-11": {
            "month": "2017-11",
            "price": "6.61",
            "revenue": 19155
        },
        "2017-12": {
            "month": "2017-12",
            "price": "6.65",
            "revenue": 14600
        },
        "2018-01": {
            "month": "2018-01",
            "price": "6.54",
            "revenue": 18034
        },
        "2018-02": {
            "month": "2018-02",
            "price": "6.52",
            "revenue": 12928
        },
        "2018-03": {
            "month": "2018-03",
            "price": "8.50",
            "revenue": 16836
        },
        "2018-04": {
            "month": "2018-04",
            "price": "9.38",
            "revenue": 18305
        },
        "2018-05": {
            "month": "2018-05",
            "price": "9.46",
            "revenue": 16599
        },
        "2018-06": {
            "month": "2018-06",
            "price": "9.95",
            "revenue": 15352
        },
        "2018-07": {
            "month": "2018-07",
            "price": "10.05",
            "revenue": 17378
        },
        "2018-08": {
            "month": "2018-08",
            "price": "9.05",
            "revenue": 17438
        },
        "2018-09": {
            "month": "2018-09",
            "price": "7.45",
            "revenue": 15378
        },
        "2018-10": {
            "month": "2018-10",
            "price": "6.23",
            "revenue": 16565
        },
        "2018-11": {
            "month": "2018-11",
            "price": "6.74",
            "revenue": 14234
        },
        "2018-12": {
            "month": "2018-12",
            "price": "6.66",
            "revenue": 13462
        },
        "2019-01": {
            "month": "2019-01",
            "price": "6.65",
            "revenue": 15434
        },
        "2019-02": {
            "month": "2019-02",
            "price": "6.68",
            "revenue": 12652
        },
        "2019-03": {
            "month": "2019-03",
            "price": "6.93",
            "revenue": 14771
        },
        "2019-04": {
            "month": "2019-04",
            "price": "6.91",
            "revenue": 15606
        },
        "2019-05": {
            "month": "2019-05",
            "price": "6.69",
            "revenue": 15809
        },
        "2019-06": {
            "month": "2019-06",
            "price": "6.65",
            "revenue": 19721
        },
        "2019-07": {
            "month": "2019-07",
            "price": "6.30",
            "revenue": 21468
        },
        "2019-08": {
            "month": "2019-08",
            "price": "6.36",
            "revenue": 17402
        },
        "2019-09": {
            "month": "2019-09",
            "price": "6.33",
            "revenue": 18312
        },
        "2019-10": {
            "month": "2019-10",
            "price": "6.16",
            "revenue": 19030
        },
        "2019-11": {
            "month": "2019-11",
            "price": "6.12",
            "revenue": 18758
        },
        "2019-12": {
            "month": "2019-12",
            "price": "6.17",
            "revenue": 22390
        },
        "2020-01": {
            "month": "2020-01",
            "price": "7.19",
            "revenue": 21441
        },
        "2020-02": {
            "month": "2020-02",
            "price": "7.24",
            "revenue": 19766
        },
        "2020-03": {
            "month": "2020-03",
            "price": "7.28",
            "revenue": 24620
        },
        "2020-04": {
            "month": "2020-04",
            "price": "8.74",
            "revenue": 24962
        },
        "2020-05": {
            "month": "2020-05",
            "price": "9.98",
            "revenue": 25401
        },
        "2020-06": {
            "month": "2020-06",
            "price": "10.73",
            "revenue": 27686
        },
        "2020-07": {
            "month": "2020-07",
            "price": "15.37",
            "revenue": 27889
        },
        "2020-08": {
            "month": "2020-08",
            "price": "15.08",
            "revenue": 52047
        },
        "2020-09": {
            "month": "2020-09",
            "price": "15.67",
            "revenue": 27134
        },
        "2020-10": {
            "month": "2020-10",
            "price": "14.38",
            "revenue": 39411
        },
        "2020-11": {
            "month": "2020-11",
            "price": "14.87",
            "revenue": 32708
        },
        "2020-12": {
            "month": "2020-12",
            "price": "14.76",
            "revenue": 28701
        },
        "2021-01": {
            "month": "2021-01",
            "price": "13.52",
            "revenue": 34786
        },
        "2021-02": {
            "month": "2021-02",
            "price": "13.58",
            "revenue": 30666
        },
        "2021-03": {
            "month": "2021-03",
            "price": "14.24",
            "revenue": 35652
        },
        "2021-04": {
            "month": "2021-04",
            "price": "18.90",
            "revenue": 32120
        },
        "2021-05": {
            "month": "2021-05",
            "price": "14.51",
            "revenue": 33388
        },
        "2021-06": {
            "month": "2021-06",
            "price": "15.20",
            "revenue": 30996
        },
        "2021-07": {
            "month": "2021-07",
            "price": "19.39",
            "revenue": 32526
        },
        "2021-08": {
            "month": "2021-08",
            "price": "17.76",
            "revenue": 31724
        },
        "2021-09": {
            "month": "2021-09",
            "price": "16.15",
            "revenue": 31721
        },
        "2021-10": {
            "month": "2021-10",
            "price": "15.16",
            "revenue": 31550
        },
        "2021-11": {
            "month": "2021-11",
            "price": "23.88",
            "revenue": 30741
        },
        "2021-12": {
            "month": "2021-12",
            "price": "32.85",
            "revenue": 29446
        },
        "2022-01": {
            "month": "2022-01",
            "price": "29.45",
            "revenue": 29864
        },
        "2022-02": {
            "month": "2022-02",
            "price": "25.94",
            "revenue": 21332
        },
        "2022-03": {
            "month": "2022-03",
            "price": "23.85",
            "revenue": 28484
        },
        "2022-04": {
            "month": "2022-04",
            "price": "21.71",
            "revenue": 23538
        },
        "2022-05": {
            "month": "2022-05",
            "price": "18.96",
            "revenue": 24488
        },
        "2022-06": {
            "month": "2022-06",
            "price": "19.03",
            "revenue": 25999
        },
        "2022-07": {
            "month": "2022-07",
            "price": "24.11",
            "revenue": 25575
        },
        "2022-08": {
            "month": "2022-08",
            "price": "22.83",
            "revenue": 21560
        },
        "2022-09": {
            "month": "2022-09",
            "price": "19.60",
            "revenue": 18056
        },
        "2022-10": {
            "month": "2022-10",
            "price": "14.71",
            "revenue": 15141
        },
        "2022-11": {
            "month": "2022-11",
            "price": "16.98",
            "revenue": 17597
        },
        "2022-12": {
            "month": "2022-12",
            "price": "19.16",
            "revenue": 15762
        },
        "2023-01": {
            "month": "2023-01",
            "price": "17.31",
            "revenue": 17022
        },
        "2023-02": {
            "month": "2023-02",
            "price": "18.83",
            "revenue": 15557
        },
        "2023-03": {
            "month": "2023-03",
            "price": "18.02",
            "revenue": 20981
        },
        "2023-04": {
            "month": "2023-04",
            "price": "17.05",
            "revenue": 20988
        },
        "2023-05": {
            "month": "2023-05",
            "price": "16.06",
            "revenue": 23125
        },
        "2023-06": {
            "month": "2023-06",
            "price": "16.42",
            "revenue": 22714
        },
        "2023-07": {
            "month": "2023-07",
            "price": "16.47",
            "revenue": 24696
        },
        "2023-08": {
            "month": "2023-08",
            "price": "16.76",
            "revenue": 27779
        },
        "2023-09": {
            "month": "2023-09",
            "price": "17.85",
            "revenue": 26011
        },
        "2023-10": {
            "month": "2023-10",
            "price": "18.42",
            "revenue": 31607
        },
        "2023-11": {
            "month": "2023-11",
            "price": "19.89",
            "revenue": 37389
        }
    }
}
