{
    "summary": {
        "stock_name": "天揚",
        "stock_id": "5345",
        "category": "其他",
        "main_business": "方案設計開發<br>-<br>-",
        "website_url": "https://www.teamyoung.com/zh-tw",
        "ceo": "王鏑程",
        "pe_ratio": -8,
        "report_year_from": 2001,
        "report_year_to": 2023,
        "age": 23,
        "eps_negative_percentage": 83,
        "eps_growth_avg": {
            "last_all": -21.25,
            "last_2y": null,
            "last_4y": null,
            "last_8y": -42.5,
            "last_12y": 5,
            "last_16y": 5,
            "last_20y": -21.25,
            "at_2006_last_3y": -100,
            "at_2007_last_3y": -100,
            "at_2008_last_3y": -100,
            "at_2009_last_3y": null,
            "at_2010_last_3y": null,
            "at_2011_last_3y": null,
            "at_2012_last_3y": null,
            "at_2013_last_3y": null,
            "at_2014_last_3y": 100,
            "at_2015_last_3y": 57.5,
            "at_2016_last_3y": 5,
            "at_2017_last_3y": 5,
            "at_2018_last_3y": -42.5,
            "at_2019_last_3y": -100,
            "at_2020_last_3y": null,
            "at_2021_last_3y": null,
            "at_2022_last_3y": null,
            "at_2023_last_3y": null,
            "at_2024_last_3y": null,
            "at_2006_last_all": -100,
            "at_2007_last_all": -100,
            "at_2008_last_all": -100,
            "at_2009_last_all": -100,
            "at_2010_last_all": -100,
            "at_2011_last_all": -100,
            "at_2012_last_all": -100,
            "at_2013_last_all": -100,
            "at_2014_last_all": 0,
            "at_2015_last_all": 5,
            "at_2016_last_all": -21.25,
            "at_2017_last_all": -21.25,
            "at_2018_last_all": -21.25,
            "at_2019_last_all": -21.25,
            "at_2020_last_all": -21.25,
            "at_2021_last_all": -21.25,
            "at_2022_last_all": -21.25,
            "at_2023_last_all": -21.25,
            "at_2024_last_all": -21.25
        },
        "latest_eps": -1.51,
        "latest_price": 12,
        "latest_roe": -41.03,
        "latest_gross_margin": -70.98,
        "latest_equity": 78949,
        "latest_revenue": 1706,
        "latest_gross_profit": -1211,
        "latest_net_income": -12330,
        "latest_debt_ratio": 21.33,
        "latest_current_ratio": 498.19,
        "latest_account_receivable_turnover_ratio": 2.84,
        "latest_inventory_turnover_ratio": 0.06,
        "latest_reinvestment_rate": null,
        "latest_research_to_sale_ratio": 180.6
    },
    "eps_dividends": {
        "1999": {
            "cash": 0,
            "stock": 0.7,
            "eps": 0
        },
        "2000": {
            "cash": 0,
            "stock": 2.2,
            "eps": 0
        },
        "2001": {
            "cash": 0,
            "stock": 0,
            "eps": -0.81
        },
        "2002": {
            "cash": 0,
            "stock": 0,
            "eps": -6.24
        },
        "2003": {
            "cash": 0,
            "stock": 0,
            "eps": -3.35
        },
        "2004": {
            "cash": 0,
            "stock": 0,
            "eps": 0.1
        },
        "2005": {
            "cash": 0,
            "stock": 0,
            "eps": -0.04
        },
        "2006": {
            "cash": 0,
            "stock": 0,
            "eps": -2.47
        },
        "2007": {
            "cash": 0,
            "stock": 0,
            "eps": -2.96
        },
        "2008": {
            "cash": 0,
            "stock": 0,
            "eps": -6
        },
        "2009": {
            "cash": 0,
            "stock": 0,
            "eps": -4.53
        },
        "2010": {
            "cash": 0,
            "stock": 0,
            "eps": -1.99
        },
        "2011": {
            "cash": 0,
            "stock": 0,
            "eps": -2.28
        },
        "2012": {
            "cash": 0,
            "stock": 0,
            "eps": -0.13
        },
        "2013": {
            "cash": 0,
            "stock": 0,
            "eps": 0.06
        },
        "2014": {
            "cash": 0,
            "stock": 0,
            "eps": 2
        },
        "2015": {
            "cash": 0,
            "stock": 0,
            "eps": 2.3
        },
        "2016": {
            "cash": 0.3,
            "stock": 0,
            "eps": -1.29
        },
        "2017": {
            "cash": 0,
            "stock": 0,
            "eps": -1.37
        },
        "2018": {
            "cash": 0,
            "stock": 0,
            "eps": -1.56
        },
        "2019": {
            "cash": 0,
            "stock": 0,
            "eps": -4.17
        },
        "2020": {
            "cash": 0,
            "stock": 0,
            "eps": -3.3
        },
        "2021": {
            "cash": 0,
            "stock": 0,
            "eps": -0.36
        },
        "2022": {
            "cash": 0,
            "stock": 0,
            "eps": -1.22
        },
        "2023": {
            "cash": 0,
            "stock": 0,
            "eps": -1.03
        }
    },
    "dividends": {
        "1999-06-29": {
            "cash": 0,
            "stock": 0.7
        },
        "2000-05-05": {
            "cash": 0,
            "stock": 2.2
        },
        "2016-08-04": {
            "cash": 0.3,
            "stock": 0
        }
    },
    "prices": {
        "200101": "21.19",
        "200102": "29.61",
        "200103": "27.76",
        "200104": "28.10",
        "200105": "20.33",
        "200106": "19.18",
        "200107": "15.49",
        "200108": "17.27",
        "200109": "14.06",
        "200110": "11.23",
        "200111": "15.63",
        "200112": "19.90",
        "200201": "23.15",
        "200202": "21.91",
        "200203": "27.71",
        "200204": "28.07",
        "200205": "20.11",
        "200206": "16.81",
        "200207": "13.26",
        "200208": "12.64",
        "200209": "12.35",
        "200210": "10.97",
        "200211": "8.95",
        "200212": "8.24",
        "200301": "7.91",
        "200302": "7.35",
        "200303": "6.76",
        "200304": "5.66",
        "200305": "4.08",
        "200306": "6.72",
        "200307": "7.98",
        "200308": "6.49",
        "200309": "5.54",
        "200310": "5.88",
        "200311": "6.82",
        "200312": "6.67",
        "200401": "7.51",
        "200402": "9.02",
        "200403": "10.71",
        "200404": "13.06",
        "200405": "10.97",
        "200406": "8.74",
        "200407": "7.19",
        "200408": "6.42",
        "200409": "5.60",
        "200410": "5.08",
        "200411": "4.54",
        "200412": "4.09",
        "200501": "4.51",
        "200502": "5.12",
        "200503": "5.77",
        "200504": "5.42",
        "200505": "5.16",
        "200506": "6.78",
        "200507": "7.82",
        "200508": "6.77",
        "200509": "5.91",
        "200510": "5.56",
        "200511": "5.70",
        "200512": "6.16",
        "200601": "6.83",
        "200602": "5.94",
        "200603": "5.56",
        "200604": "5.66",
        "200605": "5.06",
        "200606": "4.05",
        "200607": "3.76",
        "200608": "3.82",
        "200609": "3.01",
        "200610": "3.20",
        "200611": "3.56",
        "200612": "4.64",
        "200701": "4.24",
        "200702": "3.48",
        "200703": "3.71",
        "200704": "4.12",
        "200705": "3.58",
        "200706": "3.87",
        "200707": "6.12",
        "200708": "5.73",
        "200709": "5.09",
        "200710": "16.32",
        "200711": "11.64",
        "200712": "9.80",
        "200801": "8.24",
        "200802": "8.06",
        "200803": "9.27",
        "200804": "8.93",
        "200805": "10.58",
        "200806": "11.84",
        "200807": "8.84",
        "200808": "7.80",
        "200809": "4.99",
        "200810": "4.27",
        "200811": "3.02",
        "200812": "2.88",
        "200901": "3.25",
        "200902": "3.22",
        "200903": "4.26",
        "200904": "5.18",
        "200905": "4.60",
        "200906": "4.66",
        "200907": "4.84",
        "200908": "5.37",
        "200909": "5.91",
        "200910": "6.64",
        "200911": "6.74",
        "200912": "9.31",
        "201001": "16.58",
        "201002": "16.16",
        "201003": "16.75",
        "201004": "18.97",
        "201005": "17.56",
        "201006": "15.25",
        "201007": "15.48",
        "201008": "15.47",
        "201009": "12.83",
        "201010": "9.96",
        "201011": "9.18",
        "201012": "10.55",
        "201101": "10.54",
        "201102": "9.61",
        "201103": "8.79",
        "201104": "8.87",
        "201105": "7.81",
        "201106": "7.33",
        "201107": "6.37",
        "201108": "4.86",
        "201109": "4.31",
        "201110": "4.24",
        "201111": "3.93",
        "201112": "3.21",
        "201201": "3.71",
        "201202": "4.60",
        "201203": "4.36",
        "201204": "4.04",
        "201205": "4.19",
        "201206": "3.83",
        "201207": "3.94",
        "201208": "4.31",
        "201209": "4.58",
        "201210": "4.24",
        "201211": "4.02",
        "201212": "4.01",
        "201301": "5.47",
        "201302": "7.12",
        "201303": "6.28",
        "201304": "6.60",
        "201305": "6.87",
        "201306": "6.84",
        "201307": "6.69",
        "201308": "6.40",
        "201309": "6.13",
        "201310": "6.13",
        "201311": "6.02",
        "201312": "6.10",
        "201401": "7.07",
        "201402": "7.07",
        "201403": "9.34",
        "201404": "9.81",
        "201405": "8.35",
        "201406": "8.86",
        "201407": "9.37",
        "201408": "9.57",
        "201409": "8.94",
        "201410": "7.68",
        "201411": "7.04",
        "201412": "8.47",
        "201501": "11.70",
        "201502": "12.43",
        "201503": "11.73",
        "201504": "11.27",
        "201505": "11.15",
        "201506": "10.02",
        "201507": "10.25",
        "201508": "9.86",
        "201509": "9.81",
        "201510": "9.75",
        "201511": "10.07",
        "201512": "10.07",
        "201601": "9.53",
        "201602": "9.64",
        "201603": "10.17",
        "201604": "10.63",
        "201605": "9.25",
        "201606": "8.69",
        "201607": "9.02",
        "201608": "8.97",
        "201609": "8.82",
        "201610": "8.55",
        "201611": "8.27",
        "201612": "8.21",
        "201701": "8.07",
        "201702": "8.40",
        "201703": "8.66",
        "201704": "8.24",
        "201705": "8.05",
        "201706": "8.17",
        "201707": "8.27",
        "201708": "7.73",
        "201709": "7.77",
        "201710": "8.01",
        "201711": "7.64",
        "201712": "7.67",
        "201801": "7.69",
        "201802": "7.49",
        "201803": "7.67",
        "201804": "7.53",
        "201805": "7.53",
        "201806": "11.72",
        "201807": "10.43",
        "201808": "9.99",
        "201809": "10.14",
        "201810": "8.76",
        "201811": "7.89",
        "201812": "7.79",
        "201901": "7.31",
        "201902": "7.39",
        "201903": "7.17",
        "201904": "5.93",
        "201905": "5.68",
        "201906": "5.67",
        "201907": "5.37",
        "201908": "4.92",
        "201909": "3.94",
        "201910": "6.78",
        "201911": "5.45",
        "201912": "5.40",
        "202001": "5.96",
        "202002": "5.74",
        "202003": "4.95",
        "202004": "4.70",
        "202005": "5.25",
        "202006": "8.55",
        "202007": "11.39",
        "202008": "10.08",
        "202009": "9.78",
        "202010": "9.66",
        "202011": "9.07",
        "202012": "8.49",
        "202101": "7.42",
        "202102": "6.70",
        "202103": "7.37",
        "202104": "7.61",
        "202105": "6.95",
        "202106": "6.25",
        "202107": "6.41",
        "202108": "6.03",
        "202109": "5.80",
        "202110": "5.69",
        "202111": "5.73",
        "202112": "5.50",
        "202201": "6.19",
        "202202": "6.05",
        "202203": "5.58",
        "202204": "5.23",
        "202205": "5.32",
        "202206": "5.79",
        "202207": "5.79",
        "202208": "5.88",
        "202209": "6.04",
        "202210": "5.85",
        "202211": "6.00",
        "202212": "6.11",
        "202301": "6.94",
        "202302": "6.36",
        "202303": "5.84",
        "202304": "5.28",
        "202305": "4.98",
        "202306": "5.12",
        "202307": "5.20",
        "202308": "4.94",
        "202309": "7.35",
        "202310": "13.44",
        "202311": "12.96",
        "202312": "12.84",
        "202401": "10.72",
        "202402": "10.32",
        "202403": "11.70",
        "202404": "無"
    },
    "quarters": {
        "20011": {
            "year_quarter": 20011,
            "year": 2001,
            "quarter": 1,
            "eps": -1.05,
            "eps_growth_year": -163.25,
            "eps_4q": 0.61,
            "eps_4q_growth_year": -81.23,
            "roe": -4.96,
            "roe_4q": -4.96,
            "gross_profit": -60707,
            "gross_margin": -26.32,
            "gross_margin_4q_avg": -26.32,
            "net_income": -113072,
            "net_income_4q": null,
            "revenue": 230649,
            "revenue_4q": null,
            "common_shares": 1077702,
            "book_valuer_per_share": 20.6,
            "book_valuer_per_share_4q_avg": 20.6,
            "equity": 2220212,
            "current_ratio": 131.41,
            "debt_ratio": 46.52,
            "inventory_turnover_ratio": 0.29,
            "account_receivable_turnover_ratio": null,
            "reinvestment_rate": null,
            "research_to_sale_ratio": null,
            "price_fair": 0,
            "eps_avg_yearly": 0,
            "eps_latest_yearly": 0,
            "eps_growth_yearly": 0
        },
        "20012": {
            "year_quarter": 20012,
            "year": 2001,
            "quarter": 2,
            "eps": -1.07,
            "eps_growth_year": -198.17,
            "eps_4q": -1.44,
            "eps_4q_growth_year": -142.36,
            "roe": -6.2,
            "roe_4q": -11.16,
            "gross_profit": -105474,
            "gross_margin": -42.43,
            "gross_margin_4q_avg": -34.38,
            "net_income": -133482,
            "net_income_4q": null,
            "revenue": 248571,
            "revenue_4q": null,
            "common_shares": 1250637,
            "book_valuer_per_share": 16.7,
            "book_valuer_per_share_4q_avg": 18.65,
            "equity": 2089038,
            "current_ratio": 123.3,
            "debt_ratio": 49.77,
            "inventory_turnover_ratio": 0.43,
            "account_receivable_turnover_ratio": null,
            "reinvestment_rate": null,
            "research_to_sale_ratio": null,
            "price_fair": 0,
            "eps_avg_yearly": 0,
            "eps_latest_yearly": 0,
            "eps_growth_yearly": 0
        },
        "20013": {
            "year_quarter": 20013,
            "year": 2001,
            "quarter": 3,
            "eps": 0.45,
            "eps_growth_year": -42.31,
            "eps_4q": -1.63,
            "eps_4q_growth_year": -144.4,
            "roe": 2.66,
            "roe_4q": -8.5,
            "gross_profit": -3254,
            "gross_margin": -0.99,
            "gross_margin_4q_avg": -23.25,
            "net_income": 56400,
            "net_income_4q": null,
            "revenue": 329073,
            "revenue_4q": null,
            "common_shares": 1250637,
            "book_valuer_per_share": 17.19,
            "book_valuer_per_share_4q_avg": 18.16,
            "equity": 2150401,
            "current_ratio": 123.76,
            "debt_ratio": 48.97,
            "inventory_turnover_ratio": 0.43,
            "account_receivable_turnover_ratio": null,
            "reinvestment_rate": null,
            "research_to_sale_ratio": null,
            "price_fair": 0,
            "eps_avg_yearly": 0,
            "eps_latest_yearly": 0,
            "eps_growth_yearly": 0
        },
        "20014": {
            "year_quarter": 20014,
            "year": 2001,
            "quarter": 4,
            "eps": 0.86,
            "eps_growth_year": null,
            "eps_4q": -0.63,
            "eps_4q_growth_year": -121.63,
            "roe": 4.8,
            "roe_4q": -3.7,
            "gross_profit": 72754,
            "gross_margin": 20.77,
            "gross_margin_4q_avg": -12.24,
            "net_income": 109646,
            "net_income_4q": null,
            "revenue": 350337,
            "revenue_4q": null,
            "common_shares": 1400637,
            "book_valuer_per_share": 17.27,
            "book_valuer_per_share_4q_avg": 17.94,
            "equity": 2418515,
            "current_ratio": 150.43,
            "debt_ratio": 43.76,
            "inventory_turnover_ratio": 0.31,
            "account_receivable_turnover_ratio": null,
            "reinvestment_rate": null,
            "research_to_sale_ratio": null,
            "price_fair": 0,
            "eps_avg_yearly": 0,
            "eps_latest_yearly": 0,
            "eps_growth_yearly": 0
        },
        "20021": {
            "year_quarter": 20021,
            "year": 2002,
            "quarter": 1,
            "eps": -0.32,
            "eps_growth_year": null,
            "eps_4q": -0.09,
            "eps_4q_growth_year": -114.13,
            "roe": -1.86,
            "roe_4q": -0.6000000000000005,
            "gross_profit": 48992,
            "gross_margin": 15.23,
            "gross_margin_4q_avg": -1.86,
            "net_income": -44524,
            "net_income_4q": null,
            "revenue": 321783,
            "revenue_4q": null,
            "common_shares": 1400637,
            "book_valuer_per_share": 16.95,
            "book_valuer_per_share_4q_avg": 17.03,
            "equity": 2374248,
            "current_ratio": 134.29,
            "debt_ratio": 45.81,
            "inventory_turnover_ratio": 0.3,
            "account_receivable_turnover_ratio": null,
            "reinvestment_rate": null,
            "research_to_sale_ratio": null,
            "price_fair": 0,
            "eps_avg_yearly": 0,
            "eps_latest_yearly": 0,
            "eps_growth_yearly": 0
        },
        "20022": {
            "year_quarter": 20022,
            "year": 2002,
            "quarter": 2,
            "eps": -0.12,
            "eps_growth_year": null,
            "eps_4q": 0.75,
            "eps_4q_growth_year": null,
            "roe": -0.7,
            "roe_4q": 4.9,
            "gross_profit": 71651,
            "gross_margin": 19.35,
            "gross_margin_4q_avg": 13.59,
            "net_income": -16538,
            "net_income_4q": null,
            "revenue": 370341,
            "revenue_4q": null,
            "common_shares": 1400637,
            "book_valuer_per_share": 16.68,
            "book_valuer_per_share_4q_avg": 17.02,
            "equity": 2336573,
            "current_ratio": 112.43,
            "debt_ratio": 48.83,
            "inventory_turnover_ratio": 0.38,
            "account_receivable_turnover_ratio": null,
            "reinvestment_rate": null,
            "research_to_sale_ratio": null,
            "price_fair": 0,
            "eps_avg_yearly": 0,
            "eps_latest_yearly": 0,
            "eps_growth_yearly": 0
        },
        "20023": {
            "year_quarter": 20023,
            "year": 2002,
            "quarter": 3,
            "eps": -2.56,
            "eps_growth_year": -668.89,
            "eps_4q": -2.21,
            "eps_4q_growth_year": null,
            "roe": -16.54,
            "roe_4q": -14.299999999999997,
            "gross_profit": 44197,
            "gross_margin": 11.73,
            "gross_margin_4q_avg": 16.77,
            "net_income": -358362,
            "net_income_4q": null,
            "revenue": 376921,
            "revenue_4q": null,
            "common_shares": 1400637,
            "book_valuer_per_share": 14.26,
            "book_valuer_per_share_4q_avg": 16.29,
            "equity": 1997817,
            "current_ratio": 204.64,
            "debt_ratio": 56.82,
            "inventory_turnover_ratio": 0.47,
            "account_receivable_turnover_ratio": null,
            "reinvestment_rate": null,
            "research_to_sale_ratio": null,
            "price_fair": 0,
            "eps_avg_yearly": 0,
            "eps_latest_yearly": 0,
            "eps_growth_yearly": 0
        },
        "20024": {
            "year_quarter": 20024,
            "year": 2002,
            "quarter": 4,
            "eps": -3.24,
            "eps_growth_year": -476.74,
            "eps_4q": -6.24,
            "eps_4q_growth_year": null,
            "roe": -25.67,
            "roe_4q": -44.77,
            "gross_profit": -33961,
            "gross_margin": -11.36,
            "gross_margin_4q_avg": 8.74,
            "net_income": -454456,
            "net_income_4q": null,
            "revenue": 298821,
            "revenue_4q": null,
            "common_shares": 1400637,
            "book_valuer_per_share": 11.02,
            "book_valuer_per_share_4q_avg": 14.73,
            "equity": 1543611,
            "current_ratio": 125.31,
            "debt_ratio": 57.82,
            "inventory_turnover_ratio": 0.59,
            "account_receivable_turnover_ratio": null,
            "reinvestment_rate": null,
            "research_to_sale_ratio": null,
            "price_fair": 0,
            "eps_avg_yearly": 0,
            "eps_latest_yearly": 0,
            "eps_growth_yearly": 0
        },
        "20031": {
            "year_quarter": 20031,
            "year": 2003,
            "quarter": 1,
            "eps": -0.99,
            "eps_growth_year": null,
            "eps_4q": -6.85,
            "eps_4q_growth_year": null,
            "roe": -9.42,
            "roe_4q": -52.330000000000005,
            "gross_profit": -82515,
            "gross_margin": -38.17,
            "gross_margin_4q_avg": -4.61,
            "net_income": -140092,
            "net_income_4q": null,
            "revenue": 216194,
            "revenue_4q": null,
            "common_shares": 1426502,
            "book_valuer_per_share": 10.03,
            "book_valuer_per_share_4q_avg": 13,
            "equity": 1430726,
            "current_ratio": 114.28,
            "debt_ratio": 57.86,
            "inventory_turnover_ratio": 0.61,
            "account_receivable_turnover_ratio": null,
            "reinvestment_rate": null,
            "research_to_sale_ratio": null,
            "price_fair": 0,
            "eps_avg_yearly": 0,
            "eps_latest_yearly": 0,
            "eps_growth_yearly": 0
        },
        "20032": {
            "year_quarter": 20032,
            "year": 2003,
            "quarter": 2,
            "eps": -1.02,
            "eps_growth_year": null,
            "eps_4q": -6.38,
            "eps_4q_growth_year": -951.25,
            "roe": -9.65,
            "roe_4q": -61.28,
            "gross_profit": -77561,
            "gross_margin": -37.01,
            "gross_margin_4q_avg": -18.7,
            "net_income": -145920,
            "net_income_4q": null,
            "revenue": 209546,
            "revenue_4q": null,
            "common_shares": 1722174,
            "book_valuer_per_share": 9.26,
            "book_valuer_per_share_4q_avg": 11.14,
            "equity": 1595074,
            "current_ratio": 98.11,
            "debt_ratio": 49.49,
            "inventory_turnover_ratio": 0.72,
            "account_receivable_turnover_ratio": null,
            "reinvestment_rate": null,
            "research_to_sale_ratio": null,
            "price_fair": 0,
            "eps_avg_yearly": 0,
            "eps_latest_yearly": 0,
            "eps_growth_yearly": 0
        },
        "20033": {
            "year_quarter": 20033,
            "year": 2003,
            "quarter": 3,
            "eps": -0.67,
            "eps_growth_year": null,
            "eps_4q": -4.57,
            "eps_4q_growth_year": null,
            "roe": -6.48,
            "roe_4q": -51.220000000000006,
            "gross_profit": -202828,
            "gross_margin": -87.6,
            "gross_margin_4q_avg": -43.54,
            "net_income": -104403,
            "net_income_4q": null,
            "revenue": 231536,
            "revenue_4q": null,
            "common_shares": 1849962,
            "book_valuer_per_share": 8.78,
            "book_valuer_per_share_4q_avg": 9.77,
            "equity": 1625086,
            "current_ratio": 81.68,
            "debt_ratio": 45.4,
            "inventory_turnover_ratio": 1.8,
            "account_receivable_turnover_ratio": null,
            "reinvestment_rate": null,
            "research_to_sale_ratio": null,
            "price_fair": 0,
            "eps_avg_yearly": 0,
            "eps_latest_yearly": 0,
            "eps_growth_yearly": 0
        },
        "20034": {
            "year_quarter": 20034,
            "year": 2003,
            "quarter": 4,
            "eps": -0.67,
            "eps_growth_year": null,
            "eps_4q": -3.05,
            "eps_4q_growth_year": null,
            "roe": -6.99,
            "roe_4q": -32.54,
            "gross_profit": 13845,
            "gross_margin": 5.28,
            "gross_margin_4q_avg": -39.38,
            "net_income": -110943,
            "net_income_4q": null,
            "revenue": 262095,
            "revenue_4q": null,
            "common_shares": 1875924,
            "book_valuer_per_share": 8.27,
            "book_valuer_per_share_4q_avg": 9.09,
            "equity": 1550975,
            "current_ratio": 77.49,
            "debt_ratio": 45.32,
            "inventory_turnover_ratio": 1.55,
            "account_receivable_turnover_ratio": null,
            "reinvestment_rate": null,
            "research_to_sale_ratio": null,
            "price_fair": 0,
            "eps_avg_yearly": 0,
            "eps_latest_yearly": 0,
            "eps_growth_yearly": 0
        },
        "20041": {
            "year_quarter": 20041,
            "year": 2004,
            "quarter": 1,
            "eps": 0.18,
            "eps_growth_year": null,
            "eps_4q": -1.74,
            "eps_4q_growth_year": null,
            "roe": 2.06,
            "roe_4q": -21.060000000000002,
            "gross_profit": 17872,
            "gross_margin": 6.98,
            "gross_margin_4q_avg": -28.09,
            "net_income": 33919,
            "net_income_4q": null,
            "revenue": 255903,
            "revenue_4q": null,
            "common_shares": 2013520,
            "book_valuer_per_share": 8.62,
            "book_valuer_per_share_4q_avg": 8.73,
            "equity": 1734714,
            "current_ratio": 94.41,
            "debt_ratio": 37.29,
            "inventory_turnover_ratio": 1.48,
            "account_receivable_turnover_ratio": null,
            "reinvestment_rate": null,
            "research_to_sale_ratio": null,
            "price_fair": 0,
            "eps_avg_yearly": 0,
            "eps_latest_yearly": 0,
            "eps_growth_yearly": 0
        },
        "20042": {
            "year_quarter": 20042,
            "year": 2004,
            "quarter": 2,
            "eps": -0.53,
            "eps_growth_year": null,
            "eps_4q": -1.41,
            "eps_4q_growth_year": null,
            "roe": -6.16,
            "roe_4q": -17.57,
            "gross_profit": 39386,
            "gross_margin": 14.93,
            "gross_margin_4q_avg": -15.1,
            "net_income": -103661,
            "net_income_4q": null,
            "revenue": 263809,
            "revenue_4q": null,
            "common_shares": 2016404,
            "book_valuer_per_share": 8.1,
            "book_valuer_per_share_4q_avg": 8.44,
            "equity": 1633013,
            "current_ratio": 112.02,
            "debt_ratio": 37.95,
            "inventory_turnover_ratio": 1.36,
            "account_receivable_turnover_ratio": null,
            "reinvestment_rate": null,
            "research_to_sale_ratio": null,
            "price_fair": 0,
            "eps_avg_yearly": 0,
            "eps_latest_yearly": 0,
            "eps_growth_yearly": 0
        },
        "20043": {
            "year_quarter": 20043,
            "year": 2004,
            "quarter": 3,
            "eps": 0.3,
            "eps_growth_year": null,
            "eps_4q": -0.62,
            "eps_4q_growth_year": null,
            "roe": 3.56,
            "roe_4q": -7.53,
            "gross_profit": 84228,
            "gross_margin": 24.33,
            "gross_margin_4q_avg": 12.88,
            "net_income": 59202,
            "net_income_4q": null,
            "revenue": 346129,
            "revenue_4q": null,
            "common_shares": 2016404,
            "book_valuer_per_share": 8.4,
            "book_valuer_per_share_4q_avg": 8.35,
            "equity": 1694319,
            "current_ratio": 97.95,
            "debt_ratio": 31.26,
            "inventory_turnover_ratio": 1.76,
            "account_receivable_turnover_ratio": null,
            "reinvestment_rate": null,
            "research_to_sale_ratio": null,
            "price_fair": 0,
            "eps_avg_yearly": 0,
            "eps_latest_yearly": 0,
            "eps_growth_yearly": 0
        },
        "20044": {
            "year_quarter": 20044,
            "year": 2004,
            "quarter": 4,
            "eps": 0.15,
            "eps_growth_year": null,
            "eps_4q": 0.1,
            "eps_4q_growth_year": null,
            "roe": 1.77,
            "roe_4q": 1.23,
            "gross_profit": 85481,
            "gross_margin": 28.12,
            "gross_margin_4q_avg": 18.59,
            "net_income": 30234,
            "net_income_4q": null,
            "revenue": 304034,
            "revenue_4q": null,
            "common_shares": 2016405,
            "book_valuer_per_share": 8.54,
            "book_valuer_per_share_4q_avg": 8.42,
            "equity": 1722037,
            "current_ratio": 100.89,
            "debt_ratio": 31.01,
            "inventory_turnover_ratio": 1.47,
            "account_receivable_turnover_ratio": null,
            "reinvestment_rate": null,
            "research_to_sale_ratio": null,
            "price_fair": 1.8,
            "eps_avg_yearly": 0.6,
            "eps_latest_yearly": 0.6,
            "eps_growth_yearly": -200
        },
        "20051": {
            "year_quarter": 20051,
            "year": 2005,
            "quarter": 1,
            "eps": 0.05,
            "eps_growth_year": -72.22,
            "eps_4q": -0.03,
            "eps_4q_growth_year": null,
            "roe": 0.54,
            "roe_4q": -0.29000000000000004,
            "gross_profit": 62038,
            "gross_margin": 25.36,
            "gross_margin_4q_avg": 23.19,
            "net_income": 9324,
            "net_income_4q": null,
            "revenue": 244618,
            "revenue_4q": null,
            "common_shares": 2016404,
            "book_valuer_per_share": 8.59,
            "book_valuer_per_share_4q_avg": 8.41,
            "equity": 1731427,
            "current_ratio": 215.47,
            "debt_ratio": 32.19,
            "inventory_turnover_ratio": 1.05,
            "account_receivable_turnover_ratio": null,
            "reinvestment_rate": null,
            "research_to_sale_ratio": null,
            "price_fair": 1.2,
            "eps_avg_yearly": 0.4,
            "eps_latest_yearly": 0.2,
            "eps_growth_yearly": -233.33
        },
        "20052": {
            "year_quarter": 20052,
            "year": 2005,
            "quarter": 2,
            "eps": 0.04,
            "eps_growth_year": null,
            "eps_4q": 0.48,
            "eps_4q_growth_year": null,
            "roe": 0.5,
            "roe_4q": 6.37,
            "gross_profit": 59112,
            "gross_margin": 22.99,
            "gross_margin_4q_avg": 25.2,
            "net_income": 8961,
            "net_income_4q": null,
            "revenue": 257079,
            "revenue_4q": null,
            "common_shares": 2211404,
            "book_valuer_per_share": 8.22,
            "book_valuer_per_share_4q_avg": 8.44,
            "equity": 1818291,
            "current_ratio": 229.71,
            "debt_ratio": 29.66,
            "inventory_turnover_ratio": 0.95,
            "account_receivable_turnover_ratio": null,
            "reinvestment_rate": null,
            "research_to_sale_ratio": null,
            "price_fair": 0.96,
            "eps_avg_yearly": 0.32,
            "eps_latest_yearly": 0.16,
            "eps_growth_yearly": -182.22
        },
        "20053": {
            "year_quarter": 20053,
            "year": 2005,
            "quarter": 3,
            "eps": 0.03,
            "eps_growth_year": -90,
            "eps_4q": 0.26,
            "eps_4q_growth_year": null,
            "roe": 0.34,
            "roe_4q": 3.1500000000000004,
            "gross_profit": 69104,
            "gross_margin": 21.15,
            "gross_margin_4q_avg": 24.41,
            "net_income": 6428,
            "net_income_4q": null,
            "revenue": 326746,
            "revenue_4q": null,
            "common_shares": 2422297,
            "book_valuer_per_share": 7.95,
            "book_valuer_per_share_4q_avg": 8.33,
            "equity": 1925469,
            "current_ratio": 227.09,
            "debt_ratio": 24.3,
            "inventory_turnover_ratio": 0.91,
            "account_receivable_turnover_ratio": null,
            "reinvestment_rate": null,
            "research_to_sale_ratio": null,
            "price_fair": 0.81,
            "eps_avg_yearly": 0.27,
            "eps_latest_yearly": 0.12,
            "eps_growth_yearly": -161.67
        },
        "20054": {
            "year_quarter": 20054,
            "year": 2005,
            "quarter": 4,
            "eps": -0.16,
            "eps_growth_year": -206.67,
            "eps_4q": -0.06,
            "eps_4q_growth_year": -161.41,
            "roe": -2.02,
            "roe_4q": -0.6399999999999999,
            "gross_profit": 56822,
            "gross_margin": 19.33,
            "gross_margin_4q_avg": 22.21,
            "net_income": -38787,
            "net_income_4q": null,
            "revenue": 293933,
            "revenue_4q": null,
            "common_shares": 2422297,
            "book_valuer_per_share": 7.89,
            "book_valuer_per_share_4q_avg": 8.16,
            "equity": 1910040,
            "current_ratio": 296.01,
            "debt_ratio": 21.04,
            "inventory_turnover_ratio": 0.69,
            "account_receivable_turnover_ratio": null,
            "reinvestment_rate": null,
            "research_to_sale_ratio": null,
            "price_fair": 0.81,
            "eps_avg_yearly": 0.27,
            "eps_latest_yearly": 0.12,
            "eps_growth_yearly": -161.67
        },
        "20061": {
            "year_quarter": 20061,
            "year": 2006,
            "quarter": 1,
            "eps": -0.18,
            "eps_growth_year": -460,
            "eps_4q": -0.28,
            "eps_4q_growth_year": null,
            "roe": -2.32,
            "roe_4q": -3.5,
            "gross_profit": 27032,
            "gross_margin": 10.93,
            "gross_margin_4q_avg": 18.6,
            "net_income": -43821,
            "net_income_4q": null,
            "revenue": 247224,
            "revenue_4q": null,
            "common_shares": 2422297,
            "book_valuer_per_share": 7.7,
            "book_valuer_per_share_4q_avg": 7.94,
            "equity": 1866233,
            "current_ratio": 337.65,
            "debt_ratio": 20.25,
            "inventory_turnover_ratio": 0.59,
            "account_receivable_turnover_ratio": null,
            "reinvestment_rate": null,
            "research_to_sale_ratio": null,
            "price_fair": 0.81,
            "eps_avg_yearly": 0.27,
            "eps_latest_yearly": 0.12,
            "eps_growth_yearly": -161.67
        },
        "20062": {
            "year_quarter": 20062,
            "year": 2006,
            "quarter": 2,
            "eps": -0.94,
            "eps_growth_year": -2450,
            "eps_4q": -1.25,
            "eps_4q_growth_year": -360.99,
            "roe": -13,
            "roe_4q": -17,
            "gross_profit": 27839,
            "gross_margin": 11.25,
            "gross_margin_4q_avg": 15.67,
            "net_income": -227808,
            "net_income_4q": null,
            "revenue": 247388,
            "revenue_4q": null,
            "common_shares": 2422297,
            "book_valuer_per_share": 6.77,
            "book_valuer_per_share_4q_avg": 7.58,
            "equity": 1639260,
            "current_ratio": 292.48,
            "debt_ratio": 21.71,
            "inventory_turnover_ratio": 0.63,
            "account_receivable_turnover_ratio": null,
            "reinvestment_rate": null,
            "research_to_sale_ratio": null,
            "price_fair": 0.81,
            "eps_avg_yearly": 0.27,
            "eps_latest_yearly": 0.12,
            "eps_growth_yearly": -161.67
        },
        "20063": {
            "year_quarter": 20063,
            "year": 2006,
            "quarter": 3,
            "eps": -0.52,
            "eps_growth_year": -1833.33,
            "eps_4q": -1.8,
            "eps_4q_growth_year": -803.35,
            "roe": -8.02,
            "roe_4q": -25.36,
            "gross_profit": 9289,
            "gross_margin": 3.52,
            "gross_margin_4q_avg": 11.26,
            "net_income": -126488,
            "net_income_4q": null,
            "revenue": 263996,
            "revenue_4q": null,
            "common_shares": 2422297,
            "book_valuer_per_share": 6.25,
            "book_valuer_per_share_4q_avg": 7.15,
            "equity": 1513529,
            "current_ratio": 232.88,
            "debt_ratio": 25.02,
            "inventory_turnover_ratio": 0.91,
            "account_receivable_turnover_ratio": null,
            "reinvestment_rate": null,
            "research_to_sale_ratio": null,
            "price_fair": 0.81,
            "eps_avg_yearly": 0.27,
            "eps_latest_yearly": 0.12,
            "eps_growth_yearly": -161.67
        },
        "20064": {
            "year_quarter": 20064,
            "year": 2006,
            "quarter": 4,
            "eps": -0.83,
            "eps_growth_year": null,
            "eps_4q": -2.47,
            "eps_4q_growth_year": null,
            "roe": -14.26,
            "roe_4q": -37.6,
            "gross_profit": -10613,
            "gross_margin": -5.04,
            "gross_margin_4q_avg": 5.17,
            "net_income": -201454,
            "net_income_4q": null,
            "revenue": 210414,
            "revenue_4q": null,
            "common_shares": 2422297,
            "book_valuer_per_share": 5.42,
            "book_valuer_per_share_4q_avg": 6.54,
            "equity": 1312404,
            "current_ratio": 243.47,
            "debt_ratio": 25.94,
            "inventory_turnover_ratio": 1.14,
            "account_receivable_turnover_ratio": null,
            "reinvestment_rate": null,
            "research_to_sale_ratio": null,
            "price_fair": 0.81,
            "eps_avg_yearly": 0.27,
            "eps_latest_yearly": 0.12,
            "eps_growth_yearly": -161.67
        },
        "20071": {
            "year_quarter": 20071,
            "year": 2007,
            "quarter": 1,
            "eps": -0.12,
            "eps_growth_year": null,
            "eps_4q": -2.35,
            "eps_4q_growth_year": null,
            "roe": -2.31,
            "roe_4q": -37.59,
            "gross_profit": 3767,
            "gross_margin": 2.54,
            "gross_margin_4q_avg": 3.07,
            "net_income": -29952,
            "net_income_4q": null,
            "revenue": 148481,
            "revenue_4q": null,
            "common_shares": 2422297,
            "book_valuer_per_share": 5.3,
            "book_valuer_per_share_4q_avg": 5.94,
            "equity": 1283455,
            "current_ratio": 238.16,
            "debt_ratio": 24.82,
            "inventory_turnover_ratio": 0.92,
            "account_receivable_turnover_ratio": null,
            "reinvestment_rate": null,
            "research_to_sale_ratio": null,
            "price_fair": 0.81,
            "eps_avg_yearly": 0.27,
            "eps_latest_yearly": 0.12,
            "eps_growth_yearly": -161.67
        },
        "20072": {
            "year_quarter": 20072,
            "year": 2007,
            "quarter": 2,
            "eps": -0.08,
            "eps_growth_year": null,
            "eps_4q": -1.56,
            "eps_4q_growth_year": null,
            "roe": -1.61,
            "roe_4q": -26.2,
            "gross_profit": 10423,
            "gross_margin": 5,
            "gross_margin_4q_avg": 1.51,
            "net_income": -20525,
            "net_income_4q": null,
            "revenue": 208336,
            "revenue_4q": null,
            "common_shares": 2422297,
            "book_valuer_per_share": 5.21,
            "book_valuer_per_share_4q_avg": 5.55,
            "equity": 1262858,
            "current_ratio": 213.65,
            "debt_ratio": 26.56,
            "inventory_turnover_ratio": 0.93,
            "account_receivable_turnover_ratio": null,
            "reinvestment_rate": null,
            "research_to_sale_ratio": null,
            "price_fair": 0.81,
            "eps_avg_yearly": 0.27,
            "eps_latest_yearly": 0.12,
            "eps_growth_yearly": -161.67
        },
        "20073": {
            "year_quarter": 20073,
            "year": 2007,
            "quarter": 3,
            "eps": -0.3,
            "eps_growth_year": null,
            "eps_4q": -5.34,
            "eps_4q_growth_year": null,
            "roe": -1.2,
            "roe_4q": -19.38,
            "gross_profit": 2812,
            "gross_margin": 1.06,
            "gross_margin_4q_avg": 0.89,
            "net_income": -15112,
            "net_income_4q": null,
            "revenue": 266467,
            "revenue_4q": null,
            "common_shares": 500000,
            "book_valuer_per_share": 24.96,
            "book_valuer_per_share_4q_avg": 10.22,
            "equity": 1248189,
            "current_ratio": 202.32,
            "debt_ratio": 28.49,
            "inventory_turnover_ratio": 1.08,
            "account_receivable_turnover_ratio": null,
            "reinvestment_rate": null,
            "research_to_sale_ratio": null,
            "price_fair": 0.81,
            "eps_avg_yearly": 0.27,
            "eps_latest_yearly": 0.12,
            "eps_growth_yearly": -161.67
        },
        "20074": {
            "year_quarter": 20074,
            "year": 2007,
            "quarter": 4,
            "eps": -2.46,
            "eps_growth_year": null,
            "eps_4q": -3.77,
            "eps_4q_growth_year": null,
            "roe": -10.33,
            "roe_4q": -15.45,
            "gross_profit": 50935,
            "gross_margin": 29.04,
            "gross_margin_4q_avg": 9.41,
            "net_income": -123172,
            "net_income_4q": null,
            "revenue": 175380,
            "revenue_4q": null,
            "common_shares": 500000,
            "book_valuer_per_share": 22.72,
            "book_valuer_per_share_4q_avg": 14.55,
            "equity": 1135965,
            "current_ratio": 225.65,
            "debt_ratio": 28.47,
            "inventory_turnover_ratio": 0.49,
            "account_receivable_turnover_ratio": null,
            "reinvestment_rate": null,
            "research_to_sale_ratio": null,
            "price_fair": 0.81,
            "eps_avg_yearly": 0.27,
            "eps_latest_yearly": 0.12,
            "eps_growth_yearly": -161.67
        },
        "20081": {
            "year_quarter": 20081,
            "year": 2008,
            "quarter": 1,
            "eps": -0.17,
            "eps_growth_year": null,
            "eps_4q": -3.4,
            "eps_4q_growth_year": null,
            "roe": -0.74,
            "roe_4q": -13.879999999999999,
            "gross_profit": 14347,
            "gross_margin": 10.36,
            "gross_margin_4q_avg": 11.37,
            "net_income": -8347,
            "net_income_4q": null,
            "revenue": 138505,
            "revenue_4q": null,
            "common_shares": 500000,
            "book_valuer_per_share": 22.5,
            "book_valuer_per_share_4q_avg": 18.85,
            "equity": 1124984,
            "current_ratio": 299.28,
            "debt_ratio": 24.38,
            "inventory_turnover_ratio": 0.44,
            "account_receivable_turnover_ratio": null,
            "reinvestment_rate": null,
            "research_to_sale_ratio": null,
            "price_fair": 0.81,
            "eps_avg_yearly": 0.27,
            "eps_latest_yearly": 0.12,
            "eps_growth_yearly": -161.67
        },
        "20082": {
            "year_quarter": 20082,
            "year": 2008,
            "quarter": 2,
            "eps": -1.53,
            "eps_growth_year": null,
            "eps_4q": -4.46,
            "eps_4q_growth_year": null,
            "roe": -7.02,
            "roe_4q": -19.29,
            "gross_profit": -17226,
            "gross_margin": -8.12,
            "gross_margin_4q_avg": 8.09,
            "net_income": -76452,
            "net_income_4q": null,
            "revenue": 212050,
            "revenue_4q": null,
            "common_shares": 500000,
            "book_valuer_per_share": 21.05,
            "book_valuer_per_share_4q_avg": 22.81,
            "equity": 1052253,
            "current_ratio": 264.78,
            "debt_ratio": 26.55,
            "inventory_turnover_ratio": 0.81,
            "account_receivable_turnover_ratio": null,
            "reinvestment_rate": null,
            "research_to_sale_ratio": null,
            "price_fair": 0.81,
            "eps_avg_yearly": 0.27,
            "eps_latest_yearly": 0.12,
            "eps_growth_yearly": -161.67
        },
        "20083": {
            "year_quarter": 20083,
            "year": 2008,
            "quarter": 3,
            "eps": -2.63,
            "eps_growth_year": null,
            "eps_4q": -6.79,
            "eps_4q_growth_year": null,
            "roe": -13.27,
            "roe_4q": -31.36,
            "gross_profit": -126972,
            "gross_margin": -66.75,
            "gross_margin_4q_avg": -8.87,
            "net_income": -131512,
            "net_income_4q": null,
            "revenue": 190214,
            "revenue_4q": null,
            "common_shares": 500000,
            "book_valuer_per_share": 18.59,
            "book_valuer_per_share_4q_avg": 21.22,
            "equity": 929422,
            "current_ratio": 211.24,
            "debt_ratio": 29.83,
            "inventory_turnover_ratio": 1.52,
            "account_receivable_turnover_ratio": null,
            "reinvestment_rate": null,
            "research_to_sale_ratio": null,
            "price_fair": 0.81,
            "eps_avg_yearly": 0.27,
            "eps_latest_yearly": 0.12,
            "eps_growth_yearly": -161.67
        },
        "20084": {
            "year_quarter": 20084,
            "year": 2008,
            "quarter": 4,
            "eps": -1.67,
            "eps_growth_year": null,
            "eps_4q": -5.99,
            "eps_4q_growth_year": null,
            "roe": -9.4,
            "roe_4q": -30.43,
            "gross_profit": -59317,
            "gross_margin": -91.81,
            "gross_margin_4q_avg": -39.08,
            "net_income": -83408,
            "net_income_4q": null,
            "revenue": 64610,
            "revenue_4q": null,
            "common_shares": 500000,
            "book_valuer_per_share": 16.89,
            "book_valuer_per_share_4q_avg": 19.76,
            "equity": 844318,
            "current_ratio": 293.81,
            "debt_ratio": 25.18,
            "inventory_turnover_ratio": 0.86,
            "account_receivable_turnover_ratio": 0.75,
            "reinvestment_rate": null,
            "research_to_sale_ratio": null,
            "price_fair": 0.48,
            "eps_avg_yearly": 0.16,
            "eps_latest_yearly": 0.12,
            "eps_growth_yearly": -148.89
        },
        "20091": {
            "year_quarter": 20091,
            "year": 2009,
            "quarter": 1,
            "eps": -1.29,
            "eps_growth_year": null,
            "eps_4q": -7.12,
            "eps_4q_growth_year": null,
            "roe": -7.94,
            "roe_4q": -37.629999999999995,
            "gross_profit": -46401,
            "gross_margin": -70.12,
            "gross_margin_4q_avg": -59.2,
            "net_income": -64626,
            "net_income_4q": null,
            "revenue": 66170,
            "revenue_4q": null,
            "common_shares": 500000,
            "book_valuer_per_share": 15.68,
            "book_valuer_per_share_4q_avg": 18.05,
            "equity": 783842,
            "current_ratio": 347.67,
            "debt_ratio": 25.2,
            "inventory_turnover_ratio": 0.87,
            "account_receivable_turnover_ratio": 0.45,
            "reinvestment_rate": null,
            "research_to_sale_ratio": null,
            "price_fair": 0.42,
            "eps_avg_yearly": 0.14,
            "eps_latest_yearly": 0.12,
            "eps_growth_yearly": -90
        },
        "20092": {
            "year_quarter": 20092,
            "year": 2009,
            "quarter": 2,
            "eps": -1.54,
            "eps_growth_year": null,
            "eps_4q": -7.13,
            "eps_4q_growth_year": null,
            "roe": -10.34,
            "roe_4q": -40.95,
            "gross_profit": -33076,
            "gross_margin": -39.93,
            "gross_margin_4q_avg": -67.15,
            "net_income": -76855,
            "net_income_4q": null,
            "revenue": 82828,
            "revenue_4q": null,
            "common_shares": 500000,
            "book_valuer_per_share": 14.05,
            "book_valuer_per_share_4q_avg": 16.3,
            "equity": 702530,
            "current_ratio": 294.7,
            "debt_ratio": 28.04,
            "inventory_turnover_ratio": 0.92,
            "account_receivable_turnover_ratio": 0.66,
            "reinvestment_rate": null,
            "research_to_sale_ratio": null,
            "price_fair": 0.36,
            "eps_avg_yearly": 0.12,
            "eps_latest_yearly": 0.12,
            "eps_growth_yearly": -100
        },
        "20093": {
            "year_quarter": 20093,
            "year": 2009,
            "quarter": 3,
            "eps": -0.39,
            "eps_growth_year": null,
            "eps_4q": -4.88,
            "eps_4q_growth_year": null,
            "roe": -2.8,
            "roe_4q": -30.480000000000004,
            "gross_profit": -37,
            "gross_margin": -0.04,
            "gross_margin_4q_avg": -50.48,
            "net_income": -19344,
            "net_income_4q": null,
            "revenue": 99392,
            "revenue_4q": null,
            "common_shares": 500000,
            "book_valuer_per_share": 13.62,
            "book_valuer_per_share_4q_avg": 15.06,
            "equity": 680983,
            "current_ratio": 256.94,
            "debt_ratio": 30.64,
            "inventory_turnover_ratio": 0.67,
            "account_receivable_turnover_ratio": 0.74,
            "reinvestment_rate": null,
            "research_to_sale_ratio": null,
            "price_fair": 0,
            "eps_avg_yearly": 0,
            "eps_latest_yearly": 0,
            "eps_growth_yearly": 0
        },
        "20094": {
            "year_quarter": 20094,
            "year": 2009,
            "quarter": 4,
            "eps": -1.31,
            "eps_growth_year": null,
            "eps_4q": -4.52,
            "eps_4q_growth_year": null,
            "roe": -10.06,
            "roe_4q": -31.14,
            "gross_profit": -21891,
            "gross_margin": -26.94,
            "gross_margin_4q_avg": -34.26,
            "net_income": -65271,
            "net_income_4q": null,
            "revenue": 81254,
            "revenue_4q": null,
            "common_shares": 500000,
            "book_valuer_per_share": 12.32,
            "book_valuer_per_share_4q_avg": 13.92,
            "equity": 616065,
            "current_ratio": 226.7,
            "debt_ratio": 33.25,
            "inventory_turnover_ratio": 0.61,
            "account_receivable_turnover_ratio": 1.2,
            "reinvestment_rate": null,
            "research_to_sale_ratio": null,
            "price_fair": 0,
            "eps_avg_yearly": 0,
            "eps_latest_yearly": 0,
            "eps_growth_yearly": 0
        },
        "20101": {
            "year_quarter": 20101,
            "year": 2010,
            "quarter": 1,
            "eps": 0.02,
            "eps_growth_year": null,
            "eps_4q": -3.21,
            "eps_4q_growth_year": null,
            "roe": 0.2,
            "roe_4q": -23,
            "gross_profit": 31570,
            "gross_margin": 31.77,
            "gross_margin_4q_avg": -8.79,
            "net_income": 1209,
            "net_income_4q": null,
            "revenue": 99367,
            "revenue_4q": null,
            "common_shares": 500000,
            "book_valuer_per_share": 12.33,
            "book_valuer_per_share_4q_avg": 13.08,
            "equity": 616658,
            "current_ratio": 217.75,
            "debt_ratio": 34.42,
            "inventory_turnover_ratio": 0.37,
            "account_receivable_turnover_ratio": 0.7,
            "reinvestment_rate": null,
            "research_to_sale_ratio": 1.26,
            "price_fair": 0,
            "eps_avg_yearly": 0,
            "eps_latest_yearly": 0,
            "eps_growth_yearly": 0
        },
        "20102": {
            "year_quarter": 20102,
            "year": 2010,
            "quarter": 2,
            "eps": -0.44,
            "eps_growth_year": null,
            "eps_4q": -2.1,
            "eps_4q_growth_year": null,
            "roe": -3.59,
            "roe_4q": -16.25,
            "gross_profit": 33976,
            "gross_margin": 31.86,
            "gross_margin_4q_avg": 9.16,
            "net_income": -21769,
            "net_income_4q": null,
            "revenue": 106654,
            "revenue_4q": null,
            "common_shares": 500000,
            "book_valuer_per_share": 11.94,
            "book_valuer_per_share_4q_avg": 12.55,
            "equity": 596895,
            "current_ratio": 260.29,
            "debt_ratio": 37.41,
            "inventory_turnover_ratio": 0.34,
            "account_receivable_turnover_ratio": 0.7,
            "reinvestment_rate": null,
            "research_to_sale_ratio": 1.16,
            "price_fair": 0,
            "eps_avg_yearly": 0,
            "eps_latest_yearly": 0,
            "eps_growth_yearly": 0
        },
        "20103": {
            "year_quarter": 20103,
            "year": 2010,
            "quarter": 3,
            "eps": 0.02,
            "eps_growth_year": null,
            "eps_4q": -1.7,
            "eps_4q_growth_year": null,
            "roe": 0.18,
            "roe_4q": -13.27,
            "gross_profit": 32915,
            "gross_margin": 32.81,
            "gross_margin_4q_avg": 17.38,
            "net_income": 1054,
            "net_income_4q": null,
            "revenue": 100326,
            "revenue_4q": null,
            "common_shares": 500000,
            "book_valuer_per_share": 11.94,
            "book_valuer_per_share_4q_avg": 12.13,
            "equity": 596877,
            "current_ratio": 268.31,
            "debt_ratio": 36.87,
            "inventory_turnover_ratio": 0.28,
            "account_receivable_turnover_ratio": 0.64,
            "reinvestment_rate": null,
            "research_to_sale_ratio": 1.05,
            "price_fair": 0,
            "eps_avg_yearly": 0,
            "eps_latest_yearly": 0,
            "eps_growth_yearly": 0
        },
        "20104": {
            "year_quarter": 20104,
            "year": 2010,
            "quarter": 4,
            "eps": -1.59,
            "eps_growth_year": null,
            "eps_4q": -1.98,
            "eps_4q_growth_year": null,
            "roe": -14.33,
            "roe_4q": -17.540000000000003,
            "gross_profit": 7649,
            "gross_margin": 9.25,
            "gross_margin_4q_avg": 26.42,
            "net_income": -79611,
            "net_income_4q": null,
            "revenue": 82676,
            "revenue_4q": null,
            "common_shares": 500000,
            "book_valuer_per_share": 10.28,
            "book_valuer_per_share_4q_avg": 11.62,
            "equity": 514245,
            "current_ratio": 279.52,
            "debt_ratio": 38.09,
            "inventory_turnover_ratio": 0.31,
            "account_receivable_turnover_ratio": 0.57,
            "reinvestment_rate": null,
            "research_to_sale_ratio": 1.27,
            "price_fair": 0,
            "eps_avg_yearly": 0,
            "eps_latest_yearly": 0,
            "eps_growth_yearly": 0
        },
        "20111": {
            "year_quarter": 20111,
            "year": 2011,
            "quarter": 1,
            "eps": -0.07,
            "eps_growth_year": -450,
            "eps_4q": -2.08,
            "eps_4q_growth_year": null,
            "roe": -0.67,
            "roe_4q": -18.41,
            "gross_profit": -4,
            "gross_margin": -0.01,
            "gross_margin_4q_avg": 18.48,
            "net_income": -3427,
            "net_income_4q": null,
            "revenue": 66617,
            "revenue_4q": null,
            "common_shares": 500000,
            "book_valuer_per_share": 10.23,
            "book_valuer_per_share_4q_avg": 11.1,
            "equity": 511717,
            "current_ratio": 313.92,
            "debt_ratio": 36.51,
            "inventory_turnover_ratio": 0.3,
            "account_receivable_turnover_ratio": 0.51,
            "reinvestment_rate": null,
            "research_to_sale_ratio": 0.71,
            "price_fair": 0,
            "eps_avg_yearly": 0,
            "eps_latest_yearly": 0,
            "eps_growth_yearly": 0
        },
        "20112": {
            "year_quarter": 20112,
            "year": 2011,
            "quarter": 2,
            "eps": null,
            "eps_growth_year": null,
            "eps_4q": null,
            "eps_4q_growth_year": null,
            "roe": -18.12,
            "roe_4q": -32.940000000000005,
            "gross_profit": -6363,
            "gross_margin": -10.61,
            "gross_margin_4q_avg": 7.86,
            "net_income": -85000,
            "net_income_4q": null,
            "revenue": 59996,
            "revenue_4q": null,
            "common_shares": 500000,
            "book_valuer_per_share": 8.53,
            "book_valuer_per_share_4q_avg": 10.25,
            "equity": 426329,
            "current_ratio": 354.49,
            "debt_ratio": 39.06,
            "inventory_turnover_ratio": 0.33,
            "account_receivable_turnover_ratio": 0.51,
            "reinvestment_rate": null,
            "research_to_sale_ratio": 0,
            "price_fair": 0,
            "eps_avg_yearly": 0,
            "eps_latest_yearly": 0,
            "eps_growth_yearly": 0
        },
        "20113": {
            "year_quarter": 20113,
            "year": 2011,
            "quarter": 3,
            "eps": -1.08,
            "eps_growth_year": -5219.73,
            "eps_4q": -4.44,
            "eps_4q_growth_year": null,
            "roe": -13.44,
            "roe_4q": -46.56,
            "gross_profit": -13978,
            "gross_margin": -24.64,
            "gross_margin_4q_avg": -6.5,
            "net_income": -53962,
            "net_income_4q": null,
            "revenue": 56719,
            "revenue_4q": null,
            "common_shares": 500000,
            "book_valuer_per_share": 7.53,
            "book_valuer_per_share_4q_avg": 9.14,
            "equity": 376650,
            "current_ratio": 321.14,
            "debt_ratio": 40.58,
            "inventory_turnover_ratio": 0.4,
            "account_receivable_turnover_ratio": 0.59,
            "reinvestment_rate": null,
            "research_to_sale_ratio": 0,
            "price_fair": 0,
            "eps_avg_yearly": 0,
            "eps_latest_yearly": 0,
            "eps_growth_yearly": 0
        },
        "20114": {
            "year_quarter": 20114,
            "year": 2011,
            "quarter": 4,
            "eps": -1.13,
            "eps_growth_year": null,
            "eps_4q": -3.98,
            "eps_4q_growth_year": null,
            "roe": -16.23,
            "roe_4q": -48.46000000000001,
            "gross_profit": -33710,
            "gross_margin": -83.2,
            "gross_margin_4q_avg": -29.62,
            "net_income": -56390,
            "net_income_4q": null,
            "revenue": 40518,
            "revenue_4q": null,
            "common_shares": 500000,
            "book_valuer_per_share": 6.37,
            "book_valuer_per_share_4q_avg": 8.17,
            "equity": 318373,
            "current_ratio": 234.21,
            "debt_ratio": 44.51,
            "inventory_turnover_ratio": 0.51,
            "account_receivable_turnover_ratio": 0.52,
            "reinvestment_rate": null,
            "research_to_sale_ratio": 0,
            "price_fair": 0,
            "eps_avg_yearly": 0,
            "eps_latest_yearly": 0,
            "eps_growth_yearly": 0
        },
        "20121": {
            "year_quarter": 20121,
            "year": 2012,
            "quarter": 1,
            "eps": 0.13,
            "eps_growth_year": null,
            "eps_4q": -3.78,
            "eps_4q_growth_year": null,
            "roe": 1.99,
            "roe_4q": -45.8,
            "gross_profit": 8002,
            "gross_margin": 21.61,
            "gross_margin_4q_avg": -24.21,
            "net_income": 6402,
            "net_income_4q": null,
            "revenue": 37025,
            "revenue_4q": null,
            "common_shares": 500000,
            "book_valuer_per_share": 6.48,
            "book_valuer_per_share_4q_avg": 7.23,
            "equity": 323911,
            "current_ratio": 240.41,
            "debt_ratio": 43.48,
            "inventory_turnover_ratio": 0.24,
            "account_receivable_turnover_ratio": 0.55,
            "reinvestment_rate": null,
            "research_to_sale_ratio": 0,
            "price_fair": 0,
            "eps_avg_yearly": 0,
            "eps_latest_yearly": 0,
            "eps_growth_yearly": 0
        },
        "20122": {
            "year_quarter": 20122,
            "year": 2012,
            "quarter": 2,
            "eps": -0.03,
            "eps_growth_year": null,
            "eps_4q": -2.11,
            "eps_4q_growth_year": null,
            "roe": -0.42,
            "roe_4q": -28.1,
            "gross_profit": 17591,
            "gross_margin": 32.41,
            "gross_margin_4q_avg": -13.46,
            "net_income": -1376,
            "net_income_4q": null,
            "revenue": 54280,
            "revenue_4q": null,
            "common_shares": 500000,
            "book_valuer_per_share": 6.48,
            "book_valuer_per_share_4q_avg": 6.72,
            "equity": 323842,
            "current_ratio": 214.98,
            "debt_ratio": 44.73,
            "inventory_turnover_ratio": 0.32,
            "account_receivable_turnover_ratio": 0.73,
            "reinvestment_rate": null,
            "research_to_sale_ratio": 0,
            "price_fair": 0,
            "eps_avg_yearly": 0,
            "eps_latest_yearly": 0,
            "eps_growth_yearly": 0
        },
        "20123": {
            "year_quarter": 20123,
            "year": 2012,
            "quarter": 3,
            "eps": 0.07,
            "eps_growth_year": null,
            "eps_4q": -0.95,
            "eps_4q_growth_year": null,
            "roe": 1.11,
            "roe_4q": -13.55,
            "gross_profit": 20455,
            "gross_margin": 31.86,
            "gross_margin_4q_avg": 0.67,
            "net_income": 3625,
            "net_income_4q": null,
            "revenue": 64209,
            "revenue_4q": null,
            "common_shares": 500000,
            "book_valuer_per_share": 6.55,
            "book_valuer_per_share_4q_avg": 6.47,
            "equity": 327388,
            "current_ratio": 217.82,
            "debt_ratio": 43.18,
            "inventory_turnover_ratio": 0.4,
            "account_receivable_turnover_ratio": 0.77,
            "reinvestment_rate": null,
            "research_to_sale_ratio": 0,
            "price_fair": 0,
            "eps_avg_yearly": 0,
            "eps_latest_yearly": 0,
            "eps_growth_yearly": 0
        },
        "20124": {
            "year_quarter": 20124,
            "year": 2012,
            "quarter": 4,
            "eps": -0.3,
            "eps_growth_year": null,
            "eps_4q": -0.13,
            "eps_4q_growth_year": null,
            "roe": -4.66,
            "roe_4q": -1.9799999999999998,
            "gross_profit": 12451,
            "gross_margin": 26.74,
            "gross_margin_4q_avg": 28.16,
            "net_income": -14911,
            "net_income_4q": null,
            "revenue": 46556,
            "revenue_4q": null,
            "common_shares": 500000,
            "book_valuer_per_share": 6.26,
            "book_valuer_per_share_4q_avg": 6.44,
            "equity": 312756,
            "current_ratio": 212.25,
            "debt_ratio": 42.87,
            "inventory_turnover_ratio": 0.33,
            "account_receivable_turnover_ratio": 0.56,
            "reinvestment_rate": null,
            "research_to_sale_ratio": 0,
            "price_fair": 0,
            "eps_avg_yearly": 0,
            "eps_latest_yearly": 0,
            "eps_growth_yearly": 0
        },
        "20131": {
            "year_quarter": 20131,
            "year": 2013,
            "quarter": 1,
            "eps": 0.04,
            "eps_growth_year": -69.23,
            "eps_4q": -0.21,
            "eps_4q_growth_year": null,
            "roe": 0.71,
            "roe_4q": -3.26,
            "gross_profit": 8687,
            "gross_margin": 20.27,
            "gross_margin_4q_avg": 27.82,
            "net_income": 2172,
            "net_income_4q": null,
            "revenue": 42863,
            "revenue_4q": null,
            "common_shares": 500000,
            "book_valuer_per_share": 6.05,
            "book_valuer_per_share_4q_avg": 6.34,
            "equity": 302704,
            "current_ratio": 198.05,
            "debt_ratio": 42.28,
            "inventory_turnover_ratio": 0.36,
            "account_receivable_turnover_ratio": 0.53,
            "reinvestment_rate": null,
            "research_to_sale_ratio": null,
            "price_fair": 0,
            "eps_avg_yearly": 0,
            "eps_latest_yearly": 0,
            "eps_growth_yearly": 0
        },
        "20132": {
            "year_quarter": 20132,
            "year": 2013,
            "quarter": 2,
            "eps": 0.02,
            "eps_growth_year": null,
            "eps_4q": -0.16,
            "eps_4q_growth_year": null,
            "roe": 0.34,
            "roe_4q": -2.5,
            "gross_profit": 16881,
            "gross_margin": 25.59,
            "gross_margin_4q_avg": 26.12,
            "net_income": 1032,
            "net_income_4q": null,
            "revenue": 65955,
            "revenue_4q": null,
            "common_shares": 500000,
            "book_valuer_per_share": 6.09,
            "book_valuer_per_share_4q_avg": 6.24,
            "equity": 304393,
            "current_ratio": 179.4,
            "debt_ratio": 43.69,
            "inventory_turnover_ratio": 0.57,
            "account_receivable_turnover_ratio": 0.75,
            "reinvestment_rate": null,
            "research_to_sale_ratio": null,
            "price_fair": 0.24,
            "eps_avg_yearly": 0.08,
            "eps_latest_yearly": 0.08,
            "eps_growth_yearly": -200
        },
        "20133": {
            "year_quarter": 20133,
            "year": 2013,
            "quarter": 3,
            "eps": -0.01,
            "eps_growth_year": -113.79,
            "eps_4q": -0.24,
            "eps_4q_growth_year": null,
            "roe": -0.17,
            "roe_4q": -3.7800000000000002,
            "gross_profit": 16938,
            "gross_margin": 25.42,
            "gross_margin_4q_avg": 24.51,
            "net_income": -526,
            "net_income_4q": null,
            "revenue": 66622,
            "revenue_4q": null,
            "common_shares": 500000,
            "book_valuer_per_share": 6.07,
            "book_valuer_per_share_4q_avg": 6.12,
            "equity": 303398,
            "current_ratio": 173.1,
            "debt_ratio": 43.24,
            "inventory_turnover_ratio": 0.61,
            "account_receivable_turnover_ratio": 0.68,
            "reinvestment_rate": null,
            "research_to_sale_ratio": null,
            "price_fair": 0.24,
            "eps_avg_yearly": 0.08,
            "eps_latest_yearly": 0.08,
            "eps_growth_yearly": -200
        },
        "20134": {
            "year_quarter": 20134,
            "year": 2013,
            "quarter": 4,
            "eps": 0.01,
            "eps_growth_year": null,
            "eps_4q": 0.06,
            "eps_4q_growth_year": null,
            "roe": 0.17,
            "roe_4q": 1.05,
            "gross_profit": 12930,
            "gross_margin": 24.66,
            "gross_margin_4q_avg": 23.99,
            "net_income": 529,
            "net_income_4q": null,
            "revenue": 52443,
            "revenue_4q": null,
            "common_shares": 500000,
            "book_valuer_per_share": 6.11,
            "book_valuer_per_share_4q_avg": 6.08,
            "equity": 305259,
            "current_ratio": 177.78,
            "debt_ratio": 41.11,
            "inventory_turnover_ratio": 0.51,
            "account_receivable_turnover_ratio": 0.55,
            "reinvestment_rate": null,
            "research_to_sale_ratio": null,
            "price_fair": 0.24,
            "eps_avg_yearly": 0.08,
            "eps_latest_yearly": 0.08,
            "eps_growth_yearly": -200
        },
        "20141": {
            "year_quarter": 20141,
            "year": 2014,
            "quarter": 1,
            "eps": -0.04,
            "eps_growth_year": -200,
            "eps_4q": -0.02,
            "eps_4q_growth_year": null,
            "roe": -0.72,
            "roe_4q": -0.37999999999999995,
            "gross_profit": 17424,
            "gross_margin": 33.51,
            "gross_margin_4q_avg": 27.3,
            "net_income": -2188,
            "net_income_4q": null,
            "revenue": 52000,
            "revenue_4q": null,
            "common_shares": 500000,
            "book_valuer_per_share": 6.05,
            "book_valuer_per_share_4q_avg": 6.08,
            "equity": 302391,
            "current_ratio": 214.1,
            "debt_ratio": 44.95,
            "inventory_turnover_ratio": 0.48,
            "account_receivable_turnover_ratio": 0.57,
            "reinvestment_rate": null,
            "research_to_sale_ratio": null,
            "price_fair": 0.24,
            "eps_avg_yearly": 0.08,
            "eps_latest_yearly": 0.08,
            "eps_growth_yearly": -200
        },
        "20142": {
            "year_quarter": 20142,
            "year": 2014,
            "quarter": 2,
            "eps": 2.12,
            "eps_growth_year": 10500,
            "eps_4q": 2.08,
            "eps_4q_growth_year": null,
            "roe": 29.86,
            "roe_4q": 29.14,
            "gross_profit": 15240,
            "gross_margin": 25.82,
            "gross_margin_4q_avg": 27.35,
            "net_income": 106058,
            "net_income_4q": null,
            "revenue": 59023,
            "revenue_4q": null,
            "common_shares": 500000,
            "book_valuer_per_share": 8.16,
            "book_valuer_per_share_4q_avg": 6.6,
            "equity": 407870,
            "current_ratio": 717.15,
            "debt_ratio": 14.5,
            "inventory_turnover_ratio": 0.64,
            "account_receivable_turnover_ratio": 0.66,
            "reinvestment_rate": null,
            "research_to_sale_ratio": null,
            "price_fair": 0.24,
            "eps_avg_yearly": 0.08,
            "eps_latest_yearly": 0.08,
            "eps_growth_yearly": -200
        },
        "20143": {
            "year_quarter": 20143,
            "year": 2014,
            "quarter": 3,
            "eps": 0,
            "eps_growth_year": null,
            "eps_4q": 2.09,
            "eps_4q_growth_year": null,
            "roe": 0.06,
            "roe_4q": 29.37,
            "gross_profit": 18886,
            "gross_margin": 39,
            "gross_margin_4q_avg": 30.75,
            "net_income": 245,
            "net_income_4q": null,
            "revenue": 48428,
            "revenue_4q": null,
            "common_shares": 500000,
            "book_valuer_per_share": 8.18,
            "book_valuer_per_share_4q_avg": 7.13,
            "equity": 409032,
            "current_ratio": 796.05,
            "debt_ratio": 13.19,
            "inventory_turnover_ratio": 0.43,
            "account_receivable_turnover_ratio": 0.59,
            "reinvestment_rate": null,
            "research_to_sale_ratio": null,
            "price_fair": 0.24,
            "eps_avg_yearly": 0.08,
            "eps_latest_yearly": 0.08,
            "eps_growth_yearly": -200
        },
        "20144": {
            "year_quarter": 20144,
            "year": 2014,
            "quarter": 4,
            "eps": -0.08,
            "eps_growth_year": -849.34,
            "eps_4q": 2,
            "eps_4q_growth_year": 3022.89,
            "roe": -0.97,
            "roe_4q": 28.23,
            "gross_profit": 22749,
            "gross_margin": 49.01,
            "gross_margin_4q_avg": 36.84,
            "net_income": -3964,
            "net_income_4q": null,
            "revenue": 46414,
            "revenue_4q": null,
            "common_shares": 500000,
            "book_valuer_per_share": 8.11,
            "book_valuer_per_share_4q_avg": 7.63,
            "equity": 405252,
            "current_ratio": 778.7,
            "debt_ratio": 13.62,
            "inventory_turnover_ratio": 0.35,
            "account_receivable_turnover_ratio": 0.56,
            "reinvestment_rate": null,
            "research_to_sale_ratio": null,
            "price_fair": 0.24,
            "eps_avg_yearly": 0.08,
            "eps_latest_yearly": 0.08,
            "eps_growth_yearly": -200
        },
        "20151": {
            "year_quarter": 20151,
            "year": 2015,
            "quarter": 1,
            "eps": 0.1,
            "eps_growth_year": null,
            "eps_4q": 2.15,
            "eps_4q_growth_year": null,
            "roe": 1.23,
            "roe_4q": 30.18,
            "gross_profit": 20298,
            "gross_margin": 58.82,
            "gross_margin_4q_avg": 43.16,
            "net_income": 5021,
            "net_income_4q": null,
            "revenue": 34511,
            "revenue_4q": null,
            "common_shares": 500000,
            "book_valuer_per_share": 8.2,
            "book_valuer_per_share_4q_avg": 8.16,
            "equity": 410202,
            "current_ratio": 1105.4,
            "debt_ratio": 9.85,
            "inventory_turnover_ratio": 0.2,
            "account_receivable_turnover_ratio": 0.43,
            "reinvestment_rate": null,
            "research_to_sale_ratio": 2.01,
            "price_fair": 0.24,
            "eps_avg_yearly": 0.08,
            "eps_latest_yearly": 0.08,
            "eps_growth_yearly": -200
        },
        "20152": {
            "year_quarter": 20152,
            "year": 2015,
            "quarter": 2,
            "eps": 0.64,
            "eps_growth_year": -69.81,
            "eps_4q": 0.67,
            "eps_4q_growth_year": -67.89,
            "roe": 7.52,
            "roe_4q": 7.84,
            "gross_profit": 10923,
            "gross_margin": 37.31,
            "gross_margin_4q_avg": 46.04,
            "net_income": 32056,
            "net_income_4q": null,
            "revenue": 29274,
            "revenue_4q": null,
            "common_shares": 500000,
            "book_valuer_per_share": 8.84,
            "book_valuer_per_share_4q_avg": 8.33,
            "equity": 442097,
            "current_ratio": 1140.85,
            "debt_ratio": 9.29,
            "inventory_turnover_ratio": 0.26,
            "account_receivable_turnover_ratio": 0.44,
            "reinvestment_rate": -743.52,
            "research_to_sale_ratio": 4.68,
            "price_fair": 46.2,
            "eps_avg_yearly": 1.32,
            "eps_latest_yearly": 2.56,
            "eps_growth_yearly": 980
        },
        "20153": {
            "year_quarter": 20153,
            "year": 2015,
            "quarter": 3,
            "eps": 0.47,
            "eps_growth_year": null,
            "eps_4q": 1.13,
            "eps_4q_growth_year": -46,
            "roe": 5.15,
            "roe_4q": 12.93,
            "gross_profit": 14444,
            "gross_margin": 42.27,
            "gross_margin_4q_avg": 46.85,
            "net_income": 23396,
            "net_income_4q": null,
            "revenue": 34172,
            "revenue_4q": null,
            "common_shares": 500000,
            "book_valuer_per_share": 9.32,
            "book_valuer_per_share_4q_avg": 8.62,
            "equity": 465859,
            "current_ratio": 1048.97,
            "debt_ratio": 9.96,
            "inventory_turnover_ratio": 0.28,
            "account_receivable_turnover_ratio": 0.62,
            "reinvestment_rate": -213.52,
            "research_to_sale_ratio": 5.1,
            "price_fair": 52.73,
            "eps_avg_yearly": 1.51,
            "eps_latest_yearly": 1.88,
            "eps_growth_yearly": 617.92
        },
        "20154": {
            "year_quarter": 20154,
            "year": 2015,
            "quarter": 4,
            "eps": 1.09,
            "eps_growth_year": null,
            "eps_4q": 2.3,
            "eps_4q_growth_year": 14.97,
            "roe": 11.09,
            "roe_4q": 24.990000000000002,
            "gross_profit": -1960,
            "gross_margin": -6.27,
            "gross_margin_4q_avg": 33.03,
            "net_income": 54671,
            "net_income_4q": null,
            "revenue": 31265,
            "revenue_4q": null,
            "common_shares": 500000,
            "book_valuer_per_share": 10.4,
            "book_valuer_per_share_4q_avg": 9.19,
            "equity": 519800,
            "current_ratio": 1014.04,
            "debt_ratio": 9.46,
            "inventory_turnover_ratio": 0.54,
            "account_receivable_turnover_ratio": 0.67,
            "reinvestment_rate": -96.03,
            "research_to_sale_ratio": 6.91,
            "price_fair": 77.7,
            "eps_avg_yearly": 2.22,
            "eps_latest_yearly": 4.36,
            "eps_growth_yearly": 595.35
        },
        "20161": {
            "year_quarter": 20161,
            "year": 2016,
            "quarter": 1,
            "eps": -0.91,
            "eps_growth_year": -1010,
            "eps_4q": 1.29,
            "eps_4q_growth_year": -40.02,
            "roe": -9.21,
            "roe_4q": 14.549999999999999,
            "gross_profit": 12897,
            "gross_margin": 40.03,
            "gross_margin_4q_avg": 28.34,
            "net_income": -45732,
            "net_income_4q": null,
            "revenue": 32215,
            "revenue_4q": null,
            "common_shares": 500000,
            "book_valuer_per_share": 9.47,
            "book_valuer_per_share_4q_avg": 9.51,
            "equity": 473720,
            "current_ratio": 1005.76,
            "debt_ratio": 9.49,
            "inventory_turnover_ratio": 0.38,
            "account_receivable_turnover_ratio": 0.78,
            "reinvestment_rate": -126.82,
            "research_to_sale_ratio": 6.01,
            "price_fair": 77.7,
            "eps_avg_yearly": 2.22,
            "eps_latest_yearly": 4.36,
            "eps_growth_yearly": 595.35
        },
        "20162": {
            "year_quarter": 20162,
            "year": 2016,
            "quarter": 2,
            "eps": 0.59,
            "eps_growth_year": -7.81,
            "eps_4q": 1.23,
            "eps_4q_growth_year": 84.89,
            "roe": 6.11,
            "roe_4q": 13.14,
            "gross_profit": 8445,
            "gross_margin": 28.72,
            "gross_margin_4q_avg": 26.19,
            "net_income": 29342,
            "net_income_4q": null,
            "revenue": 29404,
            "revenue_4q": null,
            "common_shares": 500000,
            "book_valuer_per_share": 9.74,
            "book_valuer_per_share_4q_avg": 9.73,
            "equity": 486820,
            "current_ratio": 922.54,
            "debt_ratio": 10.34,
            "inventory_turnover_ratio": 0.45,
            "account_receivable_turnover_ratio": 0.71,
            "reinvestment_rate": -107.55,
            "research_to_sale_ratio": 5.88,
            "price_fair": 77.7,
            "eps_avg_yearly": 2.22,
            "eps_latest_yearly": 4.36,
            "eps_growth_yearly": 595.35
        },
        "20163": {
            "year_quarter": 20163,
            "year": 2016,
            "quarter": 3,
            "eps": 0.27,
            "eps_growth_year": -42.55,
            "eps_4q": 1.03,
            "eps_4q_growth_year": -8.7,
            "roe": 2.7,
            "roe_4q": 10.69,
            "gross_profit": 8073,
            "gross_margin": 28.44,
            "gross_margin_4q_avg": 22.73,
            "net_income": 13309,
            "net_income_4q": null,
            "revenue": 28386,
            "revenue_4q": null,
            "common_shares": 500000,
            "book_valuer_per_share": 9.97,
            "book_valuer_per_share_4q_avg": 9.9,
            "equity": 498562,
            "current_ratio": 1104.7,
            "debt_ratio": 8.82,
            "inventory_turnover_ratio": 0.51,
            "account_receivable_turnover_ratio": 0.72,
            "reinvestment_rate": -102.02,
            "research_to_sale_ratio": 8.86,
            "price_fair": 69.72,
            "eps_avg_yearly": 1.99,
            "eps_latest_yearly": 1.08,
            "eps_growth_yearly": 432.89
        },
        "20164": {
            "year_quarter": 20164,
            "year": 2016,
            "quarter": 4,
            "eps": -1.24,
            "eps_growth_year": -213.5,
            "eps_4q": -1.3,
            "eps_4q_growth_year": -156.56,
            "roe": -13.27,
            "roe_4q": -13.670000000000002,
            "gross_profit": 4901,
            "gross_margin": 18.66,
            "gross_margin_4q_avg": 28.96,
            "net_income": -62049,
            "net_income_4q": null,
            "revenue": 26269,
            "revenue_4q": null,
            "common_shares": 500000,
            "book_valuer_per_share": 8.73,
            "book_valuer_per_share_4q_avg": 9.48,
            "equity": 436307,
            "current_ratio": 892.18,
            "debt_ratio": 10.8,
            "inventory_turnover_ratio": 0.64,
            "account_receivable_turnover_ratio": 0.67,
            "reinvestment_rate": -130.82,
            "research_to_sale_ratio": 13.62,
            "price_fair": 69.72,
            "eps_avg_yearly": 1.99,
            "eps_latest_yearly": 1.08,
            "eps_growth_yearly": 432.89
        },
        "20171": {
            "year_quarter": 20171,
            "year": 2017,
            "quarter": 1,
            "eps": 0.27,
            "eps_growth_year": null,
            "eps_4q": -0.12,
            "eps_4q_growth_year": -109.48,
            "roe": 3.01,
            "roe_4q": -1.4499999999999993,
            "gross_profit": 3322,
            "gross_margin": 18.16,
            "gross_margin_4q_avg": 23.5,
            "net_income": 13293,
            "net_income_4q": null,
            "revenue": 18295,
            "revenue_4q": null,
            "common_shares": 500000,
            "book_valuer_per_share": 8.95,
            "book_valuer_per_share_4q_avg": 9.35,
            "equity": 447430,
            "current_ratio": 979.93,
            "debt_ratio": 10.29,
            "inventory_turnover_ratio": 0.55,
            "account_receivable_turnover_ratio": 0.51,
            "reinvestment_rate": -180.04,
            "research_to_sale_ratio": 20.56,
            "price_fair": 69.72,
            "eps_avg_yearly": 1.99,
            "eps_latest_yearly": 1.08,
            "eps_growth_yearly": 432.89
        },
        "20172": {
            "year_quarter": 20172,
            "year": 2017,
            "quarter": 2,
            "eps": -0.58,
            "eps_growth_year": -198.31,
            "eps_4q": -1.29,
            "eps_4q_growth_year": -204.68,
            "roe": -6.73,
            "roe_4q": -14.290000000000003,
            "gross_profit": 5246,
            "gross_margin": 24.9,
            "gross_margin_4q_avg": 22.54,
            "net_income": -29117,
            "net_income_4q": null,
            "revenue": 21069,
            "revenue_4q": null,
            "common_shares": 500000,
            "book_valuer_per_share": 8.37,
            "book_valuer_per_share_4q_avg": 9.01,
            "equity": 418302,
            "current_ratio": 849.02,
            "debt_ratio": 11.67,
            "inventory_turnover_ratio": 0.67,
            "account_receivable_turnover_ratio": 0.74,
            "reinvestment_rate": -222.05,
            "research_to_sale_ratio": 23.79,
            "price_fair": 86.45,
            "eps_avg_yearly": 2.47,
            "eps_latest_yearly": 1.08,
            "eps_growth_yearly": 591.12
        },
        "20173": {
            "year_quarter": 20173,
            "year": 2017,
            "quarter": 3,
            "eps": 0.02,
            "eps_growth_year": -92.59,
            "eps_4q": -1.54,
            "eps_4q_growth_year": -249.19,
            "roe": 0.22,
            "roe_4q": -16.77,
            "gross_profit": -4804,
            "gross_margin": -19.42,
            "gross_margin_4q_avg": 10.58,
            "net_income": 905,
            "net_income_4q": null,
            "revenue": 24741,
            "revenue_4q": null,
            "common_shares": 500000,
            "book_valuer_per_share": 8.39,
            "book_valuer_per_share_4q_avg": 8.61,
            "equity": 419392,
            "current_ratio": 959.31,
            "debt_ratio": 10.47,
            "inventory_turnover_ratio": 2.13,
            "account_receivable_turnover_ratio": 0.92,
            "reinvestment_rate": -217.19,
            "research_to_sale_ratio": 25.71,
            "price_fair": 86.45,
            "eps_avg_yearly": 2.47,
            "eps_latest_yearly": 1.08,
            "eps_growth_yearly": 591.12
        },
        "20174": {
            "year_quarter": 20174,
            "year": 2017,
            "quarter": 4,
            "eps": -1.08,
            "eps_growth_year": null,
            "eps_4q": -1.37,
            "eps_4q_growth_year": null,
            "roe": -13.71,
            "roe_4q": -17.21,
            "gross_profit": 3090,
            "gross_margin": 33.6,
            "gross_margin_4q_avg": 14.31,
            "net_income": -53792,
            "net_income_4q": null,
            "revenue": 9196,
            "revenue_4q": null,
            "common_shares": 500000,
            "book_valuer_per_share": 7.31,
            "book_valuer_per_share_4q_avg": 8.26,
            "equity": 365454,
            "current_ratio": 1114.13,
            "debt_ratio": 9.28,
            "inventory_turnover_ratio": 1.12,
            "account_receivable_turnover_ratio": 0.48,
            "reinvestment_rate": -241.09,
            "research_to_sale_ratio": 72.59,
            "price_fair": 86.45,
            "eps_avg_yearly": 2.47,
            "eps_latest_yearly": 1.08,
            "eps_growth_yearly": 591.12
        },
        "20181": {
            "year_quarter": 20181,
            "year": 2018,
            "quarter": 1,
            "eps": -0.21,
            "eps_growth_year": -177.78,
            "eps_4q": -1.85,
            "eps_4q_growth_year": null,
            "roe": -2.85,
            "roe_4q": -23.070000000000004,
            "gross_profit": 2310,
            "gross_margin": 27.03,
            "gross_margin_4q_avg": 16.53,
            "net_income": -10274,
            "net_income_4q": null,
            "revenue": 8545,
            "revenue_4q": null,
            "common_shares": 500000,
            "book_valuer_per_share": 7.1,
            "book_valuer_per_share_4q_avg": 7.79,
            "equity": 355099,
            "current_ratio": 1152.62,
            "debt_ratio": 9.27,
            "inventory_turnover_ratio": 1.39,
            "account_receivable_turnover_ratio": 0.93,
            "reinvestment_rate": -8.68,
            "research_to_sale_ratio": 95.35,
            "price_fair": 86.45,
            "eps_avg_yearly": 2.47,
            "eps_latest_yearly": 1.08,
            "eps_growth_yearly": 591.12
        },
        "20182": {
            "year_quarter": 20182,
            "year": 2018,
            "quarter": 2,
            "eps": -0.18,
            "eps_growth_year": null,
            "eps_4q": -1.45,
            "eps_4q_growth_year": null,
            "roe": -2.61,
            "roe_4q": -18.950000000000003,
            "gross_profit": 1262,
            "gross_margin": 27.8,
            "gross_margin_4q_avg": 17.25,
            "net_income": -9174,
            "net_income_4q": null,
            "revenue": 4539,
            "revenue_4q": null,
            "common_shares": 500000,
            "book_valuer_per_share": 6.93,
            "book_valuer_per_share_4q_avg": 7.43,
            "equity": 346614,
            "current_ratio": 1200.32,
            "debt_ratio": 8.42,
            "inventory_turnover_ratio": 0.71,
            "account_receivable_turnover_ratio": 0.75,
            "reinvestment_rate": null,
            "research_to_sale_ratio": 215.82,
            "price_fair": 86.45,
            "eps_avg_yearly": 2.47,
            "eps_latest_yearly": 1.08,
            "eps_growth_yearly": 591.12
        },
        "20183": {
            "year_quarter": 20183,
            "year": 2018,
            "quarter": 3,
            "eps": -0.67,
            "eps_growth_year": -3450,
            "eps_4q": -2.13,
            "eps_4q_growth_year": null,
            "roe": -10.15,
            "roe_4q": -29.32,
            "gross_profit": 1681,
            "gross_margin": 42.19,
            "gross_margin_4q_avg": 32.66,
            "net_income": -33471,
            "net_income_4q": null,
            "revenue": 3984,
            "revenue_4q": null,
            "common_shares": 500000,
            "book_valuer_per_share": 6.26,
            "book_valuer_per_share_4q_avg": 6.9,
            "equity": 313071,
            "current_ratio": 1083.3,
            "debt_ratio": 8.64,
            "inventory_turnover_ratio": 0.32,
            "account_receivable_turnover_ratio": 1.02,
            "reinvestment_rate": null,
            "research_to_sale_ratio": 260.27,
            "price_fair": 86.45,
            "eps_avg_yearly": 2.47,
            "eps_latest_yearly": 1.08,
            "eps_growth_yearly": 591.12
        },
        "20184": {
            "year_quarter": 20184,
            "year": 2018,
            "quarter": 4,
            "eps": -0.5,
            "eps_growth_year": null,
            "eps_4q": -1.56,
            "eps_4q_growth_year": null,
            "roe": -8.39,
            "roe_4q": -24,
            "gross_profit": 579,
            "gross_margin": 42.89,
            "gross_margin_4q_avg": 34.98,
            "net_income": -25205,
            "net_income_4q": null,
            "revenue": 1350,
            "revenue_4q": null,
            "common_shares": 500000,
            "book_valuer_per_share": 5.75,
            "book_valuer_per_share_4q_avg": 6.51,
            "equity": 287718,
            "current_ratio": 928.48,
            "debt_ratio": 9.94,
            "inventory_turnover_ratio": 0.08,
            "account_receivable_turnover_ratio": 0.91,
            "reinvestment_rate": null,
            "research_to_sale_ratio": 981.11,
            "price_fair": 86.45,
            "eps_avg_yearly": 2.47,
            "eps_latest_yearly": 1.08,
            "eps_growth_yearly": 591.12
        },
        "20191": {
            "year_quarter": 20191,
            "year": 2019,
            "quarter": 1,
            "eps": 0.2,
            "eps_growth_year": null,
            "eps_4q": -1.16,
            "eps_4q_growth_year": null,
            "roe": 3.4,
            "roe_4q": -17.75,
            "gross_profit": 1,
            "gross_margin": 0.77,
            "gross_margin_4q_avg": 28.41,
            "net_income": 9942,
            "net_income_4q": null,
            "revenue": 130,
            "revenue_4q": null,
            "common_shares": 500000,
            "book_valuer_per_share": 5.95,
            "book_valuer_per_share_4q_avg": 6.22,
            "equity": 297429,
            "current_ratio": 1041.03,
            "debt_ratio": 8.96,
            "inventory_turnover_ratio": 0.01,
            "account_receivable_turnover_ratio": 0.69,
            "reinvestment_rate": null,
            "research_to_sale_ratio": 10019.23,
            "price_fair": 86.45,
            "eps_avg_yearly": 2.47,
            "eps_latest_yearly": 1.08,
            "eps_growth_yearly": 591.12
        },
        "20192": {
            "year_quarter": 20192,
            "year": 2019,
            "quarter": 2,
            "eps": -1.23,
            "eps_growth_year": null,
            "eps_4q": -2.2,
            "eps_4q_growth_year": null,
            "roe": -22.97,
            "roe_4q": -38.11,
            "gross_profit": 64,
            "gross_margin": 37.43,
            "gross_margin_4q_avg": 30.82,
            "net_income": -61289,
            "net_income_4q": null,
            "revenue": 171,
            "revenue_4q": null,
            "common_shares": 500000,
            "book_valuer_per_share": 4.73,
            "book_valuer_per_share_4q_avg": 5.67,
            "equity": 236290,
            "current_ratio": 727.25,
            "debt_ratio": 12.23,
            "inventory_turnover_ratio": 0.01,
            "account_receivable_turnover_ratio": 5.1,
            "reinvestment_rate": null,
            "research_to_sale_ratio": 10060.82,
            "price_fair": 85.4,
            "eps_avg_yearly": 2.44,
            "eps_latest_yearly": 1.08,
            "eps_growth_yearly": 68.15
        },
        "20193": {
            "year_quarter": 20193,
            "year": 2019,
            "quarter": 3,
            "eps": -1.34,
            "eps_growth_year": null,
            "eps_4q": -3.89,
            "eps_4q_growth_year": null,
            "roe": -18.56,
            "roe_4q": -46.52,
            "gross_profit": -839,
            "gross_margin": -302.89,
            "gross_margin_4q_avg": -55.45,
            "net_income": -40158,
            "net_income_4q": null,
            "revenue": 277,
            "revenue_4q": null,
            "common_shares": 300000,
            "book_valuer_per_share": 6.55,
            "book_valuer_per_share_4q_avg": 5.75,
            "equity": 196454,
            "current_ratio": 253.17,
            "debt_ratio": 35.62,
            "inventory_turnover_ratio": 0.08,
            "account_receivable_turnover_ratio": 6.6,
            "reinvestment_rate": null,
            "research_to_sale_ratio": 6000.36,
            "price_fair": 95.2,
            "eps_avg_yearly": 2.72,
            "eps_latest_yearly": 1.08,
            "eps_growth_yearly": 155.36
        },
        "20194": {
            "year_quarter": 20194,
            "year": 2019,
            "quarter": 4,
            "eps": -1.8,
            "eps_growth_year": null,
            "eps_4q": -4.04,
            "eps_4q_growth_year": null,
            "roe": -34.35,
            "roe_4q": -72.47999999999999,
            "gross_profit": 794,
            "gross_margin": 65.51,
            "gross_margin_4q_avg": -49.8,
            "net_income": -73431,
            "net_income_4q": null,
            "revenue": 1212,
            "revenue_4q": null,
            "common_shares": 300000,
            "book_valuer_per_share": 5.14,
            "book_valuer_per_share_4q_avg": 5.59,
            "equity": 231144,
            "current_ratio": 657.85,
            "debt_ratio": 14.34,
            "inventory_turnover_ratio": 0.03,
            "account_receivable_turnover_ratio": 31.89,
            "reinvestment_rate": null,
            "research_to_sale_ratio": 1415.18,
            "price_fair": 3.24,
            "eps_avg_yearly": 1.08,
            "eps_latest_yearly": 1.08,
            "eps_growth_yearly": -216.95
        },
        "20201": {
            "year_quarter": 20201,
            "year": 2020,
            "quarter": 1,
            "eps": -1.61,
            "eps_growth_year": -905,
            "eps_4q": -5.5,
            "eps_4q_growth_year": null,
            "roe": -37.19,
            "roe_4q": -113.07,
            "gross_profit": 49,
            "gross_margin": 6.41,
            "gross_margin_4q_avg": -48.39,
            "net_income": -72497,
            "net_income_4q": null,
            "revenue": 765,
            "revenue_4q": null,
            "common_shares": 450000,
            "book_valuer_per_share": 3.53,
            "book_valuer_per_share_4q_avg": 4.99,
            "equity": 158760,
            "current_ratio": 471.07,
            "debt_ratio": 19.93,
            "inventory_turnover_ratio": 0.04,
            "account_receivable_turnover_ratio": 47.81,
            "reinvestment_rate": null,
            "research_to_sale_ratio": 2341.83,
            "price_fair": 3.24,
            "eps_avg_yearly": 1.08,
            "eps_latest_yearly": 1.08,
            "eps_growth_yearly": -216.95
        },
        "20202": {
            "year_quarter": 20202,
            "year": 2020,
            "quarter": 2,
            "eps": 0.36,
            "eps_growth_year": null,
            "eps_4q": -3.77,
            "eps_4q_growth_year": null,
            "roe": 9.76,
            "roe_4q": -80.34,
            "gross_profit": 2370,
            "gross_margin": 27.79,
            "gross_margin_4q_avg": -50.8,
            "net_income": 16298,
            "net_income_4q": null,
            "revenue": 8527,
            "revenue_4q": null,
            "common_shares": 450000,
            "book_valuer_per_share": 3.89,
            "book_valuer_per_share_4q_avg": 4.78,
            "equity": 175192,
            "current_ratio": 460.56,
            "debt_ratio": 21.32,
            "inventory_turnover_ratio": 0.33,
            "account_receivable_turnover_ratio": 143.31,
            "reinvestment_rate": null,
            "research_to_sale_ratio": 165.13,
            "price_fair": 3.24,
            "eps_avg_yearly": 1.08,
            "eps_latest_yearly": 1.08,
            "eps_growth_yearly": -216.95
        },
        "20203": {
            "year_quarter": 20203,
            "year": 2020,
            "quarter": 3,
            "eps": -1.19,
            "eps_growth_year": null,
            "eps_4q": -3.85,
            "eps_4q_growth_year": null,
            "roe": -33.24,
            "roe_4q": -95.02000000000001,
            "gross_profit": 1262,
            "gross_margin": 15.53,
            "gross_margin_4q_avg": 28.81,
            "net_income": -53466,
            "net_income_4q": null,
            "revenue": 8126,
            "revenue_4q": null,
            "common_shares": 450000,
            "book_valuer_per_share": 3.09,
            "book_valuer_per_share_4q_avg": 3.91,
            "equity": 146538,
            "current_ratio": 307.42,
            "debt_ratio": 30.77,
            "inventory_turnover_ratio": 0.29,
            "account_receivable_turnover_ratio": 104.85,
            "reinvestment_rate": null,
            "research_to_sale_ratio": 220.63,
            "price_fair": 0,
            "eps_avg_yearly": 0,
            "eps_latest_yearly": 0,
            "eps_growth_yearly": 0
        },
        "20204": {
            "year_quarter": 20204,
            "year": 2020,
            "quarter": 4,
            "eps": -0.86,
            "eps_growth_year": null,
            "eps_4q": -3.17,
            "eps_4q_growth_year": null,
            "roe": -32.41,
            "roe_4q": -93.08000000000001,
            "gross_profit": -353,
            "gross_margin": -2.53,
            "gross_margin_4q_avg": 11.8,
            "net_income": -40834,
            "net_income_4q": null,
            "revenue": 13955,
            "revenue_4q": null,
            "common_shares": 475000,
            "book_valuer_per_share": 2.22,
            "book_valuer_per_share_4q_avg": 3.18,
            "equity": 105431,
            "current_ratio": 249.23,
            "debt_ratio": 37.44,
            "inventory_turnover_ratio": 0.47,
            "account_receivable_turnover_ratio": 3.02,
            "reinvestment_rate": null,
            "research_to_sale_ratio": 42.52,
            "price_fair": 0,
            "eps_avg_yearly": 0,
            "eps_latest_yearly": 0,
            "eps_growth_yearly": 0
        },
        "20211": {
            "year_quarter": 20211,
            "year": 2021,
            "quarter": 1,
            "eps": -0.09,
            "eps_growth_year": null,
            "eps_4q": -1.73,
            "eps_4q_growth_year": null,
            "roe": -3.96,
            "roe_4q": -59.85,
            "gross_profit": 1784,
            "gross_margin": 34.88,
            "gross_margin_4q_avg": 18.92,
            "net_income": -4092,
            "net_income_4q": null,
            "revenue": 5115,
            "revenue_4q": null,
            "common_shares": 475000,
            "book_valuer_per_share": 2.14,
            "book_valuer_per_share_4q_avg": 2.84,
            "equity": 101416,
            "current_ratio": 329.87,
            "debt_ratio": 31.03,
            "inventory_turnover_ratio": 0.1,
            "account_receivable_turnover_ratio": 0.8,
            "reinvestment_rate": null,
            "research_to_sale_ratio": 84.97,
            "price_fair": 0,
            "eps_avg_yearly": 0,
            "eps_latest_yearly": 0,
            "eps_growth_yearly": 0
        },
        "20212": {
            "year_quarter": 20212,
            "year": 2021,
            "quarter": 2,
            "eps": -0.13,
            "eps_growth_year": -136.11,
            "eps_4q": -2.2,
            "eps_4q_growth_year": null,
            "roe": -6.28,
            "roe_4q": -75.89,
            "gross_profit": -395,
            "gross_margin": -11.98,
            "gross_margin_4q_avg": 8.98,
            "net_income": -6182,
            "net_income_4q": null,
            "revenue": 3297,
            "revenue_4q": null,
            "common_shares": 475000,
            "book_valuer_per_share": 2.01,
            "book_valuer_per_share_4q_avg": 2.37,
            "equity": 95305,
            "current_ratio": 310.12,
            "debt_ratio": 31.62,
            "inventory_turnover_ratio": 0.1,
            "account_receivable_turnover_ratio": 1.71,
            "reinvestment_rate": null,
            "research_to_sale_ratio": 107.37,
            "price_fair": 0,
            "eps_avg_yearly": 0,
            "eps_latest_yearly": 0,
            "eps_growth_yearly": 0
        },
        "20213": {
            "year_quarter": 20213,
            "year": 2021,
            "quarter": 3,
            "eps": -0.09,
            "eps_growth_year": null,
            "eps_4q": -1.17,
            "eps_4q_growth_year": null,
            "roe": -4.55,
            "roe_4q": -47.199999999999996,
            "gross_profit": 323,
            "gross_margin": 10.01,
            "gross_margin_4q_avg": 7.6,
            "net_income": -4236,
            "net_income_4q": null,
            "revenue": 3226,
            "revenue_4q": null,
            "common_shares": 475000,
            "book_valuer_per_share": 1.92,
            "book_valuer_per_share_4q_avg": 2.07,
            "equity": 91073,
            "current_ratio": 313.11,
            "debt_ratio": 30.98,
            "inventory_turnover_ratio": 0.07,
            "account_receivable_turnover_ratio": 8.49,
            "reinvestment_rate": null,
            "research_to_sale_ratio": 88.78,
            "price_fair": 0,
            "eps_avg_yearly": 0,
            "eps_latest_yearly": 0,
            "eps_growth_yearly": 0
        },
        "20214": {
            "year_quarter": 20214,
            "year": 2021,
            "quarter": 4,
            "eps": -0.05,
            "eps_growth_year": null,
            "eps_4q": -0.35,
            "eps_4q_growth_year": null,
            "roe": -2.61,
            "roe_4q": -17.400000000000002,
            "gross_profit": 1,
            "gross_margin": 0.09,
            "gross_margin_4q_avg": 8.25,
            "net_income": -2347,
            "net_income_4q": null,
            "revenue": 1120,
            "revenue_4q": null,
            "common_shares": 475000,
            "book_valuer_per_share": 1.87,
            "book_valuer_per_share_4q_avg": 1.99,
            "equity": 88774,
            "current_ratio": 301.69,
            "debt_ratio": 31.09,
            "inventory_turnover_ratio": 0.03,
            "account_receivable_turnover_ratio": 2.82,
            "reinvestment_rate": null,
            "research_to_sale_ratio": 368.93,
            "price_fair": 0,
            "eps_avg_yearly": 0,
            "eps_latest_yearly": 0,
            "eps_growth_yearly": 0
        },
        "20221": {
            "year_quarter": 20221,
            "year": 2022,
            "quarter": 1,
            "eps": -0.47,
            "eps_growth_year": null,
            "eps_4q": -0.74,
            "eps_4q_growth_year": null,
            "roe": -29.08,
            "roe_4q": -42.519999999999996,
            "gross_profit": -4241,
            "gross_margin": -205.28,
            "gross_margin_4q_avg": -51.79,
            "net_income": -22520,
            "net_income_4q": null,
            "revenue": 2066,
            "revenue_4q": null,
            "common_shares": 475000,
            "book_valuer_per_share": 1.39,
            "book_valuer_per_share_4q_avg": 1.8,
            "equity": 66098,
            "current_ratio": 255.97,
            "debt_ratio": 34.96,
            "inventory_turnover_ratio": 0.17,
            "account_receivable_turnover_ratio": 9.35,
            "reinvestment_rate": null,
            "research_to_sale_ratio": 148.55,
            "price_fair": 0,
            "eps_avg_yearly": 0,
            "eps_latest_yearly": 0,
            "eps_growth_yearly": 0
        },
        "20222": {
            "year_quarter": 20222,
            "year": 2022,
            "quarter": 2,
            "eps": -0.34,
            "eps_growth_year": null,
            "eps_4q": -0.96,
            "eps_4q_growth_year": null,
            "roe": -28.2,
            "roe_4q": -64.44,
            "gross_profit": -1756,
            "gross_margin": -76.18,
            "gross_margin_4q_avg": -67.84,
            "net_income": -16386,
            "net_income_4q": null,
            "revenue": 2305,
            "revenue_4q": null,
            "common_shares": 475000,
            "book_valuer_per_share": 1.06,
            "book_valuer_per_share_4q_avg": 1.56,
            "equity": 50115,
            "current_ratio": 215.64,
            "debt_ratio": 39.72,
            "inventory_turnover_ratio": 0.12,
            "account_receivable_turnover_ratio": 13.4,
            "reinvestment_rate": null,
            "research_to_sale_ratio": 119.61,
            "price_fair": 0,
            "eps_avg_yearly": 0,
            "eps_latest_yearly": 0,
            "eps_growth_yearly": 0
        },
        "20223": {
            "year_quarter": 20223,
            "year": 2022,
            "quarter": 3,
            "eps": -0.21,
            "eps_growth_year": null,
            "eps_4q": -1.04,
            "eps_4q_growth_year": null,
            "roe": -18.48,
            "roe_4q": -78.36999999999999,
            "gross_profit": 328,
            "gross_margin": 35.69,
            "gross_margin_4q_avg": -61.42,
            "net_income": -9763,
            "net_income_4q": null,
            "revenue": 919,
            "revenue_4q": null,
            "common_shares": 475000,
            "book_valuer_per_share": 1.11,
            "book_valuer_per_share_4q_avg": 1.36,
            "equity": 55555,
            "current_ratio": 251.74,
            "debt_ratio": 34.53,
            "inventory_turnover_ratio": 0.02,
            "account_receivable_turnover_ratio": 4.98,
            "reinvestment_rate": null,
            "research_to_sale_ratio": 262.24,
            "price_fair": 0,
            "eps_avg_yearly": 0,
            "eps_latest_yearly": 0,
            "eps_growth_yearly": 0
        },
        "20224": {
            "year_quarter": 20224,
            "year": 2022,
            "quarter": 4,
            "eps": -0.2,
            "eps_growth_year": null,
            "eps_4q": -1.15,
            "eps_4q_growth_year": null,
            "roe": -18.73,
            "roe_4q": -94.49,
            "gross_profit": 329,
            "gross_margin": 25.84,
            "gross_margin_4q_avg": -54.98,
            "net_income": -10189,
            "net_income_4q": null,
            "revenue": 1273,
            "revenue_4q": null,
            "common_shares": 512500,
            "book_valuer_per_share": 1.04,
            "book_valuer_per_share_4q_avg": 1.15,
            "equity": 53227,
            "current_ratio": 239.88,
            "debt_ratio": 37.1,
            "inventory_turnover_ratio": 0.03,
            "account_receivable_turnover_ratio": 4.76,
            "reinvestment_rate": null,
            "research_to_sale_ratio": 209.98,
            "price_fair": 0,
            "eps_avg_yearly": 0,
            "eps_latest_yearly": 0,
            "eps_growth_yearly": 0
        },
        "20231": {
            "year_quarter": 20231,
            "year": 2023,
            "quarter": 1,
            "eps": -0.03,
            "eps_growth_year": null,
            "eps_4q": -0.67,
            "eps_4q_growth_year": null,
            "roe": -2.06,
            "roe_4q": -67.47,
            "gross_profit": 1448,
            "gross_margin": 97.97,
            "gross_margin_4q_avg": 20.83,
            "net_income": -1596,
            "net_income_4q": null,
            "revenue": 1478,
            "revenue_4q": null,
            "common_shares": 562500,
            "book_valuer_per_share": 1.81,
            "book_valuer_per_share_4q_avg": 1.26,
            "equity": 101744,
            "current_ratio": 527.26,
            "debt_ratio": 18.55,
            "inventory_turnover_ratio": 0,
            "account_receivable_turnover_ratio": 3.76,
            "reinvestment_rate": null,
            "research_to_sale_ratio": 152.5,
            "price_fair": 0,
            "eps_avg_yearly": 0,
            "eps_latest_yearly": 0,
            "eps_growth_yearly": 0
        },
        "20232": {
            "year_quarter": 20232,
            "year": 2023,
            "quarter": 2,
            "eps": -0.19,
            "eps_growth_year": null,
            "eps_4q": -0.57,
            "eps_4q_growth_year": null,
            "roe": -11.16,
            "roe_4q": -50.43000000000001,
            "gross_profit": -1373,
            "gross_margin": -115.57,
            "gross_margin_4q_avg": 10.98,
            "net_income": -10784,
            "net_income_4q": null,
            "revenue": 1188,
            "revenue_4q": null,
            "common_shares": 562500,
            "book_valuer_per_share": 1.63,
            "book_valuer_per_share_4q_avg": 1.4,
            "equity": 91521,
            "current_ratio": 480.86,
            "debt_ratio": 22.42,
            "inventory_turnover_ratio": 0.06,
            "account_receivable_turnover_ratio": 3.11,
            "reinvestment_rate": null,
            "research_to_sale_ratio": 208.16,
            "price_fair": 0,
            "eps_avg_yearly": 0,
            "eps_latest_yearly": 0,
            "eps_growth_yearly": 0
        },
        "20233": {
            "year_quarter": 20233,
            "year": 2023,
            "quarter": 3,
            "eps": -0.13,
            "eps_growth_year": null,
            "eps_4q": -1.39,
            "eps_4q_growth_year": null,
            "roe": -2.63,
            "roe_4q": -34.58,
            "gross_profit": 1579,
            "gross_margin": 82.76,
            "gross_margin_4q_avg": 22.75,
            "net_income": -2403,
            "net_income_4q": null,
            "revenue": 1908,
            "revenue_4q": null,
            "common_shares": 180000,
            "book_valuer_per_share": 5.07,
            "book_valuer_per_share_4q_avg": 2.39,
            "equity": 91248,
            "current_ratio": 1001.75,
            "debt_ratio": 12.92,
            "inventory_turnover_ratio": 0.01,
            "account_receivable_turnover_ratio": 3.55,
            "reinvestment_rate": null,
            "research_to_sale_ratio": 173.43,
            "price_fair": 0,
            "eps_avg_yearly": 0,
            "eps_latest_yearly": 0,
            "eps_growth_yearly": 0
        },
        "20234": {
            "year_quarter": 20234,
            "year": 2023,
            "quarter": 4,
            "eps": -0.68,
            "eps_growth_year": null,
            "eps_4q": -1.51,
            "eps_4q_growth_year": null,
            "roe": -14.49,
            "roe_4q": -30.34,
            "gross_profit": -1211,
            "gross_margin": -70.98,
            "gross_margin_4q_avg": -1.46,
            "net_income": -12330,
            "net_income_4q": null,
            "revenue": 1706,
            "revenue_4q": null,
            "common_shares": 180000,
            "book_valuer_per_share": 4.39,
            "book_valuer_per_share_4q_avg": 3.23,
            "equity": 78949,
            "current_ratio": 498.19,
            "debt_ratio": 21.33,
            "inventory_turnover_ratio": 0.06,
            "account_receivable_turnover_ratio": 2.84,
            "reinvestment_rate": null,
            "research_to_sale_ratio": 180.6,
            "price_fair": 0,
            "eps_avg_yearly": 0,
            "eps_latest_yearly": 0,
            "eps_growth_yearly": 0
        }
    },
    "months": {
        "2001-06": {
            "month": "2001-06",
            "price": "19.18",
            "revenue": 100064
        },
        "2001-07": {
            "month": "2001-07",
            "price": "15.49",
            "revenue": 105320
        },
        "2001-08": {
            "month": "2001-08",
            "price": "17.27",
            "revenue": 115545
        },
        "2001-09": {
            "month": "2001-09",
            "price": "14.06",
            "revenue": 108209
        },
        "2001-10": {
            "month": "2001-10",
            "price": "11.23",
            "revenue": 110213
        },
        "2001-11": {
            "month": "2001-11",
            "price": "15.63",
            "revenue": 122072
        },
        "2001-12": {
            "month": "2001-12",
            "price": "19.90",
            "revenue": 118051
        },
        "2002-01": {
            "month": "2002-01",
            "price": "23.15",
            "revenue": 114817
        },
        "2002-02": {
            "month": "2002-02",
            "price": "21.91",
            "revenue": 82324
        },
        "2002-03": {
            "month": "2002-03",
            "price": "27.71",
            "revenue": 124643
        },
        "2002-04": {
            "month": "2002-04",
            "price": "28.07",
            "revenue": 126106
        },
        "2002-05": {
            "month": "2002-05",
            "price": "20.11",
            "revenue": 130710
        },
        "2002-06": {
            "month": "2002-06",
            "price": "16.81",
            "revenue": 113525
        },
        "2002-07": {
            "month": "2002-07",
            "price": "13.26",
            "revenue": 127748
        },
        "2002-08": {
            "month": "2002-08",
            "price": "12.64",
            "revenue": 126114
        },
        "2002-09": {
            "month": "2002-09",
            "price": "12.35",
            "revenue": 123059
        },
        "2002-10": {
            "month": "2002-10",
            "price": "10.97",
            "revenue": 110026
        },
        "2002-11": {
            "month": "2002-11",
            "price": "8.95",
            "revenue": 105470
        },
        "2002-12": {
            "month": "2002-12",
            "price": "8.24",
            "revenue": 83325
        },
        "2003-01": {
            "month": "2003-01",
            "price": "7.91",
            "revenue": 83028
        },
        "2003-02": {
            "month": "2003-02",
            "price": "7.35",
            "revenue": 53195
        },
        "2003-03": {
            "month": "2003-03",
            "price": "6.76",
            "revenue": 79972
        },
        "2003-04": {
            "month": "2003-04",
            "price": "5.66",
            "revenue": 78354
        },
        "2003-05": {
            "month": "2003-05",
            "price": "4.08",
            "revenue": 63456
        },
        "2003-06": {
            "month": "2003-06",
            "price": "6.72",
            "revenue": 67758
        },
        "2003-07": {
            "month": "2003-07",
            "price": "7.98",
            "revenue": 73511
        },
        "2003-08": {
            "month": "2003-08",
            "price": "6.49",
            "revenue": 74970
        },
        "2003-09": {
            "month": "2003-09",
            "price": "5.54",
            "revenue": 83055
        },
        "2003-10": {
            "month": "2003-10",
            "price": "5.88",
            "revenue": 87497
        },
        "2003-11": {
            "month": "2003-11",
            "price": "6.82",
            "revenue": 90868
        },
        "2003-12": {
            "month": "2003-12",
            "price": "6.67",
            "revenue": 83729
        },
        "2004-01": {
            "month": "2004-01",
            "price": "7.51",
            "revenue": 80323
        },
        "2004-02": {
            "month": "2004-02",
            "price": "9.02",
            "revenue": 87403
        },
        "2004-03": {
            "month": "2004-03",
            "price": "10.71",
            "revenue": 88177
        },
        "2004-04": {
            "month": "2004-04",
            "price": "13.06",
            "revenue": 82804
        },
        "2004-05": {
            "month": "2004-05",
            "price": "10.97",
            "revenue": 91382
        },
        "2004-06": {
            "month": "2004-06",
            "price": "8.74",
            "revenue": 94619
        },
        "2004-07": {
            "month": "2004-07",
            "price": "7.19",
            "revenue": 107513
        },
        "2004-08": {
            "month": "2004-08",
            "price": "6.42",
            "revenue": 126835
        },
        "2004-09": {
            "month": "2004-09",
            "price": "5.60",
            "revenue": 111782
        },
        "2004-10": {
            "month": "2004-10",
            "price": "5.08",
            "revenue": 107251
        },
        "2004-11": {
            "month": "2004-11",
            "price": "4.54",
            "revenue": 102508
        },
        "2004-12": {
            "month": "2004-12",
            "price": "4.09",
            "revenue": 94274
        },
        "2005-01": {
            "month": "2005-01",
            "price": "4.51",
            "revenue": 87981
        },
        "2005-02": {
            "month": "2005-02",
            "price": "5.12",
            "revenue": 68444
        },
        "2005-03": {
            "month": "2005-03",
            "price": "5.77",
            "revenue": 88193
        },
        "2005-04": {
            "month": "2005-04",
            "price": "5.42",
            "revenue": 81129
        },
        "2005-05": {
            "month": "2005-05",
            "price": "5.16",
            "revenue": 84808
        },
        "2005-06": {
            "month": "2005-06",
            "price": "6.78",
            "revenue": 91141
        },
        "2005-07": {
            "month": "2005-07",
            "price": "7.82",
            "revenue": 104098
        },
        "2005-08": {
            "month": "2005-08",
            "price": "6.77",
            "revenue": 112532
        },
        "2005-09": {
            "month": "2005-09",
            "price": "5.91",
            "revenue": 110116
        },
        "2005-10": {
            "month": "2005-10",
            "price": "5.56",
            "revenue": 95714
        },
        "2005-11": {
            "month": "2005-11",
            "price": "5.70",
            "revenue": 99786
        },
        "2005-12": {
            "month": "2005-12",
            "price": "6.16",
            "revenue": 98433
        },
        "2006-01": {
            "month": "2006-01",
            "price": "6.83",
            "revenue": 89873
        },
        "2006-02": {
            "month": "2006-02",
            "price": "5.94",
            "revenue": 80740
        },
        "2006-03": {
            "month": "2006-03",
            "price": "5.56",
            "revenue": 76611
        },
        "2006-04": {
            "month": "2006-04",
            "price": "5.66",
            "revenue": 84694
        },
        "2006-05": {
            "month": "2006-05",
            "price": "5.06",
            "revenue": 77797
        },
        "2006-06": {
            "month": "2006-06",
            "price": "4.05",
            "revenue": 84897
        },
        "2006-07": {
            "month": "2006-07",
            "price": "3.76",
            "revenue": 85238
        },
        "2006-08": {
            "month": "2006-08",
            "price": "3.82",
            "revenue": 93307
        },
        "2006-09": {
            "month": "2006-09",
            "price": "3.01",
            "revenue": 85451
        },
        "2006-10": {
            "month": "2006-10",
            "price": "3.20",
            "revenue": 72815
        },
        "2006-11": {
            "month": "2006-11",
            "price": "3.56",
            "revenue": 74889
        },
        "2006-12": {
            "month": "2006-12",
            "price": "4.64",
            "revenue": 62711
        },
        "2007-01": {
            "month": "2007-01",
            "price": "4.24",
            "revenue": 55354
        },
        "2007-02": {
            "month": "2007-02",
            "price": "3.48",
            "revenue": 36591
        },
        "2007-03": {
            "month": "2007-03",
            "price": "3.71",
            "revenue": 56536
        },
        "2007-04": {
            "month": "2007-04",
            "price": "4.12",
            "revenue": 62087
        },
        "2007-05": {
            "month": "2007-05",
            "price": "3.58",
            "revenue": 65070
        },
        "2007-06": {
            "month": "2007-06",
            "price": "3.87",
            "revenue": 81179
        },
        "2007-07": {
            "month": "2007-07",
            "price": "6.12",
            "revenue": 79958
        },
        "2007-08": {
            "month": "2007-08",
            "price": "5.73",
            "revenue": 97158
        },
        "2007-09": {
            "month": "2007-09",
            "price": "5.09",
            "revenue": 89351
        },
        "2007-10": {
            "month": "2007-10",
            "price": "16.32",
            "revenue": 69825
        },
        "2007-11": {
            "month": "2007-11",
            "price": "11.64",
            "revenue": 52457
        },
        "2007-12": {
            "month": "2007-12",
            "price": "9.80",
            "revenue": 53098
        },
        "2008-01": {
            "month": "2008-01",
            "price": "8.24",
            "revenue": 47213
        },
        "2008-02": {
            "month": "2008-02",
            "price": "8.06",
            "revenue": 37789
        },
        "2008-03": {
            "month": "2008-03",
            "price": "9.27",
            "revenue": 53503
        },
        "2008-04": {
            "month": "2008-04",
            "price": "8.93",
            "revenue": 62858
        },
        "2008-05": {
            "month": "2008-05",
            "price": "10.58",
            "revenue": 71474
        },
        "2008-06": {
            "month": "2008-06",
            "price": "11.84",
            "revenue": 77718
        },
        "2008-07": {
            "month": "2008-07",
            "price": "8.84",
            "revenue": 66175
        },
        "2008-08": {
            "month": "2008-08",
            "price": "7.80",
            "revenue": 63847
        },
        "2008-09": {
            "month": "2008-09",
            "price": "4.99",
            "revenue": 60193
        },
        "2008-10": {
            "month": "2008-10",
            "price": "4.27",
            "revenue": 30917
        },
        "2008-11": {
            "month": "2008-11",
            "price": "3.02",
            "revenue": 16947
        },
        "2008-12": {
            "month": "2008-12",
            "price": "2.88",
            "revenue": 16746
        },
        "2009-01": {
            "month": "2009-01",
            "price": "3.25",
            "revenue": 13155
        },
        "2009-02": {
            "month": "2009-02",
            "price": "3.22",
            "revenue": 22717
        },
        "2009-03": {
            "month": "2009-03",
            "price": "4.26",
            "revenue": 30299
        },
        "2009-04": {
            "month": "2009-04",
            "price": "5.18",
            "revenue": 26415
        },
        "2009-05": {
            "month": "2009-05",
            "price": "4.60",
            "revenue": 25842
        },
        "2009-06": {
            "month": "2009-06",
            "price": "4.66",
            "revenue": 30571
        },
        "2009-07": {
            "month": "2009-07",
            "price": "4.84",
            "revenue": 31311
        },
        "2009-08": {
            "month": "2009-08",
            "price": "5.37",
            "revenue": 31016
        },
        "2009-09": {
            "month": "2009-09",
            "price": "5.91",
            "revenue": 37066
        },
        "2009-10": {
            "month": "2009-10",
            "price": "6.64",
            "revenue": 25608
        },
        "2009-11": {
            "month": "2009-11",
            "price": "6.74",
            "revenue": 28364
        },
        "2009-12": {
            "month": "2009-12",
            "price": "9.31",
            "revenue": 27282
        },
        "2010-01": {
            "month": "2010-01",
            "price": "16.58",
            "revenue": 33819
        },
        "2010-02": {
            "month": "2010-02",
            "price": "16.16",
            "revenue": 23530
        },
        "2010-03": {
            "month": "2010-03",
            "price": "16.75",
            "revenue": 42019
        },
        "2010-04": {
            "month": "2010-04",
            "price": "18.97",
            "revenue": 37767
        },
        "2010-05": {
            "month": "2010-05",
            "price": "17.56",
            "revenue": 36149
        },
        "2010-06": {
            "month": "2010-06",
            "price": "15.25",
            "revenue": 32738
        },
        "2010-07": {
            "month": "2010-07",
            "price": "15.48",
            "revenue": 34215
        },
        "2010-08": {
            "month": "2010-08",
            "price": "15.47",
            "revenue": 28705
        },
        "2010-09": {
            "month": "2010-09",
            "price": "12.83",
            "revenue": 37405
        },
        "2010-10": {
            "month": "2010-10",
            "price": "9.96",
            "revenue": 27819
        },
        "2010-11": {
            "month": "2010-11",
            "price": "9.18",
            "revenue": 28229
        },
        "2010-12": {
            "month": "2010-12",
            "price": "10.55",
            "revenue": 26628
        },
        "2011-01": {
            "month": "2011-01",
            "price": "10.54",
            "revenue": 29820
        },
        "2011-02": {
            "month": "2011-02",
            "price": "9.61",
            "revenue": 12725
        },
        "2011-03": {
            "month": "2011-03",
            "price": "8.79",
            "revenue": 24072
        },
        "2011-04": {
            "month": "2011-04",
            "price": "8.87",
            "revenue": 22234
        },
        "2011-05": {
            "month": "2011-05",
            "price": "7.81",
            "revenue": 20475
        },
        "2011-06": {
            "month": "2011-06",
            "price": "7.33",
            "revenue": 17286
        },
        "2011-07": {
            "month": "2011-07",
            "price": "6.37",
            "revenue": 20460
        },
        "2011-08": {
            "month": "2011-08",
            "price": "4.86",
            "revenue": 19008
        },
        "2011-09": {
            "month": "2011-09",
            "price": "4.31",
            "revenue": 17180
        },
        "2011-10": {
            "month": "2011-10",
            "price": "4.24",
            "revenue": 13510
        },
        "2011-11": {
            "month": "2011-11",
            "price": "3.93",
            "revenue": 14910
        },
        "2011-12": {
            "month": "2011-12",
            "price": "3.21",
            "revenue": 12099
        },
        "2012-01": {
            "month": "2012-01",
            "price": "3.71",
            "revenue": 7709
        },
        "2012-02": {
            "month": "2012-02",
            "price": "4.60",
            "revenue": 13475
        },
        "2012-03": {
            "month": "2012-03",
            "price": "4.36",
            "revenue": 15842
        },
        "2012-04": {
            "month": "2012-04",
            "price": "4.04",
            "revenue": 15832
        },
        "2012-05": {
            "month": "2012-05",
            "price": "4.19",
            "revenue": 20112
        },
        "2012-06": {
            "month": "2012-06",
            "price": "3.83",
            "revenue": 18334
        },
        "2012-07": {
            "month": "2012-07",
            "price": "3.94",
            "revenue": 22011
        },
        "2012-08": {
            "month": "2012-08",
            "price": "4.31",
            "revenue": 24019
        },
        "2012-09": {
            "month": "2012-09",
            "price": "4.58",
            "revenue": 18180
        },
        "2012-10": {
            "month": "2012-10",
            "price": "4.24",
            "revenue": 17425
        },
        "2012-11": {
            "month": "2012-11",
            "price": "4.02",
            "revenue": 12706
        },
        "2012-12": {
            "month": "2012-12",
            "price": "4.01",
            "revenue": 16425
        },
        "2013-01": {
            "month": "2013-01",
            "price": "5.47",
            "revenue": 16558
        },
        "2013-02": {
            "month": "2013-02",
            "price": "7.12",
            "revenue": 8105
        },
        "2013-03": {
            "month": "2013-03",
            "price": "6.28",
            "revenue": 18200
        },
        "2013-04": {
            "month": "2013-04",
            "price": "6.60",
            "revenue": 20743
        },
        "2013-05": {
            "month": "2013-05",
            "price": "6.87",
            "revenue": 21841
        },
        "2013-06": {
            "month": "2013-06",
            "price": "6.84",
            "revenue": 23371
        },
        "2013-07": {
            "month": "2013-07",
            "price": "6.69",
            "revenue": 28877
        },
        "2013-08": {
            "month": "2013-08",
            "price": "6.40",
            "revenue": 20071
        },
        "2013-09": {
            "month": "2013-09",
            "price": "6.13",
            "revenue": 17850
        },
        "2013-10": {
            "month": "2013-10",
            "price": "6.13",
            "revenue": 18989
        },
        "2013-11": {
            "month": "2013-11",
            "price": "6.02",
            "revenue": 18498
        },
        "2013-12": {
            "month": "2013-12",
            "price": "6.10",
            "revenue": 16680
        },
        "2014-01": {
            "month": "2014-01",
            "price": "7.07",
            "revenue": 16478
        },
        "2014-02": {
            "month": "2014-02",
            "price": "7.07",
            "revenue": 16429
        },
        "2014-03": {
            "month": "2014-03",
            "price": "9.34",
            "revenue": 19437
        },
        "2014-04": {
            "month": "2014-04",
            "price": "9.81",
            "revenue": 22568
        },
        "2014-05": {
            "month": "2014-05",
            "price": "8.35",
            "revenue": 18708
        },
        "2014-06": {
            "month": "2014-06",
            "price": "8.86",
            "revenue": 14856
        },
        "2014-07": {
            "month": "2014-07",
            "price": "9.37",
            "revenue": 19336
        },
        "2014-08": {
            "month": "2014-08",
            "price": "9.57",
            "revenue": 14682
        },
        "2014-09": {
            "month": "2014-09",
            "price": "8.94",
            "revenue": 16216
        },
        "2014-10": {
            "month": "2014-10",
            "price": "7.68",
            "revenue": 6384
        },
        "2014-11": {
            "month": "2014-11",
            "price": "7.04",
            "revenue": 22749
        },
        "2014-12": {
            "month": "2014-12",
            "price": "8.47",
            "revenue": 16759
        },
        "2015-01": {
            "month": "2015-01",
            "price": "11.70",
            "revenue": 15867
        },
        "2015-02": {
            "month": "2015-02",
            "price": "12.43",
            "revenue": 6304
        },
        "2015-03": {
            "month": "2015-03",
            "price": "11.73",
            "revenue": 12220
        },
        "2015-04": {
            "month": "2015-04",
            "price": "11.27",
            "revenue": 8530
        },
        "2015-05": {
            "month": "2015-05",
            "price": "11.15",
            "revenue": 10525
        },
        "2015-06": {
            "month": "2015-06",
            "price": "10.02",
            "revenue": 10071
        },
        "2015-07": {
            "month": "2015-07",
            "price": "10.25",
            "revenue": 10643
        },
        "2015-08": {
            "month": "2015-08",
            "price": "9.86",
            "revenue": 11831
        },
        "2015-09": {
            "month": "2015-09",
            "price": "9.81",
            "revenue": 11188
        },
        "2015-10": {
            "month": "2015-10",
            "price": "9.75",
            "revenue": 9352
        },
        "2015-11": {
            "month": "2015-11",
            "price": "10.07",
            "revenue": 10655
        },
        "2015-12": {
            "month": "2015-12",
            "price": "10.07",
            "revenue": 11194
        },
        "2016-01": {
            "month": "2016-01",
            "price": "9.53",
            "revenue": 10800
        },
        "2016-02": {
            "month": "2016-02",
            "price": "9.64",
            "revenue": 6924
        },
        "2016-03": {
            "month": "2016-03",
            "price": "10.17",
            "revenue": 11452
        },
        "2016-04": {
            "month": "2016-04",
            "price": "10.63",
            "revenue": 10091
        },
        "2016-05": {
            "month": "2016-05",
            "price": "9.25",
            "revenue": 9901
        },
        "2016-06": {
            "month": "2016-06",
            "price": "8.69",
            "revenue": 9544
        },
        "2016-07": {
            "month": "2016-07",
            "price": "9.02",
            "revenue": 9912
        },
        "2016-08": {
            "month": "2016-08",
            "price": "8.97",
            "revenue": 9733
        },
        "2016-09": {
            "month": "2016-09",
            "price": "8.82",
            "revenue": 8954
        },
        "2016-10": {
            "month": "2016-10",
            "price": "8.55",
            "revenue": 7400
        },
        "2016-11": {
            "month": "2016-11",
            "price": "8.27",
            "revenue": 9360
        },
        "2016-12": {
            "month": "2016-12",
            "price": "8.21",
            "revenue": 9406
        },
        "2017-01": {
            "month": "2017-01",
            "price": "8.07",
            "revenue": 4740
        },
        "2017-02": {
            "month": "2017-02",
            "price": "8.40",
            "revenue": 5337
        },
        "2017-03": {
            "month": "2017-03",
            "price": "8.66",
            "revenue": 8259
        },
        "2017-04": {
            "month": "2017-04",
            "price": "8.24",
            "revenue": 7006
        },
        "2017-05": {
            "month": "2017-05",
            "price": "8.05",
            "revenue": 6329
        },
        "2017-06": {
            "month": "2017-06",
            "price": "8.17",
            "revenue": 7740
        },
        "2017-07": {
            "month": "2017-07",
            "price": "8.27",
            "revenue": 7173
        },
        "2017-08": {
            "month": "2017-08",
            "price": "7.73",
            "revenue": 9360
        },
        "2017-09": {
            "month": "2017-09",
            "price": "7.77",
            "revenue": 8255
        },
        "2017-10": {
            "month": "2017-10",
            "price": "8.01",
            "revenue": 2191
        },
        "2017-11": {
            "month": "2017-11",
            "price": "7.64",
            "revenue": 3711
        },
        "2017-12": {
            "month": "2017-12",
            "price": "7.67",
            "revenue": 3229
        },
        "2018-01": {
            "month": "2018-01",
            "price": "7.69",
            "revenue": 2001
        },
        "2018-02": {
            "month": "2018-02",
            "price": "7.49",
            "revenue": 2783
        },
        "2018-03": {
            "month": "2018-03",
            "price": "7.67",
            "revenue": 3762
        },
        "2018-04": {
            "month": "2018-04",
            "price": "7.53",
            "revenue": 1199
        },
        "2018-05": {
            "month": "2018-05",
            "price": "7.53",
            "revenue": 2758
        },
        "2018-06": {
            "month": "2018-06",
            "price": "11.72",
            "revenue": 582
        },
        "2018-07": {
            "month": "2018-07",
            "price": "10.43",
            "revenue": 1281
        },
        "2018-08": {
            "month": "2018-08",
            "price": "9.99",
            "revenue": 1656
        },
        "2018-09": {
            "month": "2018-09",
            "price": "10.14",
            "revenue": 1046
        },
        "2018-10": {
            "month": "2018-10",
            "price": "8.76",
            "revenue": 793
        },
        "2018-11": {
            "month": "2018-11",
            "price": "7.89",
            "revenue": 311
        },
        "2018-12": {
            "month": "2018-12",
            "price": "7.79",
            "revenue": 247
        },
        "2019-01": {
            "month": "2019-01",
            "price": "7.31",
            "revenue": 36
        },
        "2019-02": {
            "month": "2019-02",
            "price": "7.39",
            "revenue": 30
        },
        "2019-03": {
            "month": "2019-03",
            "price": "7.17",
            "revenue": 64
        },
        "2019-04": {
            "month": "2019-04",
            "price": "5.93",
            "revenue": 16
        },
        "2019-05": {
            "month": "2019-05",
            "price": "5.68",
            "revenue": 60
        },
        "2019-06": {
            "month": "2019-06",
            "price": "5.67",
            "revenue": 95
        },
        "2019-07": {
            "month": "2019-07",
            "price": "5.37",
            "revenue": 153
        },
        "2019-08": {
            "month": "2019-08",
            "price": "4.92",
            "revenue": 28
        },
        "2019-09": {
            "month": "2019-09",
            "price": "3.94",
            "revenue": 96
        },
        "2019-10": {
            "month": "2019-10",
            "price": "6.78",
            "revenue": 203
        },
        "2019-11": {
            "month": "2019-11",
            "price": "5.45",
            "revenue": 163
        },
        "2019-12": {
            "month": "2019-12",
            "price": "5.40",
            "revenue": 846
        },
        "2020-01": {
            "month": "2020-01",
            "price": "5.96",
            "revenue": 211
        },
        "2020-02": {
            "month": "2020-02",
            "price": "5.74",
            "revenue": 353
        },
        "2020-03": {
            "month": "2020-03",
            "price": "4.95",
            "revenue": 201
        },
        "2020-04": {
            "month": "2020-04",
            "price": "4.70",
            "revenue": 563
        },
        "2020-05": {
            "month": "2020-05",
            "price": "5.25",
            "revenue": 969
        },
        "2020-06": {
            "month": "2020-06",
            "price": "8.55",
            "revenue": 6994
        },
        "2020-07": {
            "month": "2020-07",
            "price": "11.39",
            "revenue": 4841
        },
        "2020-08": {
            "month": "2020-08",
            "price": "10.08",
            "revenue": 1501
        },
        "2020-09": {
            "month": "2020-09",
            "price": "9.78",
            "revenue": 1784
        },
        "2020-10": {
            "month": "2020-10",
            "price": "9.66",
            "revenue": 3667
        },
        "2020-11": {
            "month": "2020-11",
            "price": "9.07",
            "revenue": 2827
        },
        "2020-12": {
            "month": "2020-12",
            "price": "8.49",
            "revenue": 3149
        },
        "2021-01": {
            "month": "2021-01",
            "price": "7.42",
            "revenue": 1446
        },
        "2021-02": {
            "month": "2021-02",
            "price": "6.70",
            "revenue": 1860
        },
        "2021-03": {
            "month": "2021-03",
            "price": "7.37",
            "revenue": 1809
        },
        "2021-04": {
            "month": "2021-04",
            "price": "7.61",
            "revenue": 806
        },
        "2021-05": {
            "month": "2021-05",
            "price": "6.95",
            "revenue": 1853
        },
        "2021-06": {
            "month": "2021-06",
            "price": "6.25",
            "revenue": 638
        },
        "2021-07": {
            "month": "2021-07",
            "price": "6.41",
            "revenue": 1966
        },
        "2021-08": {
            "month": "2021-08",
            "price": "6.03",
            "revenue": 951
        },
        "2021-09": {
            "month": "2021-09",
            "price": "5.80",
            "revenue": 309
        },
        "2021-10": {
            "month": "2021-10",
            "price": "5.69",
            "revenue": 240
        },
        "2021-11": {
            "month": "2021-11",
            "price": "5.73",
            "revenue": 293
        },
        "2021-12": {
            "month": "2021-12",
            "price": "5.50",
            "revenue": 588
        },
        "2022-01": {
            "month": "2022-01",
            "price": "6.19",
            "revenue": 566
        },
        "2022-02": {
            "month": "2022-02",
            "price": "6.05",
            "revenue": 461
        },
        "2022-03": {
            "month": "2022-03",
            "price": "5.58",
            "revenue": 1039
        },
        "2022-04": {
            "month": "2022-04",
            "price": "5.23",
            "revenue": 1048
        },
        "2022-05": {
            "month": "2022-05",
            "price": "5.32",
            "revenue": 707
        },
        "2022-06": {
            "month": "2022-06",
            "price": "5.79",
            "revenue": 550
        },
        "2022-07": {
            "month": "2022-07",
            "price": "5.79",
            "revenue": 336
        },
        "2022-08": {
            "month": "2022-08",
            "price": "5.88",
            "revenue": 286
        },
        "2022-09": {
            "month": "2022-09",
            "price": "6.04",
            "revenue": 296
        },
        "2022-10": {
            "month": "2022-10",
            "price": "5.85",
            "revenue": 238
        },
        "2022-11": {
            "month": "2022-11",
            "price": "6.00",
            "revenue": 485
        },
        "2022-12": {
            "month": "2022-12",
            "price": "6.11",
            "revenue": 551
        },
        "2023-01": {
            "month": "2023-01",
            "price": "6.94",
            "revenue": 605
        },
        "2023-02": {
            "month": "2023-02",
            "price": "6.36",
            "revenue": 308
        },
        "2023-03": {
            "month": "2023-03",
            "price": "5.84",
            "revenue": 565
        },
        "2023-04": {
            "month": "2023-04",
            "price": "5.28",
            "revenue": 347
        },
        "2023-05": {
            "month": "2023-05",
            "price": "4.98",
            "revenue": 404
        },
        "2023-06": {
            "month": "2023-06",
            "price": "5.12",
            "revenue": 437
        },
        "2023-07": {
            "month": "2023-07",
            "price": "5.20",
            "revenue": 547
        },
        "2023-08": {
            "month": "2023-08",
            "price": "4.94",
            "revenue": 498
        },
        "2023-09": {
            "month": "2023-09",
            "price": "7.35",
            "revenue": 864
        },
        "2023-10": {
            "month": "2023-10",
            "price": "13.44",
            "revenue": 643
        },
        "2023-11": {
            "month": "2023-11",
            "price": "12.96",
            "revenue": 573
        },
        "2023-12": {
            "month": "2023-12",
            "price": "12.84",
            "revenue": 490
        },
        "2024-01": {
            "month": "2024-01",
            "price": "10.72",
            "revenue": 279
        },
        "2024-02": {
            "month": "2024-02",
            "price": "10.32",
            "revenue": 387
        }
    }
}
