{
    "summary": {
        "stock_name": "世界",
        "stock_id": "5347",
        "category": "半導體",
        "main_business": "依客戶訂單與其提供之產品設計說明，從事製造與銷售積體電路。<br>提供前述產品之封裝與測試服務。提供製造光罩及其設計服務。<br>提供積體電路以及其他晶圓半導體裝置之電腦輔助設計技術服務。",
        "website_url": "http://www.vis.com.tw",
        "ceo": "尉濟時",
        "pe_ratio": 12,
        "report_year_from": 2001,
        "report_year_to": 2023,
        "age": 22,
        "eps_negative_percentage": 9,
        "eps_growth_avg": {
            "last_all": 17.93,
            "last_2y": 41.53,
            "last_4y": 31.27,
            "last_8y": 18.67,
            "last_12y": 30.51,
            "last_16y": 16.02,
            "last_20y": 17.93,
            "at_2006_last_3y": 23.91,
            "at_2007_last_3y": 28.04,
            "at_2008_last_3y": -16.02,
            "at_2009_last_3y": -31.06,
            "at_2010_last_3y": -6.91,
            "at_2011_last_3y": -30.58,
            "at_2012_last_3y": 13.49,
            "at_2013_last_3y": 57.14,
            "at_2014_last_3y": 37.39,
            "at_2015_last_3y": 44.96,
            "at_2016_last_3y": 28.33,
            "at_2017_last_3y": 2.91,
            "at_2018_last_3y": 6.93,
            "at_2019_last_3y": 11.59,
            "at_2020_last_3y": 5.12,
            "at_2021_last_3y": 31.78,
            "at_2022_last_3y": 29.82,
            "at_2023_last_3y": 29.82,
            "at_2006_last_all": 23.91,
            "at_2007_last_all": 28.04,
            "at_2008_last_all": 7.18,
            "at_2009_last_all": -9.32,
            "at_2010_last_all": 6.3,
            "at_2011_last_all": -1.27,
            "at_2012_last_all": 9.98,
            "at_2013_last_all": 17.26,
            "at_2014_last_all": 17.61,
            "at_2015_last_all": 14.14,
            "at_2016_last_all": 15.63,
            "at_2017_last_all": 13.16,
            "at_2018_last_all": 14.76,
            "at_2019_last_all": 13.5,
            "at_2020_last_all": 13.16,
            "at_2021_last_all": 17.3,
            "at_2022_last_all": 17.93,
            "at_2023_last_all": 17.93
        },
        "latest_eps": 7.66,
        "latest_price": 88.1,
        "latest_roe": 29,
        "latest_gross_margin": 30.03,
        "latest_equity": 46613239,
        "latest_revenue": 8186889,
        "latest_gross_profit": 2458654,
        "latest_net_income": 1363819,
        "latest_debt_ratio": 54.2,
        "latest_current_ratio": 213.24,
        "latest_account_receivable_turnover_ratio": 1.68,
        "latest_inventory_turnover_ratio": 0.95,
        "latest_reinvestment_rate": 78.66,
        "latest_research_to_sale_ratio": 6.87
    },
    "eps_dividends": {
        "2001": {
            "cash": 0,
            "stock": 0,
            "eps": -3.96
        },
        "2002": {
            "cash": 0,
            "stock": 0,
            "eps": -1.48
        },
        "2003": {
            "cash": 0,
            "stock": 0,
            "eps": 0.07
        },
        "2004": {
            "cash": 0,
            "stock": 0,
            "eps": 2.59
        },
        "2005": {
            "cash": 1.63,
            "stock": 0.69,
            "eps": 1.77
        },
        "2006": {
            "cash": 1.4,
            "stock": 0.1,
            "eps": 1.83
        },
        "2007": {
            "cash": 1.39,
            "stock": 0.1,
            "eps": 2.57
        },
        "2008": {
            "cash": 1.72,
            "stock": 0.05,
            "eps": 0.61
        },
        "2009": {
            "cash": 0.4,
            "stock": 0,
            "eps": 0.05
        },
        "2010": {
            "cash": 0.4,
            "stock": 0,
            "eps": 1.18
        },
        "2011": {
            "cash": 0.6,
            "stock": 0,
            "eps": 0.54
        },
        "2012": {
            "cash": 0.6,
            "stock": 0,
            "eps": 1.51
        },
        "2013": {
            "cash": 1,
            "stock": 0,
            "eps": 2.76
        },
        "2014": {
            "cash": 1.8,
            "stock": 0,
            "eps": 3.34
        },
        "2015": {
            "cash": 2.6,
            "stock": 0,
            "eps": 2.54
        },
        "2016": {
            "cash": 2.6,
            "stock": 0,
            "eps": 3.39
        },
        "2017": {
            "cash": 3,
            "stock": 0,
            "eps": 2.75
        },
        "2018": {
            "cash": 3,
            "stock": 0,
            "eps": 3.77
        },
        "2019": {
            "cash": 3.2,
            "stock": 0,
            "eps": 3.57
        },
        "2020": {
            "cash": 3.2,
            "stock": 0,
            "eps": 3.84
        },
        "2021": {
            "cash": 3.5,
            "stock": 0,
            "eps": 7.21
        },
        "2022": {
            "cash": 4.5,
            "stock": 0,
            "eps": 9.32
        },
        "2023": {
            "cash": 4.5,
            "stock": 0,
            "eps": 0.83
        }
    },
    "dividends": {
        "2005-02-25": {
            "cash": 1.63,
            "stock": 0.69
        },
        "2006-02-10": {
            "cash": 1.4,
            "stock": 0.1
        },
        "2007-02-12": {
            "cash": 1.39,
            "stock": 0.1
        },
        "2008-02-26": {
            "cash": 1.72,
            "stock": 0.05
        },
        "2009-02-20": {
            "cash": 0.4,
            "stock": 0
        },
        "2010-02-05": {
            "cash": 0.4,
            "stock": 0
        },
        "2011-01-28": {
            "cash": 0.6,
            "stock": 0
        },
        "2012-06-12": {
            "cash": 0.6,
            "stock": 0
        },
        "2013-06-18": {
            "cash": 1,
            "stock": 0
        },
        "2014-06-12": {
            "cash": 1.8,
            "stock": 0
        },
        "2015-07-22": {
            "cash": 2.6,
            "stock": 0
        },
        "2016-07-25": {
            "cash": 2.6,
            "stock": 0
        },
        "2017-07-28": {
            "cash": 3,
            "stock": 0
        },
        "2018-07-27": {
            "cash": 3,
            "stock": 0
        },
        "2019-07-25": {
            "cash": 3.2,
            "stock": 0
        },
        "2020-07-30": {
            "cash": 3.2,
            "stock": 0
        },
        "2021-09-15": {
            "cash": 3.5,
            "stock": 0
        },
        "2022-07-28": {
            "cash": 4.5,
            "stock": 0
        },
        "2023-07-27": {
            "cash": 4.5,
            "stock": 0
        }
    },
    "prices": {
        "200101": "17.83",
        "200102": "22.17",
        "200103": "21.08",
        "200104": "17.92",
        "200105": "15.32",
        "200106": "14.46",
        "200107": "12.51",
        "200108": "10.30",
        "200109": "6.88",
        "200110": "5.62",
        "200111": "6.98",
        "200112": "11.85",
        "200201": "15.21",
        "200202": "14.25",
        "200203": "18.57",
        "200204": "25.71",
        "200205": "21.01",
        "200206": "19.57",
        "200207": "16.88",
        "200208": "13.45",
        "200209": "10.96",
        "200210": "9.42",
        "200211": "9.10",
        "200212": "7.78",
        "200301": "8.64",
        "200302": "7.70",
        "200303": "7.44",
        "200304": "6.88",
        "200305": "4.99",
        "200306": "6.29",
        "200307": "7.07",
        "200308": "7.17",
        "200309": "8.36",
        "200310": "11.31",
        "200311": "13.14",
        "200312": "13.32",
        "200401": "13.93",
        "200402": "13.86",
        "200403": "13.93",
        "200404": "17.13",
        "200405": "15.17",
        "200406": "13.83",
        "200407": "10.96",
        "200408": "10.53",
        "200409": "10.13",
        "200410": "17.88",
        "200411": "20.10",
        "200412": "20.75",
        "200501": "21.83",
        "200502": "23.78",
        "200503": "23.29",
        "200504": "23.65",
        "200505": "24.43",
        "200506": "28.43",
        "200507": "30.33",
        "200508": "26.75",
        "200509": "22.67",
        "200510": "21.29",
        "200511": "21.65",
        "200512": "25.11",
        "200601": "23.21",
        "200602": "20.36",
        "200603": "21.32",
        "200604": "23.82",
        "200605": "23.43",
        "200606": "20.76",
        "200607": "19.75",
        "200608": "20.24",
        "200609": "20.94",
        "200610": "22.13",
        "200611": "22.57",
        "200612": "22.95",
        "200701": "23.96",
        "200702": "26.16",
        "200703": "27.05",
        "200704": "28.26",
        "200705": "30.90",
        "200706": "32.91",
        "200707": "31.88",
        "200708": "27.93",
        "200709": "28.51",
        "200710": "29.26",
        "200711": "27.19",
        "200712": "24.58",
        "200801": "21.19",
        "200802": "20.97",
        "200803": "21.31",
        "200804": "23.65",
        "200805": "21.63",
        "200806": "22.60",
        "200807": "19.77",
        "200808": "15.97",
        "200809": "12.51",
        "200810": "10.51",
        "200811": "7.55",
        "200812": "7.05",
        "200901": "7.09",
        "200902": "7.09",
        "200903": "9.77",
        "200904": "12.19",
        "200905": "13.40",
        "200906": "13.30",
        "200907": "14.41",
        "200908": "14.75",
        "200909": "14.31",
        "200910": "13.85",
        "200911": "13.05",
        "200912": "14.37",
        "201001": "16.21",
        "201002": "14.24",
        "201003": "15.24",
        "201004": "15.55",
        "201005": "13.16",
        "201006": "13.01",
        "201007": "13.56",
        "201008": "13.50",
        "201009": "13.44",
        "201010": "13.23",
        "201011": "12.82",
        "201012": "14.10",
        "201101": "15.76",
        "201102": "17.12",
        "201103": "14.94",
        "201104": "14.39",
        "201105": "15.03",
        "201106": "15.09",
        "201107": "14.51",
        "201108": "11.17",
        "201109": "11.16",
        "201110": "10.60",
        "201111": "11.05",
        "201112": "10.18",
        "201201": "11.14",
        "201202": "12.65",
        "201203": "12.85",
        "201204": "13.35",
        "201205": "14.95",
        "201206": "14.67",
        "201207": "13.00",
        "201208": "13.50",
        "201209": "16.43",
        "201210": "18.45",
        "201211": "19.08",
        "201212": "19.36",
        "201301": "21.40",
        "201302": "24.58",
        "201303": "27.66",
        "201304": "29.83",
        "201305": "34.45",
        "201306": "34.75",
        "201307": "33.32",
        "201308": "30.32",
        "201309": "34.09",
        "201310": "31.95",
        "201311": "31.87",
        "201312": "34.83",
        "201401": "35.05",
        "201402": "39.92",
        "201403": "45.23",
        "201404": "44.06",
        "201405": "44.10",
        "201406": "46.10",
        "201407": "46.62",
        "201408": "42.66",
        "201409": "44.17",
        "201410": "45.58",
        "201411": "46.50",
        "201412": "47.65",
        "201501": "53.26",
        "201502": "55.30",
        "201503": "54.15",
        "201504": "49.58",
        "201505": "47.37",
        "201506": "48.01",
        "201507": "40.69",
        "201508": "36.06",
        "201509": "37.72",
        "201510": "41.35",
        "201511": "41.07",
        "201512": "41.75",
        "201601": "41.08",
        "201602": "50.71",
        "201603": "50.60",
        "201604": "50.47",
        "201605": "52.32",
        "201606": "53.65",
        "201607": "55.26",
        "201608": "56.18",
        "201609": "58.69",
        "201610": "62.97",
        "201611": "59.77",
        "201612": "57.10",
        "201701": "56.28",
        "201702": "59.39",
        "201703": "59.87",
        "201704": "57.65",
        "201705": "56.65",
        "201706": "58.22",
        "201707": "56.58",
        "201708": "53.67",
        "201709": "53.65",
        "201710": "55.31",
        "201711": "62.71",
        "201712": "64.10",
        "201801": "64.98",
        "201802": "62.78",
        "201803": "63.62",
        "201804": "62.88",
        "201805": "62.67",
        "201806": "67.82",
        "201807": "70.62",
        "201808": "75.93",
        "201809": "67.67",
        "201810": "58.41",
        "201811": "61.58",
        "201812": "61.73",
        "201901": "59.99",
        "201902": "66.03",
        "201903": "67.10",
        "201904": "68.37",
        "201905": "62.41",
        "201906": "61.94",
        "201907": "62.81",
        "201908": "62.30",
        "201909": "65.93",
        "201910": "63.18",
        "201911": "67.08",
        "201912": "77.33",
        "202001": "78.44",
        "202002": "77.02",
        "202003": "66.00",
        "202004": "65.48",
        "202005": "70.35",
        "202006": "76.18",
        "202007": "85.49",
        "202008": "91.30",
        "202009": "95.00",
        "202010": "96.70",
        "202011": "100.72",
        "202012": "114.70",
        "202101": "118.68",
        "202102": "122.69",
        "202103": "107.14",
        "202104": "115.26",
        "202105": "110.86",
        "202106": "117.88",
        "202107": "115.73",
        "202108": "139.95",
        "202109": "158.18",
        "202110": "144.40",
        "202111": "152.36",
        "202112": "157.39",
        "202201": "141.58",
        "202202": "126.80",
        "202203": "123.76",
        "202204": "109.82",
        "202205": "103.73",
        "202206": "92.33",
        "202207": "71.40",
        "202208": "73.97",
        "202209": "70.39",
        "202210": "64.08",
        "202211": "78.60",
        "202212": "82.63",
        "202301": "90.31",
        "202302": "94.83",
        "202303": "94.64",
        "202304": "91.47",
        "202305": "90.39",
        "202306": "91.98"
    },
    "quarters": {
        "20011": {
            "year_quarter": 20011,
            "year": 2001,
            "quarter": 1,
            "eps": -0.25,
            "eps_growth_year": null,
            "eps_4q": 1.07,
            "eps_4q_growth_year": null,
            "roe": -2.52,
            "roe_4q": -2.52,
            "gross_profit": 156032,
            "gross_margin": 4.15,
            "gross_margin_4q_avg": 4.15,
            "net_income": -548095,
            "revenue": 3760009,
            "common_shares": 22000000,
            "book_valuer_per_share": 9.77,
            "book_valuer_per_share_4q_avg": 9.77,
            "equity": 21499292,
            "current_ratio": 178.04,
            "debt_ratio": 45.53,
            "inventory_turnover_ratio": 1.24,
            "account_receivable_turnover_ratio": null,
            "reinvestment_rate": null,
            "research_to_sale_ratio": null,
            "price_fair": 0,
            "eps_avg_yearly": 0,
            "eps_latest_yearly": 0,
            "eps_growth_yearly": 0
        },
        "20012": {
            "year_quarter": 20012,
            "year": 2001,
            "quarter": 2,
            "eps": -0.79,
            "eps_growth_year": -313.51,
            "eps_4q": -0.09,
            "eps_4q_growth_year": null,
            "roe": -8.38,
            "roe_4q": -10.9,
            "gross_profit": -641384,
            "gross_margin": -25.55,
            "gross_margin_4q_avg": -10.7,
            "net_income": -1730685,
            "revenue": 2510162,
            "common_shares": 22000000,
            "book_valuer_per_share": 9,
            "book_valuer_per_share_4q_avg": 9.39,
            "equity": 19796714,
            "current_ratio": 150.79,
            "debt_ratio": 45.26,
            "inventory_turnover_ratio": 1.06,
            "account_receivable_turnover_ratio": null,
            "reinvestment_rate": null,
            "research_to_sale_ratio": null,
            "price_fair": 0,
            "eps_avg_yearly": 0,
            "eps_latest_yearly": 0,
            "eps_growth_yearly": 0
        },
        "20013": {
            "year_quarter": 20013,
            "year": 2001,
            "quarter": 3,
            "eps": -1.22,
            "eps_growth_year": -274.29,
            "eps_4q": -2.01,
            "eps_4q_growth_year": -381.95,
            "roe": -14.61,
            "roe_4q": -25.51,
            "gross_profit": -1281078,
            "gross_margin": -88.97,
            "gross_margin_4q_avg": -36.79,
            "net_income": -2675493,
            "revenue": 1439862,
            "common_shares": 22000000,
            "book_valuer_per_share": 7.65,
            "book_valuer_per_share_4q_avg": 8.81,
            "equity": 16819218,
            "current_ratio": 125.85,
            "debt_ratio": 49.76,
            "inventory_turnover_ratio": 1.06,
            "account_receivable_turnover_ratio": null,
            "reinvestment_rate": null,
            "research_to_sale_ratio": null,
            "price_fair": 0,
            "eps_avg_yearly": 0,
            "eps_latest_yearly": 0,
            "eps_growth_yearly": 0
        },
        "20014": {
            "year_quarter": 20014,
            "year": 2001,
            "quarter": 4,
            "eps": -1.7,
            "eps_growth_year": -808.33,
            "eps_4q": -3.95,
            "eps_4q_growth_year": -440.15,
            "roe": -24.75,
            "roe_4q": -50.260000000000005,
            "gross_profit": -1693173,
            "gross_margin": -120.9,
            "gross_margin_4q_avg": -57.82,
            "net_income": -3738150,
            "revenue": 1400459,
            "common_shares": 22000000,
            "book_valuer_per_share": 6.09,
            "book_valuer_per_share_4q_avg": 8.13,
            "equity": 13392759,
            "current_ratio": 102.16,
            "debt_ratio": 52.95,
            "inventory_turnover_ratio": 1.86,
            "account_receivable_turnover_ratio": null,
            "reinvestment_rate": null,
            "research_to_sale_ratio": null,
            "price_fair": 0,
            "eps_avg_yearly": 0,
            "eps_latest_yearly": 0,
            "eps_growth_yearly": 0
        },
        "20021": {
            "year_quarter": 20021,
            "year": 2002,
            "quarter": 1,
            "eps": -0.19,
            "eps_growth_year": null,
            "eps_4q": -3.83,
            "eps_4q_growth_year": -458.54,
            "roe": -3.23,
            "roe_4q": -50.970000000000006,
            "gross_profit": -709297,
            "gross_margin": -35.81,
            "gross_margin_4q_avg": -67.81,
            "net_income": -425275,
            "revenue": 1980925,
            "common_shares": 22000000,
            "book_valuer_per_share": 5.89,
            "book_valuer_per_share_4q_avg": 7.16,
            "equity": 12967421,
            "current_ratio": 103.53,
            "debt_ratio": 50.9,
            "inventory_turnover_ratio": 1.82,
            "account_receivable_turnover_ratio": null,
            "reinvestment_rate": null,
            "research_to_sale_ratio": null,
            "price_fair": 0,
            "eps_avg_yearly": 0,
            "eps_latest_yearly": 0,
            "eps_growth_yearly": 0
        },
        "20022": {
            "year_quarter": 20022,
            "year": 2002,
            "quarter": 2,
            "eps": -0.28,
            "eps_growth_year": null,
            "eps_4q": -3.39,
            "eps_4q_growth_year": null,
            "roe": -4.85,
            "roe_4q": -47.44,
            "gross_profit": -626708,
            "gross_margin": -26.59,
            "gross_margin_4q_avg": -68.07,
            "net_income": -612446,
            "revenue": 2356795,
            "common_shares": 22000000,
            "book_valuer_per_share": 5.59,
            "book_valuer_per_share_4q_avg": 6.31,
            "equity": 12308283,
            "current_ratio": 131.4,
            "debt_ratio": 51.41,
            "inventory_turnover_ratio": 1.54,
            "account_receivable_turnover_ratio": null,
            "reinvestment_rate": null,
            "research_to_sale_ratio": null,
            "price_fair": 0,
            "eps_avg_yearly": 0,
            "eps_latest_yearly": 0,
            "eps_growth_yearly": 0
        },
        "20023": {
            "year_quarter": 20023,
            "year": 2002,
            "quarter": 3,
            "eps": -0.55,
            "eps_growth_year": null,
            "eps_4q": -2.72,
            "eps_4q_growth_year": null,
            "roe": -10.32,
            "roe_4q": -43.15,
            "gross_profit": -819288,
            "gross_margin": -39.59,
            "gross_margin_4q_avg": -55.72,
            "net_income": -1203718,
            "revenue": 2069331,
            "common_shares": 22000000,
            "book_valuer_per_share": 5.01,
            "book_valuer_per_share_4q_avg": 5.65,
            "equity": 11016263,
            "current_ratio": 117.88,
            "debt_ratio": 55.97,
            "inventory_turnover_ratio": 1.5,
            "account_receivable_turnover_ratio": null,
            "reinvestment_rate": null,
            "research_to_sale_ratio": null,
            "price_fair": 0,
            "eps_avg_yearly": 0,
            "eps_latest_yearly": 0,
            "eps_growth_yearly": 0
        },
        "20024": {
            "year_quarter": 20024,
            "year": 2002,
            "quarter": 4,
            "eps": -0.46,
            "eps_growth_year": null,
            "eps_4q": -1.48,
            "eps_4q_growth_year": null,
            "roe": -8.78,
            "roe_4q": -27.180000000000003,
            "gross_profit": -1172091,
            "gross_margin": -61.67,
            "gross_margin_4q_avg": -40.92,
            "net_income": -1009392,
            "revenue": 1900659,
            "common_shares": 22000000,
            "book_valuer_per_share": 5.45,
            "book_valuer_per_share_4q_avg": 5.49,
            "equity": 11983829,
            "current_ratio": 123.55,
            "debt_ratio": 54.64,
            "inventory_turnover_ratio": 1.72,
            "account_receivable_turnover_ratio": null,
            "reinvestment_rate": null,
            "research_to_sale_ratio": null,
            "price_fair": 0,
            "eps_avg_yearly": 0,
            "eps_latest_yearly": 0,
            "eps_growth_yearly": 0
        },
        "20031": {
            "year_quarter": 20031,
            "year": 2003,
            "quarter": 1,
            "eps": -0.27,
            "eps_growth_year": null,
            "eps_4q": -1.3,
            "eps_4q_growth_year": null,
            "roe": -5.98,
            "roe_4q": -29.93,
            "gross_profit": -969496,
            "gross_margin": -43.2,
            "gross_margin_4q_avg": -42.76,
            "net_income": -739565,
            "revenue": 2244118,
            "common_shares": 28000000,
            "book_valuer_per_share": 4.56,
            "book_valuer_per_share_4q_avg": 5.15,
            "equity": 12768355,
            "current_ratio": 167.07,
            "debt_ratio": 49.41,
            "inventory_turnover_ratio": 1.92,
            "account_receivable_turnover_ratio": null,
            "reinvestment_rate": null,
            "research_to_sale_ratio": null,
            "price_fair": 0,
            "eps_avg_yearly": 0,
            "eps_latest_yearly": 0,
            "eps_growth_yearly": 0
        },
        "20032": {
            "year_quarter": 20032,
            "year": 2003,
            "quarter": 2,
            "eps": 0.05,
            "eps_growth_year": null,
            "eps_4q": -1.12,
            "eps_4q_growth_year": null,
            "roe": 0.95,
            "roe_4q": -24.13,
            "gross_profit": -59727,
            "gross_margin": -2.25,
            "gross_margin_4q_avg": -36.68,
            "net_income": 126078,
            "revenue": 2657753,
            "common_shares": 28000000,
            "book_valuer_per_share": 4.89,
            "book_valuer_per_share_4q_avg": 4.98,
            "equity": 13690260,
            "current_ratio": 145.9,
            "debt_ratio": 44.46,
            "inventory_turnover_ratio": 1.63,
            "account_receivable_turnover_ratio": null,
            "reinvestment_rate": null,
            "research_to_sale_ratio": null,
            "price_fair": 0,
            "eps_avg_yearly": 0,
            "eps_latest_yearly": 0,
            "eps_growth_yearly": 0
        },
        "20033": {
            "year_quarter": 20033,
            "year": 2003,
            "quarter": 3,
            "eps": 0.16,
            "eps_growth_year": null,
            "eps_4q": -0.43,
            "eps_4q_growth_year": null,
            "roe": 3.17,
            "roe_4q": -10.64,
            "gross_profit": -77426,
            "gross_margin": -2.86,
            "gross_margin_4q_avg": -27.5,
            "net_income": 441042,
            "revenue": 2710458,
            "common_shares": 28000000,
            "book_valuer_per_share": 5.04,
            "book_valuer_per_share_4q_avg": 4.99,
            "equity": 14118532,
            "current_ratio": 191.95,
            "debt_ratio": 41.38,
            "inventory_turnover_ratio": 1.55,
            "account_receivable_turnover_ratio": null,
            "reinvestment_rate": null,
            "research_to_sale_ratio": null,
            "price_fair": 22.4,
            "eps_avg_yearly": 0.64,
            "eps_latest_yearly": 0.64,
            "eps_growth_yearly": 880
        },
        "20034": {
            "year_quarter": 20034,
            "year": 2003,
            "quarter": 4,
            "eps": 0.13,
            "eps_growth_year": null,
            "eps_4q": 0.07,
            "eps_4q_growth_year": null,
            "roe": 2.45,
            "roe_4q": 0.5899999999999999,
            "gross_profit": 461811,
            "gross_margin": 14.02,
            "gross_margin_4q_avg": -8.57,
            "net_income": 350449,
            "revenue": 3292777,
            "common_shares": 28034990,
            "book_valuer_per_share": 5.18,
            "book_valuer_per_share_4q_avg": 4.92,
            "equity": 14522286,
            "current_ratio": 254.77,
            "debt_ratio": 36.27,
            "inventory_turnover_ratio": 1.53,
            "account_receivable_turnover_ratio": null,
            "reinvestment_rate": null,
            "research_to_sale_ratio": null,
            "price_fair": 20.3,
            "eps_avg_yearly": 0.58,
            "eps_latest_yearly": 0.52,
            "eps_growth_yearly": 402.5
        },
        "20041": {
            "year_quarter": 20041,
            "year": 2004,
            "quarter": 1,
            "eps": 0.39,
            "eps_growth_year": null,
            "eps_4q": 0.72,
            "eps_4q_growth_year": null,
            "roe": 7.25,
            "roe_4q": 13.819999999999999,
            "gross_profit": 928499,
            "gross_margin": 24.88,
            "gross_margin_4q_avg": 8.45,
            "net_income": 1091989,
            "revenue": 3731629,
            "common_shares": 28063420,
            "book_valuer_per_share": 5.56,
            "book_valuer_per_share_4q_avg": 5.17,
            "equity": 15602788,
            "current_ratio": 257.46,
            "debt_ratio": 35.44,
            "inventory_turnover_ratio": 1.62,
            "account_receivable_turnover_ratio": null,
            "reinvestment_rate": null,
            "research_to_sale_ratio": null,
            "price_fair": 31.73,
            "eps_avg_yearly": 0.91,
            "eps_latest_yearly": 1.56,
            "eps_growth_yearly": 535
        },
        "20042": {
            "year_quarter": 20042,
            "year": 2004,
            "quarter": 2,
            "eps": 0.33,
            "eps_growth_year": 560,
            "eps_4q": 1,
            "eps_4q_growth_year": null,
            "roe": 5.74,
            "roe_4q": 18.61,
            "gross_profit": 1201342,
            "gross_margin": 28.87,
            "gross_margin_4q_avg": 16.23,
            "net_income": 928316,
            "revenue": 4161394,
            "common_shares": 28216090,
            "book_valuer_per_share": 5.93,
            "book_valuer_per_share_4q_avg": 5.43,
            "equity": 16735542,
            "current_ratio": 206.95,
            "debt_ratio": 33.78,
            "inventory_turnover_ratio": 2.02,
            "account_receivable_turnover_ratio": null,
            "reinvestment_rate": null,
            "research_to_sale_ratio": null,
            "price_fair": 35.35,
            "eps_avg_yearly": 1.01,
            "eps_latest_yearly": 1.32,
            "eps_growth_yearly": 385.87
        },
        "20043": {
            "year_quarter": 20043,
            "year": 2004,
            "quarter": 3,
            "eps": 0.8,
            "eps_growth_year": 400,
            "eps_4q": 2.42,
            "eps_4q_growth_year": null,
            "roe": 6.76,
            "roe_4q": 22.2,
            "gross_profit": 1640521,
            "gross_margin": 37.61,
            "gross_margin_4q_avg": 26.35,
            "net_income": 1170512,
            "revenue": 4362341,
            "common_shares": 14683237,
            "book_valuer_per_share": 12.19,
            "book_valuer_per_share_4q_avg": 7.22,
            "equity": 17903166,
            "current_ratio": 397.53,
            "debt_ratio": 25.42,
            "inventory_turnover_ratio": 2.17,
            "account_receivable_turnover_ratio": null,
            "reinvestment_rate": null,
            "research_to_sale_ratio": null,
            "price_fair": 50.68,
            "eps_avg_yearly": 1.45,
            "eps_latest_yearly": 3.2,
            "eps_growth_yearly": 422.63
        },
        "20044": {
            "year_quarter": 20044,
            "year": 2004,
            "quarter": 4,
            "eps": 1.07,
            "eps_growth_year": 723.08,
            "eps_4q": 3.25,
            "eps_4q_growth_year": 4826.17,
            "roe": 8.38,
            "roe_4q": 28.130000000000003,
            "gross_profit": 1241960,
            "gross_margin": 34.27,
            "gross_margin_4q_avg": 31.41,
            "net_income": 1564125,
            "revenue": 3624065,
            "common_shares": 14683889,
            "book_valuer_per_share": 13.22,
            "book_valuer_per_share_4q_avg": 9.23,
            "equity": 19415083,
            "current_ratio": 456.98,
            "debt_ratio": 21.55,
            "inventory_turnover_ratio": 2.13,
            "account_receivable_turnover_ratio": null,
            "reinvestment_rate": null,
            "research_to_sale_ratio": null,
            "price_fair": 67.2,
            "eps_avg_yearly": 1.92,
            "eps_latest_yearly": 4.28,
            "eps_growth_yearly": 374.69
        },
        "20051": {
            "year_quarter": 20051,
            "year": 2005,
            "quarter": 1,
            "eps": 0.68,
            "eps_growth_year": 74.36,
            "eps_4q": 3.18,
            "eps_4q_growth_year": 343.62,
            "roe": 4.98,
            "roe_4q": 25.86,
            "gross_profit": 496879,
            "gross_margin": 22.31,
            "gross_margin_4q_avg": 30.77,
            "net_income": 994777,
            "revenue": 2227605,
            "common_shares": 14762890,
            "book_valuer_per_share": 13.91,
            "book_valuer_per_share_4q_avg": 11.31,
            "equity": 20541746,
            "current_ratio": 534.06,
            "debt_ratio": 19.88,
            "inventory_turnover_ratio": 1.63,
            "account_receivable_turnover_ratio": null,
            "reinvestment_rate": null,
            "research_to_sale_ratio": null,
            "price_fair": 71.2,
            "eps_avg_yearly": 2.03,
            "eps_latest_yearly": 2.72,
            "eps_growth_yearly": 300.34
        },
        "20052": {
            "year_quarter": 20052,
            "year": 2005,
            "quarter": 2,
            "eps": 0.25,
            "eps_growth_year": -24.24,
            "eps_4q": 2.75,
            "eps_4q_growth_year": 174.82,
            "roe": 1.92,
            "roe_4q": 22.04,
            "gross_profit": 1038903,
            "gross_margin": 37.99,
            "gross_margin_4q_avg": 33.05,
            "net_income": 373402,
            "revenue": 2734474,
            "common_shares": 14853489,
            "book_valuer_per_share": 12.4,
            "book_valuer_per_share_4q_avg": 12.93,
            "equity": 18423223,
            "current_ratio": 288.84,
            "debt_ratio": 29.69,
            "inventory_turnover_ratio": 1.53,
            "account_receivable_turnover_ratio": null,
            "reinvestment_rate": null,
            "research_to_sale_ratio": null,
            "price_fair": 66.68,
            "eps_avg_yearly": 1.91,
            "eps_latest_yearly": 1,
            "eps_growth_yearly": 231.18
        },
        "20053": {
            "year_quarter": 20053,
            "year": 2005,
            "quarter": 3,
            "eps": 0.35,
            "eps_growth_year": -56.25,
            "eps_4q": 2.2,
            "eps_4q_growth_year": -9.12,
            "roe": 2.95,
            "roe_4q": 18.230000000000004,
            "gross_profit": 1151454,
            "gross_margin": 36.09,
            "gross_margin_4q_avg": 32.67,
            "net_income": 554849,
            "revenue": 3190266,
            "common_shares": 16095512,
            "book_valuer_per_share": 11.92,
            "book_valuer_per_share_4q_avg": 12.86,
            "equity": 19181741,
            "current_ratio": 521.61,
            "debt_ratio": 20.94,
            "inventory_turnover_ratio": 1.85,
            "account_receivable_turnover_ratio": null,
            "reinvestment_rate": null,
            "research_to_sale_ratio": null,
            "price_fair": 64.71,
            "eps_avg_yearly": 1.85,
            "eps_latest_yearly": 1.4,
            "eps_growth_yearly": 223.27
        },
        "20054": {
            "year_quarter": 20054,
            "year": 2005,
            "quarter": 4,
            "eps": 0.49,
            "eps_growth_year": -54.21,
            "eps_4q": 1.69,
            "eps_4q_growth_year": -48.17,
            "roe": 4.02,
            "roe_4q": 13.870000000000001,
            "gross_profit": 1419476,
            "gross_margin": 44.1,
            "gross_margin_4q_avg": 35.12,
            "net_income": 787943,
            "revenue": 3218925,
            "common_shares": 16116512,
            "book_valuer_per_share": 12.41,
            "book_valuer_per_share_4q_avg": 12.66,
            "equity": 19996583,
            "current_ratio": 412.6,
            "debt_ratio": 18.49,
            "inventory_turnover_ratio": 1.73,
            "account_receivable_turnover_ratio": null,
            "reinvestment_rate": -183.55,
            "research_to_sale_ratio": null,
            "price_fair": 65.1,
            "eps_avg_yearly": 1.86,
            "eps_latest_yearly": 1.96,
            "eps_growth_yearly": 216.94
        },
        "20061": {
            "year_quarter": 20061,
            "year": 2006,
            "quarter": 1,
            "eps": 0.24,
            "eps_growth_year": -64.71,
            "eps_4q": 1.3,
            "eps_4q_growth_year": -59.26,
            "roe": 1.93,
            "roe_4q": 10.819999999999999,
            "gross_profit": 698594,
            "gross_margin": 27.11,
            "gross_margin_4q_avg": 36.32,
            "net_income": 389685,
            "revenue": 2576514,
            "common_shares": 16136986,
            "book_valuer_per_share": 12.69,
            "book_valuer_per_share_4q_avg": 12.36,
            "equity": 20475813,
            "current_ratio": 654.01,
            "debt_ratio": 12.07,
            "inventory_turnover_ratio": 1.94,
            "account_receivable_turnover_ratio": null,
            "reinvestment_rate": -140.06,
            "research_to_sale_ratio": null,
            "price_fair": 62.24,
            "eps_avg_yearly": 1.78,
            "eps_latest_yearly": 0.96,
            "eps_growth_yearly": 178.67
        },
        "20062": {
            "year_quarter": 20062,
            "year": 2006,
            "quarter": 2,
            "eps": 0.39,
            "eps_growth_year": 56,
            "eps_4q": 1.43,
            "eps_4q_growth_year": -47.82,
            "roe": 3.3,
            "roe_4q": 12.2,
            "gross_profit": 1087599,
            "gross_margin": 36.9,
            "gross_margin_4q_avg": 36.05,
            "net_income": 647524,
            "revenue": 2947233,
            "common_shares": 16146354,
            "book_valuer_per_share": 11.63,
            "book_valuer_per_share_4q_avg": 12.16,
            "equity": 18770293,
            "current_ratio": 335.94,
            "debt_ratio": 22.01,
            "inventory_turnover_ratio": 1.92,
            "account_receivable_turnover_ratio": null,
            "reinvestment_rate": -94.81,
            "research_to_sale_ratio": null,
            "price_fair": 61.6,
            "eps_avg_yearly": 1.76,
            "eps_latest_yearly": 1.56,
            "eps_growth_yearly": 184.61
        },
        "20063": {
            "year_quarter": 20063,
            "year": 2006,
            "quarter": 3,
            "eps": 0.55,
            "eps_growth_year": 57.14,
            "eps_4q": 1.66,
            "eps_4q_growth_year": -24.6,
            "roe": 4.67,
            "roe_4q": 13.92,
            "gross_profit": 1329725,
            "gross_margin": 38.11,
            "gross_margin_4q_avg": 36.56,
            "net_income": 905485,
            "revenue": 3489608,
            "common_shares": 16450759,
            "book_valuer_per_share": 12.14,
            "book_valuer_per_share_4q_avg": 12.22,
            "equity": 19971930,
            "current_ratio": 444.26,
            "debt_ratio": 17.31,
            "inventory_turnover_ratio": 1.99,
            "account_receivable_turnover_ratio": null,
            "reinvestment_rate": -68.86,
            "research_to_sale_ratio": null,
            "price_fair": 62.78,
            "eps_avg_yearly": 1.79,
            "eps_latest_yearly": 2.2,
            "eps_growth_yearly": 183.03
        },
        "20064": {
            "year_quarter": 20064,
            "year": 2006,
            "quarter": 4,
            "eps": 0.65,
            "eps_growth_year": 32.65,
            "eps_4q": 1.82,
            "eps_4q_growth_year": 8.17,
            "roe": 5.19,
            "roe_4q": 15.09,
            "gross_profit": 1609491,
            "gross_margin": 40.65,
            "gross_margin_4q_avg": 35.69,
            "net_income": 1076000,
            "revenue": 3959320,
            "common_shares": 16505033,
            "book_valuer_per_share": 13.02,
            "book_valuer_per_share_4q_avg": 12.37,
            "equity": 21482665,
            "current_ratio": 724.02,
            "debt_ratio": 11.78,
            "inventory_turnover_ratio": 1.95,
            "account_receivable_turnover_ratio": null,
            "reinvestment_rate": -51.45,
            "research_to_sale_ratio": null,
            "price_fair": 64.8,
            "eps_avg_yearly": 1.85,
            "eps_latest_yearly": 2.6,
            "eps_growth_yearly": 175.16
        },
        "20071": {
            "year_quarter": 20071,
            "year": 2007,
            "quarter": 1,
            "eps": 0.54,
            "eps_growth_year": 125,
            "eps_4q": 2.12,
            "eps_4q_growth_year": 63.77,
            "roe": 4.06,
            "roe_4q": 17.22,
            "gross_profit": 1305386,
            "gross_margin": 36.66,
            "gross_margin_4q_avg": 38.08,
            "net_income": 896194,
            "revenue": 3560400,
            "common_shares": 16622077,
            "book_valuer_per_share": 13.61,
            "book_valuer_per_share_4q_avg": 12.6,
            "equity": 22621084,
            "current_ratio": 686.54,
            "debt_ratio": 11.29,
            "inventory_turnover_ratio": 1.68,
            "account_receivable_turnover_ratio": null,
            "reinvestment_rate": -25.19,
            "research_to_sale_ratio": null,
            "price_fair": 65.52,
            "eps_avg_yearly": 1.87,
            "eps_latest_yearly": 2.16,
            "eps_growth_yearly": 158.97
        },
        "20072": {
            "year_quarter": 20072,
            "year": 2007,
            "quarter": 2,
            "eps": 0.61,
            "eps_growth_year": 56.41,
            "eps_4q": 2.33,
            "eps_4q_growth_year": 62.8,
            "roe": 4.64,
            "roe_4q": 18.560000000000002,
            "gross_profit": 1538612,
            "gross_margin": 40.44,
            "gross_margin_4q_avg": 38.97,
            "net_income": 1018389,
            "revenue": 3804860,
            "common_shares": 16662137,
            "book_valuer_per_share": 12.77,
            "book_valuer_per_share_4q_avg": 12.89,
            "equity": 21274948,
            "current_ratio": 370.34,
            "debt_ratio": 19.87,
            "inventory_turnover_ratio": 1.55,
            "account_receivable_turnover_ratio": null,
            "reinvestment_rate": -17.75,
            "research_to_sale_ratio": null,
            "price_fair": 66.76,
            "eps_avg_yearly": 1.91,
            "eps_latest_yearly": 2.44,
            "eps_growth_yearly": 152.27
        },
        "20073": {
            "year_quarter": 20073,
            "year": 2007,
            "quarter": 3,
            "eps": 0.72,
            "eps_growth_year": 30.91,
            "eps_4q": 2.48,
            "eps_4q_growth_year": 49.6,
            "roe": 5.61,
            "roe_4q": 19.5,
            "gross_profit": 1772680,
            "gross_margin": 42.11,
            "gross_margin_4q_avg": 39.97,
            "net_income": 1222566,
            "revenue": 4209743,
            "common_shares": 16989245,
            "book_valuer_per_share": 13.12,
            "book_valuer_per_share_4q_avg": 13.13,
            "equity": 22287203,
            "current_ratio": 659.64,
            "debt_ratio": 11.78,
            "inventory_turnover_ratio": 1.59,
            "account_receivable_turnover_ratio": null,
            "reinvestment_rate": -10.17,
            "research_to_sale_ratio": null,
            "price_fair": 71.66,
            "eps_avg_yearly": 2.05,
            "eps_latest_yearly": 2.88,
            "eps_growth_yearly": 101.78
        },
        "20074": {
            "year_quarter": 20074,
            "year": 2007,
            "quarter": 4,
            "eps": 0.7,
            "eps_growth_year": 7.69,
            "eps_4q": 2.55,
            "eps_4q_growth_year": 40.1,
            "roe": 5.19,
            "roe_4q": 19.5,
            "gross_profit": 1732181,
            "gross_margin": 39.39,
            "gross_margin_4q_avg": 39.65,
            "net_income": 1183922,
            "revenue": 4398009,
            "common_shares": 17004847,
            "book_valuer_per_share": 13.7,
            "book_valuer_per_share_4q_avg": 13.3,
            "equity": 23303027,
            "current_ratio": 366.62,
            "debt_ratio": 14.03,
            "inventory_turnover_ratio": 1.74,
            "account_receivable_turnover_ratio": null,
            "reinvestment_rate": 42.52,
            "research_to_sale_ratio": null,
            "price_fair": 76.65,
            "eps_avg_yearly": 2.19,
            "eps_latest_yearly": 2.8,
            "eps_growth_yearly": 105.77
        },
        "20081": {
            "year_quarter": 20081,
            "year": 2008,
            "quarter": 1,
            "eps": 0.45,
            "eps_growth_year": -16.67,
            "eps_4q": 2.46,
            "eps_4q_growth_year": 15.9,
            "roe": 3.24,
            "roe_4q": 18.68,
            "gross_profit": 1280675,
            "gross_margin": 28.3,
            "gross_margin_4q_avg": 37.56,
            "net_income": 766044,
            "revenue": 4526007,
            "common_shares": 17010486,
            "book_valuer_per_share": 14.12,
            "book_valuer_per_share_4q_avg": 13.43,
            "equity": 24026901,
            "current_ratio": 329.88,
            "debt_ratio": 14.35,
            "inventory_turnover_ratio": 1.74,
            "account_receivable_turnover_ratio": null,
            "reinvestment_rate": 43.72,
            "research_to_sale_ratio": null,
            "price_fair": 77.18,
            "eps_avg_yearly": 2.21,
            "eps_latest_yearly": 1.8,
            "eps_growth_yearly": 46.84
        },
        "20082": {
            "year_quarter": 20082,
            "year": 2008,
            "quarter": 2,
            "eps": 0.28,
            "eps_growth_year": -54.1,
            "eps_4q": 2.15,
            "eps_4q_growth_year": -7.95,
            "roe": 2.11,
            "roe_4q": 16.15,
            "gross_profit": 867602,
            "gross_margin": 18.96,
            "gross_margin_4q_avg": 32.19,
            "net_income": 475481,
            "revenue": 4575803,
            "common_shares": 17016359,
            "book_valuer_per_share": 12.41,
            "book_valuer_per_share_4q_avg": 13.34,
            "equity": 21115496,
            "current_ratio": 172.51,
            "debt_ratio": 26.2,
            "inventory_turnover_ratio": 1.68,
            "account_receivable_turnover_ratio": null,
            "reinvestment_rate": 43.88,
            "research_to_sale_ratio": null,
            "price_fair": 76.74,
            "eps_avg_yearly": 2.19,
            "eps_latest_yearly": 1.12,
            "eps_growth_yearly": 41.25
        },
        "20083": {
            "year_quarter": 20083,
            "year": 2008,
            "quarter": 3,
            "eps": 0.19,
            "eps_growth_year": -73.61,
            "eps_4q": 1.6,
            "eps_4q_growth_year": -35.39,
            "roe": 1.54,
            "roe_4q": 12.080000000000002,
            "gross_profit": 711921,
            "gross_margin": 16.4,
            "gross_margin_4q_avg": 25.76,
            "net_income": 326122,
            "revenue": 4341814,
            "common_shares": 17124860,
            "book_valuer_per_share": 12.37,
            "book_valuer_per_share_4q_avg": 13.15,
            "equity": 21182992,
            "current_ratio": 267.37,
            "debt_ratio": 15.47,
            "inventory_turnover_ratio": 1.69,
            "account_receivable_turnover_ratio": null,
            "reinvestment_rate": 40.05,
            "research_to_sale_ratio": null,
            "price_fair": 6.12,
            "eps_avg_yearly": 2.04,
            "eps_latest_yearly": 0.76,
            "eps_growth_yearly": -2.4
        },
        "20084": {
            "year_quarter": 20084,
            "year": 2008,
            "quarter": 4,
            "eps": -0.31,
            "eps_growth_year": -144.29,
            "eps_4q": 0.61,
            "eps_4q_growth_year": -76.12,
            "roe": -2.54,
            "roe_4q": 4.35,
            "gross_profit": -256054,
            "gross_margin": -9.57,
            "gross_margin_4q_avg": 13.52,
            "net_income": -525694,
            "revenue": 2676623,
            "common_shares": 16954860,
            "book_valuer_per_share": 11.95,
            "book_valuer_per_share_4q_avg": 12.71,
            "equity": 20260100,
            "current_ratio": 328.97,
            "debt_ratio": 12.57,
            "inventory_turnover_ratio": 1.49,
            "account_receivable_turnover_ratio": 4.01,
            "reinvestment_rate": 39.54,
            "research_to_sale_ratio": null,
            "price_fair": 5.67,
            "eps_avg_yearly": 1.89,
            "eps_latest_yearly": 0.76,
            "eps_growth_yearly": -11.56
        },
        "20091": {
            "year_quarter": 20091,
            "year": 2009,
            "quarter": 1,
            "eps": -0.5,
            "eps_growth_year": -211.11,
            "eps_4q": -0.33,
            "eps_4q_growth_year": -113.46,
            "roe": -4.18,
            "roe_4q": -3.07,
            "gross_profit": -548998,
            "gross_margin": -32.5,
            "gross_margin_4q_avg": -1.68,
            "net_income": -831689,
            "revenue": 1689194,
            "common_shares": 16774860,
            "book_valuer_per_share": 11.64,
            "book_valuer_per_share_4q_avg": 12.09,
            "equity": 19522434,
            "current_ratio": 394.37,
            "debt_ratio": 10.79,
            "inventory_turnover_ratio": 1.39,
            "account_receivable_turnover_ratio": 1.27,
            "reinvestment_rate": 46.58,
            "research_to_sale_ratio": null,
            "price_fair": 5.49,
            "eps_avg_yearly": 1.83,
            "eps_latest_yearly": 0.76,
            "eps_growth_yearly": -1.97
        },
        "20092": {
            "year_quarter": 20092,
            "year": 2009,
            "quarter": 2,
            "eps": 0.09,
            "eps_growth_year": -67.86,
            "eps_4q": -0.53,
            "eps_4q_growth_year": -124.72,
            "roe": 0.78,
            "roe_4q": -4.3999999999999995,
            "gross_profit": 477901,
            "gross_margin": 13.92,
            "gross_margin_4q_avg": -2.94,
            "net_income": 149461,
            "revenue": 3432457,
            "common_shares": 16774860,
            "book_valuer_per_share": 11.35,
            "book_valuer_per_share_4q_avg": 11.83,
            "equity": 19038636,
            "current_ratio": 284.2,
            "debt_ratio": 15.87,
            "inventory_turnover_ratio": 2.13,
            "account_receivable_turnover_ratio": 1.85,
            "reinvestment_rate": 48.69,
            "research_to_sale_ratio": null,
            "price_fair": 51.82,
            "eps_avg_yearly": 1.9,
            "eps_latest_yearly": 0.76,
            "eps_growth_yearly": 17.34
        },
        "20093": {
            "year_quarter": 20093,
            "year": 2009,
            "quarter": 3,
            "eps": 0.41,
            "eps_growth_year": 115.79,
            "eps_4q": -0.31,
            "eps_4q_growth_year": -119.58,
            "roe": 3.52,
            "roe_4q": -2.42,
            "gross_profit": 962899,
            "gross_margin": 22.17,
            "gross_margin_4q_avg": -1.5,
            "net_income": 684121,
            "revenue": 4343100,
            "common_shares": 16776292,
            "book_valuer_per_share": 11.83,
            "book_valuer_per_share_4q_avg": 11.69,
            "equity": 19846473,
            "current_ratio": 417.17,
            "debt_ratio": 12.68,
            "inventory_turnover_ratio": 2.42,
            "account_receivable_turnover_ratio": 1.72,
            "reinvestment_rate": 47.93,
            "research_to_sale_ratio": null,
            "price_fair": 66.98,
            "eps_avg_yearly": 1.91,
            "eps_latest_yearly": 1.64,
            "eps_growth_yearly": 114.43
        },
        "20094": {
            "year_quarter": 20094,
            "year": 2009,
            "quarter": 4,
            "eps": 0.05,
            "eps_growth_year": null,
            "eps_4q": 0.05,
            "eps_4q_growth_year": -91.28,
            "roe": 0.44,
            "roe_4q": 0.5600000000000005,
            "gross_profit": 351545,
            "gross_margin": 11.26,
            "gross_margin_4q_avg": 3.71,
            "net_income": 87348,
            "revenue": 3123298,
            "common_shares": 16778839,
            "book_valuer_per_share": 11.92,
            "book_valuer_per_share_4q_avg": 11.69,
            "equity": 19996562,
            "current_ratio": 568.11,
            "debt_ratio": 10.48,
            "inventory_turnover_ratio": 2.17,
            "account_receivable_turnover_ratio": 3.5,
            "reinvestment_rate": 49.23,
            "research_to_sale_ratio": null,
            "price_fair": 62.25,
            "eps_avg_yearly": 1.78,
            "eps_latest_yearly": 0.2,
            "eps_growth_yearly": 75.11
        },
        "20101": {
            "year_quarter": 20101,
            "year": 2010,
            "quarter": 1,
            "eps": 0.13,
            "eps_growth_year": null,
            "eps_4q": 0.68,
            "eps_4q_growth_year": null,
            "roe": 1.09,
            "roe_4q": 5.83,
            "gross_profit": 566893,
            "gross_margin": 15.86,
            "gross_margin_4q_avg": 15.8,
            "net_income": 220278,
            "revenue": 3574060,
            "common_shares": 16784600,
            "book_valuer_per_share": 12.07,
            "book_valuer_per_share_4q_avg": 11.79,
            "equity": 20256307,
            "current_ratio": 548.06,
            "debt_ratio": 11.22,
            "inventory_turnover_ratio": 2.57,
            "account_receivable_turnover_ratio": 1.78,
            "reinvestment_rate": 55.19,
            "research_to_sale_ratio": 4.33,
            "price_fair": 61.06,
            "eps_avg_yearly": 1.74,
            "eps_latest_yearly": 0.52,
            "eps_growth_yearly": 140.04
        },
        "20102": {
            "year_quarter": 20102,
            "year": 2010,
            "quarter": 2,
            "eps": 0.34,
            "eps_growth_year": 276.5,
            "eps_4q": 0.93,
            "eps_4q_growth_year": null,
            "roe": 2.81,
            "roe_4q": 7.860000000000001,
            "gross_profit": 922886,
            "gross_margin": 21.8,
            "gross_margin_4q_avg": 17.77,
            "net_income": 567123,
            "revenue": 4233696,
            "common_shares": 16790095,
            "book_valuer_per_share": 12.03,
            "book_valuer_per_share_4q_avg": 11.96,
            "equity": 20131941,
            "current_ratio": 378.74,
            "debt_ratio": 15.86,
            "inventory_turnover_ratio": 2.58,
            "account_receivable_turnover_ratio": 1.67,
            "reinvestment_rate": 59.05,
            "research_to_sale_ratio": 3.82,
            "price_fair": 60.52,
            "eps_avg_yearly": 1.73,
            "eps_latest_yearly": 1.36,
            "eps_growth_yearly": 170.51
        },
        "20103": {
            "year_quarter": 20103,
            "year": 2010,
            "quarter": 3,
            "eps": 0.52,
            "eps_growth_year": 25.78,
            "eps_4q": 1.04,
            "eps_4q_growth_year": null,
            "roe": 4.18,
            "roe_4q": 8.52,
            "gross_profit": 1361200,
            "gross_margin": 28.22,
            "gross_margin_4q_avg": 19.29,
            "net_income": 852485,
            "revenue": 4823050,
            "common_shares": 16622645,
            "book_valuer_per_share": 12.49,
            "book_valuer_per_share_4q_avg": 12.13,
            "equity": 20651198,
            "current_ratio": 436.45,
            "debt_ratio": 14,
            "inventory_turnover_ratio": 2.41,
            "account_receivable_turnover_ratio": 1.66,
            "reinvestment_rate": 64.97,
            "research_to_sale_ratio": 3.67,
            "price_fair": 60.2,
            "eps_avg_yearly": 1.72,
            "eps_latest_yearly": 2.08,
            "eps_growth_yearly": 174.18
        },
        "20104": {
            "year_quarter": 20104,
            "year": 2010,
            "quarter": 4,
            "eps": 0.19,
            "eps_growth_year": 279.82,
            "eps_4q": 1.19,
            "eps_4q_growth_year": 2130.77,
            "roe": 1.51,
            "roe_4q": 9.59,
            "gross_profit": 392845,
            "gross_margin": 11.54,
            "gross_margin_4q_avg": 19.36,
            "net_income": 312499,
            "revenue": 3403054,
            "common_shares": 16455269,
            "book_valuer_per_share": 12.65,
            "book_valuer_per_share_4q_avg": 12.31,
            "equity": 20814112,
            "current_ratio": 442.19,
            "debt_ratio": 13.74,
            "inventory_turnover_ratio": 1.92,
            "account_receivable_turnover_ratio": 1.4,
            "reinvestment_rate": 76.68,
            "research_to_sale_ratio": 4.99,
            "price_fair": 55.25,
            "eps_avg_yearly": 1.58,
            "eps_latest_yearly": 0.76,
            "eps_growth_yearly": 149.06
        },
        "20111": {
            "year_quarter": 20111,
            "year": 2011,
            "quarter": 1,
            "eps": 0.24,
            "eps_growth_year": 84.62,
            "eps_4q": 1.29,
            "eps_4q_growth_year": 89.99,
            "roe": 1.89,
            "roe_4q": 10.39,
            "gross_profit": 717298,
            "gross_margin": 17.97,
            "gross_margin_4q_avg": 19.88,
            "net_income": 396731,
            "revenue": 3991228,
            "common_shares": 16479816,
            "book_valuer_per_share": 12.86,
            "book_valuer_per_share_4q_avg": 12.51,
            "equity": 21197462,
            "current_ratio": 424.13,
            "debt_ratio": 13.87,
            "inventory_turnover_ratio": 2.02,
            "account_receivable_turnover_ratio": 1.77,
            "reinvestment_rate": 70.71,
            "research_to_sale_ratio": 4.03,
            "price_fair": 52.02,
            "eps_avg_yearly": 1.49,
            "eps_latest_yearly": 0.96,
            "eps_growth_yearly": 162.36
        },
        "20112": {
            "year_quarter": 20112,
            "year": 2011,
            "quarter": 2,
            "eps": 0.22,
            "eps_growth_year": -35.04,
            "eps_4q": 1.17,
            "eps_4q_growth_year": 25.34,
            "roe": 1.74,
            "roe_4q": 9.32,
            "gross_profit": 798373,
            "gross_margin": 19.88,
            "gross_margin_4q_avg": 19.4,
            "net_income": 362885,
            "revenue": 4016515,
            "common_shares": 16486035,
            "book_valuer_per_share": 12.47,
            "book_valuer_per_share_4q_avg": 12.62,
            "equity": 20563070,
            "current_ratio": 343.47,
            "debt_ratio": 17.31,
            "inventory_turnover_ratio": 1.83,
            "account_receivable_turnover_ratio": 1.52,
            "reinvestment_rate": 70.86,
            "research_to_sale_ratio": 4.06,
            "price_fair": 47.82,
            "eps_avg_yearly": 1.37,
            "eps_latest_yearly": 0.88,
            "eps_growth_yearly": 155.81
        },
        "20113": {
            "year_quarter": 20113,
            "year": 2011,
            "quarter": 3,
            "eps": 0.06,
            "eps_growth_year": -88.65,
            "eps_4q": 0.72,
            "eps_4q_growth_year": -31.03,
            "roe": 0.46,
            "roe_4q": 5.6,
            "gross_profit": 431603,
            "gross_margin": 11.14,
            "gross_margin_4q_avg": 15.13,
            "net_income": 94771,
            "revenue": 3874295,
            "common_shares": 16491160,
            "book_valuer_per_share": 12.54,
            "book_valuer_per_share_4q_avg": 12.63,
            "equity": 20295965,
            "current_ratio": 536.44,
            "debt_ratio": 11.77,
            "inventory_turnover_ratio": 2.07,
            "account_receivable_turnover_ratio": 1.48,
            "reinvestment_rate": 71.03,
            "research_to_sale_ratio": 4.16,
            "price_fair": 40.71,
            "eps_avg_yearly": 1.16,
            "eps_latest_yearly": 0.24,
            "eps_growth_yearly": 127.88
        },
        "20114": {
            "year_quarter": 20114,
            "year": 2011,
            "quarter": 4,
            "eps": 0.02,
            "eps_growth_year": -90.96,
            "eps_4q": 0.54,
            "eps_4q_growth_year": -54.08,
            "roe": 0.14,
            "roe_4q": 4.2299999999999995,
            "gross_profit": 301647,
            "gross_margin": 9.12,
            "gross_margin_4q_avg": 14.53,
            "net_income": 27796,
            "revenue": 3308380,
            "common_shares": 16191160,
            "book_valuer_per_share": 12.52,
            "book_valuer_per_share_4q_avg": 12.6,
            "equity": 20269177,
            "current_ratio": 589.11,
            "debt_ratio": 11.18,
            "inventory_turnover_ratio": 2.25,
            "account_receivable_turnover_ratio": 1.36,
            "reinvestment_rate": -105.29,
            "research_to_sale_ratio": 4.95,
            "price_fair": 33.38,
            "eps_avg_yearly": 0.95,
            "eps_latest_yearly": 0.08,
            "eps_growth_yearly": 108.22
        },
        "20121": {
            "year_quarter": 20121,
            "year": 2012,
            "quarter": 1,
            "eps": 0.02,
            "eps_growth_year": -91.67,
            "eps_4q": 0.33,
            "eps_4q_growth_year": -74.45,
            "roe": 0.12,
            "roe_4q": 2.46,
            "gross_profit": 355769,
            "gross_margin": 11.29,
            "gross_margin_4q_avg": 12.86,
            "net_income": 24096,
            "revenue": 3150319,
            "common_shares": 16192462,
            "book_valuer_per_share": 12.62,
            "book_valuer_per_share_4q_avg": 12.54,
            "equity": 19479753,
            "current_ratio": 583.3,
            "debt_ratio": 11.6,
            "inventory_turnover_ratio": 2.12,
            "account_receivable_turnover_ratio": 1.41,
            "reinvestment_rate": -160.11,
            "research_to_sale_ratio": 6.38,
            "price_fair": 28.75,
            "eps_avg_yearly": 0.82,
            "eps_latest_yearly": 0.08,
            "eps_growth_yearly": 119.21
        },
        "20122": {
            "year_quarter": 20122,
            "year": 2012,
            "quarter": 2,
            "eps": 0.5,
            "eps_growth_year": 127.14,
            "eps_4q": 0.59,
            "eps_4q_growth_year": -49.04,
            "roe": 3.98,
            "roe_4q": 4.699999999999999,
            "gross_profit": 1261437,
            "gross_margin": 27.71,
            "gross_margin_4q_avg": 14.82,
            "net_income": 772009,
            "revenue": 4552185,
            "common_shares": 16202261,
            "book_valuer_per_share": 12.51,
            "book_valuer_per_share_4q_avg": 12.55,
            "equity": 19319847,
            "current_ratio": 404.07,
            "debt_ratio": 17.14,
            "inventory_turnover_ratio": 2.17,
            "account_receivable_turnover_ratio": 1.7,
            "reinvestment_rate": -177.98,
            "research_to_sale_ratio": 4.55,
            "price_fair": 31.12,
            "eps_avg_yearly": 0.89,
            "eps_latest_yearly": 2,
            "eps_growth_yearly": 869.3
        },
        "20123": {
            "year_quarter": 20123,
            "year": 2012,
            "quarter": 3,
            "eps": 0.51,
            "eps_growth_year": 777.6,
            "eps_4q": 1.05,
            "eps_4q_growth_year": 45.15,
            "roe": 4.02,
            "roe_4q": 8.26,
            "gross_profit": 1300566,
            "gross_margin": 27.63,
            "gross_margin_4q_avg": 18.94,
            "net_income": 794913,
            "revenue": 4707055,
            "common_shares": 16236376,
            "book_valuer_per_share": 13.07,
            "book_valuer_per_share_4q_avg": 12.68,
            "equity": 20219511,
            "current_ratio": 567.22,
            "debt_ratio": 13.43,
            "inventory_turnover_ratio": 1.99,
            "account_receivable_turnover_ratio": 1.61,
            "reinvestment_rate": -165.41,
            "research_to_sale_ratio": 4.47,
            "price_fair": 34.57,
            "eps_avg_yearly": 0.99,
            "eps_latest_yearly": 2.04,
            "eps_growth_yearly": 879.8
        },
        "20124": {
            "year_quarter": 20124,
            "year": 2012,
            "quarter": 4,
            "eps": 0.48,
            "eps_growth_year": 2672.17,
            "eps_4q": 1.5,
            "eps_4q_growth_year": 175.45,
            "roe": 3.58,
            "roe_4q": 11.7,
            "gross_profit": 1170768,
            "gross_margin": 24.63,
            "gross_margin_4q_avg": 22.82,
            "net_income": 738791,
            "revenue": 4752986,
            "common_shares": 16284830,
            "book_valuer_per_share": 13.55,
            "book_valuer_per_share_4q_avg": 12.94,
            "equity": 21030558,
            "current_ratio": 505.23,
            "debt_ratio": 14.95,
            "inventory_turnover_ratio": 1.96,
            "account_receivable_turnover_ratio": 1.84,
            "reinvestment_rate": -110.21,
            "research_to_sale_ratio": 4.91,
            "price_fair": 36.9,
            "eps_avg_yearly": 1.05,
            "eps_latest_yearly": 1.92,
            "eps_growth_yearly": 815.28
        },
        "20131": {
            "year_quarter": 20131,
            "year": 2013,
            "quarter": 1,
            "eps": 0.57,
            "eps_growth_year": 2750,
            "eps_4q": 2.02,
            "eps_4q_growth_year": 511.97,
            "roe": 4.08,
            "roe_4q": 15.66,
            "gross_profit": 1429578,
            "gross_margin": 29.87,
            "gross_margin_4q_avg": 27.46,
            "net_income": 880588,
            "revenue": 4786292,
            "common_shares": 16317686,
            "book_valuer_per_share": 14.06,
            "book_valuer_per_share_4q_avg": 13.3,
            "equity": 22186355,
            "current_ratio": 522.91,
            "debt_ratio": 14.98,
            "inventory_turnover_ratio": 1.76,
            "account_receivable_turnover_ratio": 1.8,
            "reinvestment_rate": -63.55,
            "research_to_sale_ratio": 5.06,
            "price_fair": 39.76,
            "eps_avg_yearly": 1.14,
            "eps_latest_yearly": 2.28,
            "eps_growth_yearly": 765.93
        },
        "20132": {
            "year_quarter": 20132,
            "year": 2013,
            "quarter": 2,
            "eps": 0.71,
            "eps_growth_year": 42,
            "eps_4q": 2.22,
            "eps_4q_growth_year": 273.95,
            "roe": 5.13,
            "roe_4q": 16.810000000000002,
            "gross_profit": 1742876,
            "gross_margin": 32.54,
            "gross_margin_4q_avg": 28.67,
            "net_income": 1134850,
            "revenue": 5356023,
            "common_shares": 16355077,
            "book_valuer_per_share": 13.81,
            "book_valuer_per_share_4q_avg": 13.62,
            "equity": 22024756,
            "current_ratio": 399.39,
            "debt_ratio": 19.8,
            "inventory_turnover_ratio": 1.93,
            "account_receivable_turnover_ratio": 1.82,
            "reinvestment_rate": -51.5,
            "research_to_sale_ratio": 4.28,
            "price_fair": 43.49,
            "eps_avg_yearly": 1.24,
            "eps_latest_yearly": 2.84,
            "eps_growth_yearly": 724.2
        },
        "20133": {
            "year_quarter": 20133,
            "year": 2013,
            "quarter": 3,
            "eps": 0.77,
            "eps_growth_year": 49.9,
            "eps_4q": 2.49,
            "eps_4q_growth_year": 138.45,
            "roe": 5.41,
            "roe_4q": 18.2,
            "gross_profit": 1884930,
            "gross_margin": 33.72,
            "gross_margin_4q_avg": 30.19,
            "net_income": 1226298,
            "revenue": 5590342,
            "common_shares": 16360332,
            "book_valuer_per_share": 14.59,
            "book_valuer_per_share_4q_avg": 14,
            "equity": 23276513,
            "current_ratio": 611.97,
            "debt_ratio": 14.11,
            "inventory_turnover_ratio": 2.11,
            "account_receivable_turnover_ratio": 1.81,
            "reinvestment_rate": -44.76,
            "research_to_sale_ratio": 4.74,
            "price_fair": 46.64,
            "eps_avg_yearly": 1.33,
            "eps_latest_yearly": 3.08,
            "eps_growth_yearly": 637.42
        },
        "20134": {
            "year_quarter": 20134,
            "year": 2013,
            "quarter": 4,
            "eps": 0.71,
            "eps_growth_year": 48.64,
            "eps_4q": 2.74,
            "eps_4q_growth_year": 82.44,
            "roe": 4.73,
            "roe_4q": 19.35,
            "gross_profit": 1805549,
            "gross_margin": 33.42,
            "gross_margin_4q_avg": 32.39,
            "net_income": 1129252,
            "revenue": 5402403,
            "common_shares": 16365859,
            "book_valuer_per_share": 15.3,
            "book_valuer_per_share_4q_avg": 14.44,
            "equity": 24429760,
            "current_ratio": 582.94,
            "debt_ratio": 15.32,
            "inventory_turnover_ratio": 2.11,
            "account_receivable_turnover_ratio": 1.78,
            "reinvestment_rate": -36.14,
            "research_to_sale_ratio": 4.58,
            "price_fair": 52.41,
            "eps_avg_yearly": 1.5,
            "eps_latest_yearly": 2.84,
            "eps_growth_yearly": 657.42
        },
        "20141": {
            "year_quarter": 20141,
            "year": 2014,
            "quarter": 1,
            "eps": 0.84,
            "eps_growth_year": 47.37,
            "eps_4q": 2.98,
            "eps_4q_growth_year": 47.75,
            "roe": 5.31,
            "roe_4q": 20.58,
            "gross_profit": 2051731,
            "gross_margin": 37.26,
            "gross_margin_4q_avg": 34.24,
            "net_income": 1342928,
            "revenue": 5507154,
            "common_shares": 16384886,
            "book_valuer_per_share": 16.13,
            "book_valuer_per_share_4q_avg": 14.96,
            "equity": 26129085,
            "current_ratio": 601.93,
            "debt_ratio": 15.04,
            "inventory_turnover_ratio": 2.07,
            "account_receivable_turnover_ratio": 1.76,
            "reinvestment_rate": -31.95,
            "research_to_sale_ratio": 4.85,
            "price_fair": 58.63,
            "eps_avg_yearly": 1.68,
            "eps_latest_yearly": 3.36,
            "eps_growth_yearly": 622
        },
        "20142": {
            "year_quarter": 20142,
            "year": 2014,
            "quarter": 2,
            "eps": 0.81,
            "eps_growth_year": 14.08,
            "eps_4q": 3.07,
            "eps_4q_growth_year": 38.04,
            "roe": 5.2,
            "roe_4q": 20.65,
            "gross_profit": 2205944,
            "gross_margin": 37.89,
            "gross_margin_4q_avg": 35.57,
            "net_income": 1322843,
            "revenue": 5821522,
            "common_shares": 16389823,
            "book_valuer_per_share": 15.14,
            "book_valuer_per_share_4q_avg": 15.29,
            "equity": 24751046,
            "current_ratio": 349.59,
            "debt_ratio": 24.44,
            "inventory_turnover_ratio": 2.16,
            "account_receivable_turnover_ratio": 1.82,
            "reinvestment_rate": -31.43,
            "research_to_sale_ratio": 4.97,
            "price_fair": 62.74,
            "eps_avg_yearly": 1.79,
            "eps_latest_yearly": 3.24,
            "eps_growth_yearly": 580.72
        },
        "20143": {
            "year_quarter": 20143,
            "year": 2014,
            "quarter": 3,
            "eps": 0.81,
            "eps_growth_year": 5.19,
            "eps_4q": 3.13,
            "eps_4q_growth_year": 25.3,
            "roe": 5.21,
            "roe_4q": 20.45,
            "gross_profit": 2108565,
            "gross_margin": 34.09,
            "gross_margin_4q_avg": 35.67,
            "net_income": 1324468,
            "revenue": 6184772,
            "common_shares": 16389823,
            "book_valuer_per_share": 15.95,
            "book_valuer_per_share_4q_avg": 15.63,
            "equity": 26129455,
            "current_ratio": 491.2,
            "debt_ratio": 17.25,
            "inventory_turnover_ratio": 2.02,
            "account_receivable_turnover_ratio": 1.83,
            "reinvestment_rate": -21.02,
            "research_to_sale_ratio": 4.88,
            "price_fair": 65.28,
            "eps_avg_yearly": 1.87,
            "eps_latest_yearly": 3.24,
            "eps_growth_yearly": 567.49
        },
        "20144": {
            "year_quarter": 20144,
            "year": 2014,
            "quarter": 4,
            "eps": 0.88,
            "eps_growth_year": 24.92,
            "eps_4q": 3.32,
            "eps_4q_growth_year": 21.23,
            "roe": 5.4,
            "roe_4q": 21.119999999999997,
            "gross_profit": 2247433,
            "gross_margin": 35.02,
            "gross_margin_4q_avg": 36.07,
            "net_income": 1447650,
            "revenue": 6418031,
            "common_shares": 16389823,
            "book_valuer_per_share": 16.81,
            "book_valuer_per_share_4q_avg": 16.01,
            "equity": 27534232,
            "current_ratio": 465.79,
            "debt_ratio": 18.43,
            "inventory_turnover_ratio": 1.72,
            "account_receivable_turnover_ratio": 1.7,
            "reinvestment_rate": -18.77,
            "research_to_sale_ratio": 5.2,
            "price_fair": 71.31,
            "eps_avg_yearly": 2.04,
            "eps_latest_yearly": 3.52,
            "eps_growth_yearly": 585.51
        },
        "20151": {
            "year_quarter": 20151,
            "year": 2015,
            "quarter": 1,
            "eps": 0.84,
            "eps_growth_year": 0,
            "eps_4q": 3.34,
            "eps_4q_growth_year": 11.77,
            "roe": 4.85,
            "roe_4q": 20.66,
            "gross_profit": 2134467,
            "gross_margin": 33.36,
            "gross_margin_4q_avg": 35.09,
            "net_income": 1368808,
            "revenue": 6398169,
            "common_shares": 16389823,
            "book_valuer_per_share": 17.65,
            "book_valuer_per_share_4q_avg": 16.39,
            "equity": 28918944,
            "current_ratio": 460.57,
            "debt_ratio": 18.63,
            "inventory_turnover_ratio": 1.66,
            "account_receivable_turnover_ratio": 1.63,
            "reinvestment_rate": -20.94,
            "research_to_sale_ratio": 4.89,
            "price_fair": 76.56,
            "eps_avg_yearly": 2.19,
            "eps_latest_yearly": 3.36,
            "eps_growth_yearly": 577.8
        },
        "20152": {
            "year_quarter": 20152,
            "year": 2015,
            "quarter": 2,
            "eps": 0.65,
            "eps_growth_year": -19.75,
            "eps_4q": 3.17,
            "eps_4q_growth_year": 3.37,
            "roe": 3.89,
            "roe_4q": 19.35,
            "gross_profit": 1815035,
            "gross_margin": 29.54,
            "gross_margin_4q_avg": 33,
            "net_income": 1062641,
            "revenue": 6143998,
            "common_shares": 16389823,
            "book_valuer_per_share": 15.68,
            "book_valuer_per_share_4q_avg": 16.52,
            "equity": 25700746,
            "current_ratio": 295.44,
            "debt_ratio": 28.13,
            "inventory_turnover_ratio": 1.65,
            "account_receivable_turnover_ratio": 1.71,
            "reinvestment_rate": -19.59,
            "research_to_sale_ratio": 5.18,
            "price_fair": 80.33,
            "eps_avg_yearly": 2.3,
            "eps_latest_yearly": 2.6,
            "eps_growth_yearly": 574.23
        },
        "20153": {
            "year_quarter": 20153,
            "year": 2015,
            "quarter": 3,
            "eps": 0.52,
            "eps_growth_year": -35.8,
            "eps_4q": 2.89,
            "eps_4q_growth_year": -7.66,
            "roe": 3.26,
            "roe_4q": 17.4,
            "gross_profit": 1439499,
            "gross_margin": 27.18,
            "gross_margin_4q_avg": 31.28,
            "net_income": 851304,
            "revenue": 5295557,
            "common_shares": 16389823,
            "book_valuer_per_share": 16.19,
            "book_valuer_per_share_4q_avg": 16.58,
            "equity": 26542412,
            "current_ratio": 580.48,
            "debt_ratio": 15.26,
            "inventory_turnover_ratio": 1.5,
            "account_receivable_turnover_ratio": 1.66,
            "reinvestment_rate": -17.37,
            "research_to_sale_ratio": 5.9,
            "price_fair": 84.35,
            "eps_avg_yearly": 2.41,
            "eps_latest_yearly": 2.08,
            "eps_growth_yearly": 587.41
        },
        "20154": {
            "year_quarter": 20154,
            "year": 2015,
            "quarter": 4,
            "eps": 0.53,
            "eps_growth_year": -39.6,
            "eps_4q": 2.54,
            "eps_4q_growth_year": -23.58,
            "roe": 3.24,
            "roe_4q": 15.24,
            "gross_profit": 1508265,
            "gross_margin": 27.51,
            "gross_margin_4q_avg": 29.4,
            "net_income": 874830,
            "revenue": 5481997,
            "common_shares": 16389823,
            "book_valuer_per_share": 16.72,
            "book_valuer_per_share_4q_avg": 16.56,
            "equity": 27409629,
            "current_ratio": 581.9,
            "debt_ratio": 15.36,
            "inventory_turnover_ratio": 1.66,
            "account_receivable_turnover_ratio": 1.79,
            "reinvestment_rate": -15.22,
            "research_to_sale_ratio": 5.41,
            "price_fair": 88.81,
            "eps_avg_yearly": 2.54,
            "eps_latest_yearly": 2.12,
            "eps_growth_yearly": 604.56
        },
        "20161": {
            "year_quarter": 20161,
            "year": 2016,
            "quarter": 1,
            "eps": 0.83,
            "eps_growth_year": -1.19,
            "eps_4q": 2.53,
            "eps_4q_growth_year": -24.23,
            "roe": 4.81,
            "roe_4q": 15.200000000000001,
            "gross_profit": 2190362,
            "gross_margin": 35.25,
            "gross_margin_4q_avg": 29.87,
            "net_income": 1353171,
            "revenue": 6214552,
            "common_shares": 16389823,
            "book_valuer_per_share": 17.59,
            "book_valuer_per_share_4q_avg": 16.55,
            "equity": 28827374,
            "current_ratio": 590.76,
            "debt_ratio": 15.42,
            "inventory_turnover_ratio": 1.76,
            "account_receivable_turnover_ratio": 1.84,
            "reinvestment_rate": -12.04,
            "research_to_sale_ratio": 5.09,
            "price_fair": 95.9,
            "eps_avg_yearly": 2.74,
            "eps_latest_yearly": 3.32,
            "eps_growth_yearly": 618.71
        },
        "20162": {
            "year_quarter": 20162,
            "year": 2016,
            "quarter": 2,
            "eps": 0.93,
            "eps_growth_year": 43.08,
            "eps_4q": 2.8,
            "eps_4q_growth_year": -11.68,
            "roe": 5.52,
            "roe_4q": 16.83,
            "gross_profit": 2250670,
            "gross_margin": 34.82,
            "gross_margin_4q_avg": 31.19,
            "net_income": 1516348,
            "revenue": 6462988,
            "common_shares": 16389823,
            "book_valuer_per_share": 15.92,
            "book_valuer_per_share_4q_avg": 16.61,
            "equity": 26085523,
            "current_ratio": 302.38,
            "debt_ratio": 27.87,
            "inventory_turnover_ratio": 1.8,
            "account_receivable_turnover_ratio": 1.74,
            "reinvestment_rate": -4.07,
            "research_to_sale_ratio": 5.56,
            "price_fair": 90.32,
            "eps_avg_yearly": 2.85,
            "eps_latest_yearly": 3.72,
            "eps_growth_yearly": 21.72
        },
        "20163": {
            "year_quarter": 20163,
            "year": 2016,
            "quarter": 3,
            "eps": 0.8,
            "eps_growth_year": 53.85,
            "eps_4q": 3.09,
            "eps_4q_growth_year": 6.89,
            "roe": 4.91,
            "roe_4q": 18.479999999999997,
            "gross_profit": 2257250,
            "gross_margin": 34.44,
            "gross_margin_4q_avg": 33.01,
            "net_income": 1311982,
            "revenue": 6554610,
            "common_shares": 16389823,
            "book_valuer_per_share": 16.68,
            "book_valuer_per_share_4q_avg": 16.73,
            "equity": 27339373,
            "current_ratio": 515.31,
            "debt_ratio": 16.47,
            "inventory_turnover_ratio": 1.87,
            "account_receivable_turnover_ratio": 1.75,
            "reinvestment_rate": 4.09,
            "research_to_sale_ratio": 6.21,
            "price_fair": 80.96,
            "eps_avg_yearly": 2.92,
            "eps_latest_yearly": 3.2,
            "eps_growth_yearly": 17.72
        },
        "20164": {
            "year_quarter": 20164,
            "year": 2016,
            "quarter": 4,
            "eps": 0.83,
            "eps_growth_year": 55.05,
            "eps_4q": 3.38,
            "eps_4q_growth_year": 33.2,
            "roe": 4.84,
            "roe_4q": 20.08,
            "gross_profit": 2225870,
            "gross_margin": 33.74,
            "gross_margin_4q_avg": 34.56,
            "net_income": 1356424,
            "revenue": 6596484,
            "common_shares": 16389823,
            "book_valuer_per_share": 17.51,
            "book_valuer_per_share_4q_avg": 16.93,
            "equity": 28699263,
            "current_ratio": 468.59,
            "debt_ratio": 17.96,
            "inventory_turnover_ratio": 1.96,
            "account_receivable_turnover_ratio": 1.71,
            "reinvestment_rate": 6.21,
            "research_to_sale_ratio": 7.16,
            "price_fair": 90.63,
            "eps_avg_yearly": 3.01,
            "eps_latest_yearly": 3.32,
            "eps_growth_yearly": 20.13
        },
        "20171": {
            "year_quarter": 20171,
            "year": 2017,
            "quarter": 1,
            "eps": 0.7,
            "eps_growth_year": -15.66,
            "eps_4q": 3.26,
            "eps_4q_growth_year": 28.81,
            "roe": 3.94,
            "roe_4q": 19.21,
            "gross_profit": 2010958,
            "gross_margin": 32.11,
            "gross_margin_4q_avg": 33.78,
            "net_income": 1150449,
            "revenue": 6263431,
            "common_shares": 16389823,
            "book_valuer_per_share": 18.09,
            "book_valuer_per_share_4q_avg": 17.05,
            "equity": 29642310,
            "current_ratio": 492.4,
            "debt_ratio": 17.14,
            "inventory_turnover_ratio": 1.97,
            "account_receivable_turnover_ratio": 1.63,
            "reinvestment_rate": 4.36,
            "research_to_sale_ratio": 6.44,
            "price_fair": 65.45,
            "eps_avg_yearly": 3.04,
            "eps_latest_yearly": 2.8,
            "eps_growth_yearly": 11.53
        },
        "20172": {
            "year_quarter": 20172,
            "year": 2017,
            "quarter": 2,
            "eps": 0.6,
            "eps_growth_year": -35.48,
            "eps_4q": 2.93,
            "eps_4q_growth_year": 4.41,
            "roe": 3.54,
            "roe_4q": 17.23,
            "gross_profit": 1761853,
            "gross_margin": 30.01,
            "gross_margin_4q_avg": 32.58,
            "net_income": 979408,
            "revenue": 5871113,
            "common_shares": 16389823,
            "book_valuer_per_share": 15.69,
            "book_valuer_per_share_4q_avg": 16.99,
            "equity": 25708117,
            "current_ratio": 261.74,
            "debt_ratio": 30.43,
            "inventory_turnover_ratio": 1.86,
            "account_receivable_turnover_ratio": 1.54,
            "reinvestment_rate": 7.28,
            "research_to_sale_ratio": 6.67,
            "price_fair": 35.6,
            "eps_avg_yearly": 3.01,
            "eps_latest_yearly": 2.4,
            "eps_growth_yearly": 1.82
        },
        "20173": {
            "year_quarter": 20173,
            "year": 2017,
            "quarter": 3,
            "eps": 0.71,
            "eps_growth_year": -11.25,
            "eps_4q": 2.83,
            "eps_4q_growth_year": -8.14,
            "roe": 4.41,
            "roe_4q": 16.73,
            "gross_profit": 2037188,
            "gross_margin": 31.83,
            "gross_margin_4q_avg": 31.92,
            "net_income": 1158225,
            "revenue": 6400057,
            "common_shares": 16389823,
            "book_valuer_per_share": 16.4,
            "book_valuer_per_share_4q_avg": 16.92,
            "equity": 26872540,
            "current_ratio": 458.34,
            "debt_ratio": 17.97,
            "inventory_turnover_ratio": 1.81,
            "account_receivable_turnover_ratio": 1.61,
            "reinvestment_rate": 9.87,
            "research_to_sale_ratio": 6.06,
            "price_fair": 42.83,
            "eps_avg_yearly": 3,
            "eps_latest_yearly": 2.84,
            "eps_growth_yearly": 4.29
        },
        "20174": {
            "year_quarter": 20174,
            "year": 2017,
            "quarter": 4,
            "eps": 0.74,
            "eps_growth_year": -10.28,
            "eps_4q": 2.75,
            "eps_4q_growth_year": -18.65,
            "roe": 4.45,
            "roe_4q": 16.34,
            "gross_profit": 2163639,
            "gross_margin": 33.94,
            "gross_margin_4q_avg": 31.97,
            "net_income": 1216982,
            "revenue": 6375012,
            "common_shares": 16389823,
            "book_valuer_per_share": 17.01,
            "book_valuer_per_share_4q_avg": 16.8,
            "equity": 27876002,
            "current_ratio": 436.4,
            "debt_ratio": 18.72,
            "inventory_turnover_ratio": 1.59,
            "account_receivable_turnover_ratio": 1.57,
            "reinvestment_rate": 14.09,
            "research_to_sale_ratio": 5.71,
            "price_fair": 51.97,
            "eps_avg_yearly": 3.01,
            "eps_latest_yearly": 2.96,
            "eps_growth_yearly": 7.29
        },
        "20181": {
            "year_quarter": 20181,
            "year": 2018,
            "quarter": 1,
            "eps": 0.7,
            "eps_growth_year": 0,
            "eps_4q": 2.75,
            "eps_4q_growth_year": -15.61,
            "roe": 4.04,
            "roe_4q": 16.44,
            "gross_profit": 2067947,
            "gross_margin": 32.18,
            "gross_margin_4q_avg": 31.99,
            "net_income": 1147920,
            "revenue": 6425466,
            "common_shares": 16389823,
            "book_valuer_per_share": 17.64,
            "book_valuer_per_share_4q_avg": 16.69,
            "equity": 28912885,
            "current_ratio": 436.66,
            "debt_ratio": 18.9,
            "inventory_turnover_ratio": 1.53,
            "account_receivable_turnover_ratio": 1.52,
            "reinvestment_rate": -0.98,
            "research_to_sale_ratio": 4.99,
            "price_fair": 33.75,
            "eps_avg_yearly": 2.97,
            "eps_latest_yearly": 2.8,
            "eps_growth_yearly": 1.36
        },
        "20182": {
            "year_quarter": 20182,
            "year": 2018,
            "quarter": 2,
            "eps": 0.87,
            "eps_growth_year": 45,
            "eps_4q": 3.02,
            "eps_4q_growth_year": 3.05,
            "roe": 5.19,
            "roe_4q": 18.09,
            "gross_profit": 2380547,
            "gross_margin": 33.77,
            "gross_margin_4q_avg": 32.93,
            "net_income": 1421356,
            "revenue": 7048692,
            "common_shares": 16389823,
            "book_valuer_per_share": 15.77,
            "book_valuer_per_share_4q_avg": 16.71,
            "equity": 25846358,
            "current_ratio": 237.07,
            "debt_ratio": 32.3,
            "inventory_turnover_ratio": 1.57,
            "account_receivable_turnover_ratio": 1.48,
            "reinvestment_rate": -0.94,
            "research_to_sale_ratio": 5.22,
            "price_fair": 54.71,
            "eps_avg_yearly": 2.99,
            "eps_latest_yearly": 3.48,
            "eps_growth_yearly": 8.33
        },
        "20183": {
            "year_quarter": 20183,
            "year": 2018,
            "quarter": 3,
            "eps": 1.02,
            "eps_growth_year": 43.66,
            "eps_4q": 3.33,
            "eps_4q_growth_year": 17.45,
            "roe": 6.26,
            "roe_4q": 19.939999999999998,
            "gross_profit": 2791646,
            "gross_margin": 36.03,
            "gross_margin_4q_avg": 33.98,
            "net_income": 1668825,
            "revenue": 7749176,
            "common_shares": 16389823,
            "book_valuer_per_share": 16.76,
            "book_valuer_per_share_4q_avg": 16.8,
            "equity": 27473384,
            "current_ratio": 364.67,
            "debt_ratio": 21.48,
            "inventory_turnover_ratio": 1.56,
            "account_receivable_turnover_ratio": 1.44,
            "reinvestment_rate": -7.94,
            "research_to_sale_ratio": 5.08,
            "price_fair": 68.77,
            "eps_avg_yearly": 3.04,
            "eps_latest_yearly": 4.08,
            "eps_growth_yearly": 12.64
        },
        "20184": {
            "year_quarter": 20184,
            "year": 2018,
            "quarter": 4,
            "eps": 1.18,
            "eps_growth_year": 58.44,
            "eps_4q": 3.76,
            "eps_4q_growth_year": 36.87,
            "roe": 6.78,
            "roe_4q": 22.27,
            "gross_profit": 2928130,
            "gross_margin": 38,
            "gross_margin_4q_avg": 35,
            "net_income": 1928168,
            "revenue": 7704760,
            "common_shares": 16389823,
            "book_valuer_per_share": 17.96,
            "book_valuer_per_share_4q_avg": 17.03,
            "equity": 29439123,
            "current_ratio": 358.91,
            "debt_ratio": 21.81,
            "inventory_turnover_ratio": 1.43,
            "account_receivable_turnover_ratio": 1.36,
            "reinvestment_rate": -7.9,
            "research_to_sale_ratio": 5.35,
            "price_fair": 75.95,
            "eps_avg_yearly": 3.11,
            "eps_latest_yearly": 4.72,
            "eps_growth_yearly": 14.4
        },
        "20191": {
            "year_quarter": 20191,
            "year": 2019,
            "quarter": 1,
            "eps": 0.85,
            "eps_growth_year": 21.43,
            "eps_4q": 3.91,
            "eps_4q_growth_year": 42.27,
            "roe": 4.6,
            "roe_4q": 22.830000000000002,
            "gross_profit": 2489845,
            "gross_margin": 36.05,
            "gross_margin_4q_avg": 35.96,
            "net_income": 1387527,
            "revenue": 6906566,
            "common_shares": 16389823,
            "book_valuer_per_share": 18.82,
            "book_valuer_per_share_4q_avg": 17.33,
            "equity": 30844597,
            "current_ratio": 331.03,
            "debt_ratio": 24.82,
            "inventory_turnover_ratio": 1.26,
            "account_receivable_turnover_ratio": 1.29,
            "reinvestment_rate": 1,
            "research_to_sale_ratio": 6.14,
            "price_fair": 57.77,
            "eps_avg_yearly": 3.12,
            "eps_latest_yearly": 3.4,
            "eps_growth_yearly": 8.54
        },
        "20192": {
            "year_quarter": 20192,
            "year": 2019,
            "quarter": 2,
            "eps": 0.9,
            "eps_growth_year": 3.45,
            "eps_4q": 3.94,
            "eps_4q_growth_year": 30.74,
            "roe": 5.11,
            "roe_4q": 22.75,
            "gross_profit": 2559348,
            "gross_margin": 36.99,
            "gross_margin_4q_avg": 36.77,
            "net_income": 1479775,
            "revenue": 6918192,
            "common_shares": 16389823,
            "book_valuer_per_share": 16.54,
            "book_valuer_per_share_4q_avg": 17.52,
            "equity": 27100588,
            "current_ratio": 176.37,
            "debt_ratio": 35.89,
            "inventory_turnover_ratio": 1.2,
            "account_receivable_turnover_ratio": 1.33,
            "reinvestment_rate": 20.15,
            "research_to_sale_ratio": 6.86,
            "price_fair": 81.57,
            "eps_avg_yearly": 3.18,
            "eps_latest_yearly": 3.6,
            "eps_growth_yearly": 15.67
        },
        "20193": {
            "year_quarter": 20193,
            "year": 2019,
            "quarter": 3,
            "eps": 0.91,
            "eps_growth_year": -10.78,
            "eps_4q": 3.84,
            "eps_4q_growth_year": 15.33,
            "roe": 5.39,
            "roe_4q": 21.88,
            "gross_profit": 2638164,
            "gross_margin": 37.02,
            "gross_margin_4q_avg": 37.02,
            "net_income": 1495865,
            "revenue": 7127018,
            "common_shares": 16389823,
            "book_valuer_per_share": 17.35,
            "book_valuer_per_share_4q_avg": 17.67,
            "equity": 28431579,
            "current_ratio": 188.76,
            "debt_ratio": 31.56,
            "inventory_turnover_ratio": 1.25,
            "account_receivable_turnover_ratio": 1.3,
            "reinvestment_rate": 26.37,
            "research_to_sale_ratio": 5.89,
            "price_fair": 101.35,
            "eps_avg_yearly": 3.28,
            "eps_latest_yearly": 3.64,
            "eps_growth_yearly": 20.95
        },
        "20194": {
            "year_quarter": 20194,
            "year": 2019,
            "quarter": 4,
            "eps": 0.91,
            "eps_growth_year": -22.34,
            "eps_4q": 3.58,
            "eps_4q_growth_year": -4.96,
            "roe": 5.17,
            "roe_4q": 20.269999999999996,
            "gross_profit": 2645430,
            "gross_margin": 36.07,
            "gross_margin_4q_avg": 36.53,
            "net_income": 1497330,
            "revenue": 7334296,
            "common_shares": 16389823,
            "book_valuer_per_share": 18.02,
            "book_valuer_per_share_4q_avg": 17.68,
            "equity": 29532133,
            "current_ratio": 190.6,
            "debt_ratio": 30.99,
            "inventory_turnover_ratio": 1.4,
            "account_receivable_turnover_ratio": 1.4,
            "reinvestment_rate": 29.14,
            "research_to_sale_ratio": 5.83,
            "price_fair": 102.67,
            "eps_avg_yearly": 3.37,
            "eps_latest_yearly": 3.64,
            "eps_growth_yearly": 20.47
        },
        "20201": {
            "year_quarter": 20201,
            "year": 2020,
            "quarter": 1,
            "eps": 0.9,
            "eps_growth_year": 5.88,
            "eps_4q": 3.63,
            "eps_4q_growth_year": -7.14,
            "roe": 4.9,
            "roe_4q": 20.57,
            "gross_profit": 2430356,
            "gross_margin": 30.98,
            "gross_margin_4q_avg": 35.27,
            "net_income": 1475799,
            "revenue": 7843921,
            "common_shares": 16389823,
            "book_valuer_per_share": 18.73,
            "book_valuer_per_share_4q_avg": 17.66,
            "equity": 30694447,
            "current_ratio": 209.8,
            "debt_ratio": 29.35,
            "inventory_turnover_ratio": 1.77,
            "account_receivable_turnover_ratio": 1.45,
            "reinvestment_rate": 28.58,
            "research_to_sale_ratio": 5.83,
            "price_fair": 54.34,
            "eps_avg_yearly": 3.39,
            "eps_latest_yearly": 3.6,
            "eps_growth_yearly": 6.04
        },
        "20202": {
            "year_quarter": 20202,
            "year": 2020,
            "quarter": 2,
            "eps": 0.9,
            "eps_growth_year": 0,
            "eps_4q": 3.63,
            "eps_4q_growth_year": -7.94,
            "roe": 5.17,
            "roe_4q": 20.63,
            "gross_profit": 2727841,
            "gross_margin": 33.16,
            "gross_margin_4q_avg": 34.31,
            "net_income": 1481763,
            "revenue": 8226696,
            "common_shares": 16389823,
            "book_valuer_per_share": 16.24,
            "book_valuer_per_share_4q_avg": 17.59,
            "equity": 26619204,
            "current_ratio": 152.43,
            "debt_ratio": 40.58,
            "inventory_turnover_ratio": 1.87,
            "account_receivable_turnover_ratio": 1.43,
            "reinvestment_rate": 24.82,
            "research_to_sale_ratio": 5.46,
            "price_fair": 44.04,
            "eps_avg_yearly": 3.38,
            "eps_latest_yearly": 3.6,
            "eps_growth_yearly": 3.03
        },
        "20203": {
            "year_quarter": 20203,
            "year": 2020,
            "quarter": 3,
            "eps": 0.93,
            "eps_growth_year": 2.2,
            "eps_4q": 3.65,
            "eps_4q_growth_year": -4.92,
            "roe": 5.59,
            "roe_4q": 20.83,
            "gross_profit": 2838279,
            "gross_margin": 34.02,
            "gross_margin_4q_avg": 33.56,
            "net_income": 1526887,
            "revenue": 8343533,
            "common_shares": 16389823,
            "book_valuer_per_share": 17.1,
            "book_valuer_per_share_4q_avg": 17.52,
            "equity": 28034072,
            "current_ratio": 201.01,
            "debt_ratio": 30.48,
            "inventory_turnover_ratio": 1.91,
            "account_receivable_turnover_ratio": 1.51,
            "reinvestment_rate": 21.71,
            "research_to_sale_ratio": 5.23,
            "price_fair": 59.23,
            "eps_avg_yearly": 3.41,
            "eps_latest_yearly": 3.72,
            "eps_growth_yearly": 7.36
        },
        "20204": {
            "year_quarter": 20204,
            "year": 2020,
            "quarter": 4,
            "eps": 1.11,
            "eps_growth_year": 21.62,
            "eps_4q": 3.85,
            "eps_4q_growth_year": 7.59,
            "roe": 6.32,
            "roe_4q": 21.979999999999997,
            "gross_profit": 3259808,
            "gross_margin": 37.4,
            "gross_margin_4q_avg": 33.89,
            "net_income": 1821071,
            "revenue": 8717052,
            "common_shares": 16389823,
            "book_valuer_per_share": 18.03,
            "book_valuer_per_share_4q_avg": 17.53,
            "equity": 29557598,
            "current_ratio": 194.35,
            "debt_ratio": 32.32,
            "inventory_turnover_ratio": 1.84,
            "account_receivable_turnover_ratio": 1.56,
            "reinvestment_rate": 20.79,
            "research_to_sale_ratio": 5.21,
            "price_fair": 74.03,
            "eps_avg_yearly": 3.48,
            "eps_latest_yearly": 4.44,
            "eps_growth_yearly": 11.26
        },
        "20211": {
            "year_quarter": 20211,
            "year": 2021,
            "quarter": 1,
            "eps": 1.35,
            "eps_growth_year": 50,
            "eps_4q": 4.3,
            "eps_4q_growth_year": 18.4,
            "roe": 7.2,
            "roe_4q": 24.28,
            "gross_profit": 3497817,
            "gross_margin": 38.1,
            "gross_margin_4q_avg": 35.67,
            "net_income": 2213494,
            "revenue": 9180131,
            "common_shares": 16389823,
            "book_valuer_per_share": 19.46,
            "book_valuer_per_share_4q_avg": 17.71,
            "equity": 31898383,
            "current_ratio": 217.85,
            "debt_ratio": 32.82,
            "inventory_turnover_ratio": 1.77,
            "account_receivable_turnover_ratio": 1.53,
            "reinvestment_rate": 21.69,
            "research_to_sale_ratio": 5.04,
            "price_fair": 111.46,
            "eps_avg_yearly": 3.65,
            "eps_latest_yearly": 5.4,
            "eps_growth_yearly": 20.58
        },
        "20212": {
            "year_quarter": 20212,
            "year": 2021,
            "quarter": 2,
            "eps": 1.59,
            "eps_growth_year": 76.67,
            "eps_4q": 4.98,
            "eps_4q_growth_year": 37.18,
            "roe": 8.63,
            "roe_4q": 27.740000000000002,
            "gross_profit": 4153046,
            "gross_margin": 40.89,
            "gross_margin_4q_avg": 37.6,
            "net_income": 2601905,
            "revenue": 10155588,
            "common_shares": 16389823,
            "book_valuer_per_share": 17.33,
            "book_valuer_per_share_4q_avg": 17.98,
            "equity": 28410462,
            "current_ratio": 157.84,
            "debt_ratio": 45.22,
            "inventory_turnover_ratio": 1.72,
            "account_receivable_turnover_ratio": 1.59,
            "reinvestment_rate": 27.3,
            "research_to_sale_ratio": 4.96,
            "price_fair": 136.24,
            "eps_avg_yearly": 3.89,
            "eps_latest_yearly": 6.36,
            "eps_growth_yearly": 28.6
        },
        "20213": {
            "year_quarter": 20213,
            "year": 2021,
            "quarter": 3,
            "eps": 2,
            "eps_growth_year": 115.05,
            "eps_4q": 6.06,
            "eps_4q_growth_year": 65.92,
            "roe": 10.95,
            "roe_4q": 33.099999999999994,
            "gross_profit": 5438362,
            "gross_margin": 45.79,
            "gross_margin_4q_avg": 40.55,
            "net_income": 3288350,
            "revenue": 11877834,
            "common_shares": 16389823,
            "book_valuer_per_share": 19.32,
            "book_valuer_per_share_4q_avg": 18.54,
            "equity": 31667002,
            "current_ratio": 210.62,
            "debt_ratio": 41.11,
            "inventory_turnover_ratio": 1.73,
            "account_receivable_turnover_ratio": 1.66,
            "reinvestment_rate": 35.81,
            "research_to_sale_ratio": 4.9,
            "price_fair": 147.53,
            "eps_avg_yearly": 4.22,
            "eps_latest_yearly": 8,
            "eps_growth_yearly": 30.46
        },
        "20214": {
            "year_quarter": 20214,
            "year": 2021,
            "quarter": 4,
            "eps": 2.27,
            "eps_growth_year": 104.05,
            "eps_4q": 7.21,
            "eps_4q_growth_year": 87.45,
            "roe": 11.12,
            "roe_4q": 37.900000000000006,
            "gross_profit": 6062632,
            "gross_margin": 47.6,
            "gross_margin_4q_avg": 43.1,
            "net_income": 3715839,
            "revenue": 12737534,
            "common_shares": 16389823,
            "book_valuer_per_share": 21.46,
            "book_valuer_per_share_4q_avg": 19.39,
            "equity": 35165405,
            "current_ratio": 228.29,
            "debt_ratio": 46.35,
            "inventory_turnover_ratio": 1.7,
            "account_receivable_turnover_ratio": 1.47,
            "reinvestment_rate": 46.38,
            "research_to_sale_ratio": 4.73,
            "price_fair": 160.91,
            "eps_avg_yearly": 4.6,
            "eps_latest_yearly": 9.08,
            "eps_growth_yearly": 32.78
        },
        "20221": {
            "year_quarter": 20221,
            "year": 2022,
            "quarter": 1,
            "eps": 2.5,
            "eps_growth_year": 85.19,
            "eps_4q": 8.36,
            "eps_4q_growth_year": 94.48,
            "roe": 10.89,
            "roe_4q": 41.589999999999996,
            "gross_profit": 6526078,
            "gross_margin": 48.37,
            "gross_margin_4q_avg": 45.66,
            "net_income": 4091613,
            "revenue": 13492091,
            "common_shares": 16389823,
            "book_valuer_per_share": 24.38,
            "book_valuer_per_share_4q_avg": 20.62,
            "equity": 39960316,
            "current_ratio": 258.24,
            "debt_ratio": 53.38,
            "inventory_turnover_ratio": 1.68,
            "account_receivable_turnover_ratio": 1.46,
            "reinvestment_rate": 67.17,
            "research_to_sale_ratio": 4.91,
            "price_fair": 176.66,
            "eps_avg_yearly": 5.05,
            "eps_latest_yearly": 10,
            "eps_growth_yearly": 36.66
        },
        "20222": {
            "year_quarter": 20222,
            "year": 2022,
            "quarter": 2,
            "eps": 2.98,
            "eps_growth_year": 87.42,
            "eps_4q": 9.75,
            "eps_4q_growth_year": 95.78,
            "roe": 12.55,
            "roe_4q": 45.510000000000005,
            "gross_profit": 7645192,
            "gross_margin": 49.97,
            "gross_margin_4q_avg": 47.93,
            "net_income": 4886595,
            "revenue": 15300862,
            "common_shares": 16389823,
            "book_valuer_per_share": 23.13,
            "book_valuer_per_share_4q_avg": 22.07,
            "equity": 37908544,
            "current_ratio": 193.63,
            "debt_ratio": 63,
            "inventory_turnover_ratio": 1.72,
            "account_receivable_turnover_ratio": 1.58,
            "reinvestment_rate": 78.84,
            "research_to_sale_ratio": 4.88,
            "price_fair": 195.13,
            "eps_avg_yearly": 5.58,
            "eps_latest_yearly": 11.92,
            "eps_growth_yearly": 35.39
        },
        "20223": {
            "year_quarter": 20223,
            "year": 2022,
            "quarter": 3,
            "eps": 2.33,
            "eps_growth_year": 16.5,
            "eps_4q": 10.08,
            "eps_4q_growth_year": 66.42,
            "roe": 9.48,
            "roe_4q": 44.04,
            "gross_profit": 5997936,
            "gross_margin": 45,
            "gross_margin_4q_avg": 47.74,
            "net_income": 3823103,
            "revenue": 13327981,
            "common_shares": 16389823,
            "book_valuer_per_share": 26.1,
            "book_valuer_per_share_4q_avg": 23.77,
            "equity": 42772081,
            "current_ratio": 241.04,
            "debt_ratio": 56.66,
            "inventory_turnover_ratio": 1.55,
            "account_receivable_turnover_ratio": 1.5,
            "reinvestment_rate": 80.89,
            "research_to_sale_ratio": 4.96,
            "price_fair": 206.59,
            "eps_avg_yearly": 5.9,
            "eps_latest_yearly": 9.32,
            "eps_growth_yearly": 25.63
        },
        "20224": {
            "year_quarter": 20224,
            "year": 2022,
            "quarter": 4,
            "eps": 1.51,
            "eps_growth_year": -33.28,
            "eps_4q": 9.32,
            "eps_4q_growth_year": 29.28,
            "roe": 5.63,
            "roe_4q": 38.55,
            "gross_profit": 3754534,
            "gross_margin": 39.22,
            "gross_margin_4q_avg": 45.64,
            "net_income": 2479077,
            "revenue": 9573376,
            "common_shares": 16389823,
            "book_valuer_per_share": 27.67,
            "book_valuer_per_share_4q_avg": 25.32,
            "equity": 45350504,
            "current_ratio": 219.29,
            "debt_ratio": 55.07,
            "inventory_turnover_ratio": 1.09,
            "account_receivable_turnover_ratio": 1.54,
            "reinvestment_rate": 81.6,
            "research_to_sale_ratio": 7.01,
            "price_fair": 137.1,
            "eps_avg_yearly": 5.99,
            "eps_latest_yearly": 6.04,
            "eps_growth_yearly": 12.91
        },
        "20231": {
            "year_quarter": 20231,
            "year": 2023,
            "quarter": 1,
            "eps": 0.83,
            "eps_growth_year": -66.8,
            "eps_4q": 7.66,
            "eps_4q_growth_year": -8.36,
            "roe": 2.97,
            "roe_4q": 30.63,
            "gross_profit": 2458654,
            "gross_margin": 30.03,
            "gross_margin_4q_avg": 41.06,
            "net_income": 1363819,
            "revenue": 8186889,
            "common_shares": 16389823,
            "book_valuer_per_share": 28.44,
            "book_valuer_per_share_4q_avg": 26.34,
            "equity": 46613239,
            "current_ratio": 213.24,
            "debt_ratio": 54.2,
            "inventory_turnover_ratio": 0.95,
            "account_receivable_turnover_ratio": 1.68,
            "reinvestment_rate": 78.66,
            "research_to_sale_ratio": 6.87,
            "price_fair": 111.47,
            "eps_avg_yearly": 5.98,
            "eps_latest_yearly": 3.32,
            "eps_growth_yearly": 8.64
        }
    },
    "months": {
        "2001-06": {
            "month": "2001-06",
            "price": "14.46",
            "revenue": 665751
        },
        "2001-07": {
            "month": "2001-07",
            "price": "12.51",
            "revenue": 537044
        },
        "2001-08": {
            "month": "2001-08",
            "price": "10.30",
            "revenue": 516292
        },
        "2001-09": {
            "month": "2001-09",
            "price": "6.88",
            "revenue": 386526
        },
        "2001-10": {
            "month": "2001-10",
            "price": "5.62",
            "revenue": 345168
        },
        "2001-11": {
            "month": "2001-11",
            "price": "6.98",
            "revenue": 470718
        },
        "2001-12": {
            "month": "2001-12",
            "price": "11.85",
            "revenue": 584573
        },
        "2002-01": {
            "month": "2002-01",
            "price": "15.21",
            "revenue": 616600
        },
        "2002-02": {
            "month": "2002-02",
            "price": "14.25",
            "revenue": 661997
        },
        "2002-03": {
            "month": "2002-03",
            "price": "18.57",
            "revenue": 702328
        },
        "2002-04": {
            "month": "2002-04",
            "price": "25.71",
            "revenue": 756732
        },
        "2002-05": {
            "month": "2002-05",
            "price": "21.01",
            "revenue": 778693
        },
        "2002-06": {
            "month": "2002-06",
            "price": "19.57",
            "revenue": 821370
        },
        "2002-07": {
            "month": "2002-07",
            "price": "16.88",
            "revenue": 838256
        },
        "2002-08": {
            "month": "2002-08",
            "price": "13.45",
            "revenue": 665651
        },
        "2002-09": {
            "month": "2002-09",
            "price": "10.96",
            "revenue": 565425
        },
        "2002-10": {
            "month": "2002-10",
            "price": "9.42",
            "revenue": 575765
        },
        "2002-11": {
            "month": "2002-11",
            "price": "9.10",
            "revenue": 653502
        },
        "2002-12": {
            "month": "2002-12",
            "price": "7.78",
            "revenue": 671391
        },
        "2003-01": {
            "month": "2003-01",
            "price": "8.64",
            "revenue": 784792
        },
        "2003-02": {
            "month": "2003-02",
            "price": "7.70",
            "revenue": 678668
        },
        "2003-03": {
            "month": "2003-03",
            "price": "7.44",
            "revenue": 780658
        },
        "2003-04": {
            "month": "2003-04",
            "price": "6.88",
            "revenue": 870006
        },
        "2003-05": {
            "month": "2003-05",
            "price": "4.99",
            "revenue": 885570
        },
        "2003-06": {
            "month": "2003-06",
            "price": "6.29",
            "revenue": 902178
        },
        "2003-07": {
            "month": "2003-07",
            "price": "7.07",
            "revenue": 882534
        },
        "2003-08": {
            "month": "2003-08",
            "price": "7.17",
            "revenue": 861466
        },
        "2003-09": {
            "month": "2003-09",
            "price": "8.36",
            "revenue": 966456
        },
        "2003-10": {
            "month": "2003-10",
            "price": "11.31",
            "revenue": 1032144
        },
        "2003-11": {
            "month": "2003-11",
            "price": "13.14",
            "revenue": 1103530
        },
        "2003-12": {
            "month": "2003-12",
            "price": "13.32",
            "revenue": 1157103
        },
        "2004-01": {
            "month": "2004-01",
            "price": "13.93",
            "revenue": 1186388
        },
        "2004-02": {
            "month": "2004-02",
            "price": "13.86",
            "revenue": 1241477
        },
        "2004-03": {
            "month": "2004-03",
            "price": "13.93",
            "revenue": 1303764
        },
        "2004-04": {
            "month": "2004-04",
            "price": "17.13",
            "revenue": 1330950
        },
        "2004-05": {
            "month": "2004-05",
            "price": "15.17",
            "revenue": 1395403
        },
        "2004-06": {
            "month": "2004-06",
            "price": "13.83",
            "revenue": 1435042
        },
        "2004-07": {
            "month": "2004-07",
            "price": "10.96",
            "revenue": 1448269
        },
        "2004-08": {
            "month": "2004-08",
            "price": "10.53",
            "revenue": 1454063
        },
        "2004-09": {
            "month": "2004-09",
            "price": "10.13",
            "revenue": 1460009
        },
        "2004-10": {
            "month": "2004-10",
            "price": "17.88",
            "revenue": 1354546
        },
        "2004-11": {
            "month": "2004-11",
            "price": "20.10",
            "revenue": 1237434
        },
        "2004-12": {
            "month": "2004-12",
            "price": "20.75",
            "revenue": 1032086
        },
        "2005-01": {
            "month": "2005-01",
            "price": "21.83",
            "revenue": 727683
        },
        "2005-02": {
            "month": "2005-02",
            "price": "23.78",
            "revenue": 729859
        },
        "2005-03": {
            "month": "2005-03",
            "price": "23.29",
            "revenue": 770063
        },
        "2005-04": {
            "month": "2005-04",
            "price": "23.65",
            "revenue": 853435
        },
        "2005-05": {
            "month": "2005-05",
            "price": "24.43",
            "revenue": 910147
        },
        "2005-06": {
            "month": "2005-06",
            "price": "28.43",
            "revenue": 970892
        },
        "2005-07": {
            "month": "2005-07",
            "price": "30.33",
            "revenue": 1052522
        },
        "2005-08": {
            "month": "2005-08",
            "price": "26.75",
            "revenue": 1074495
        },
        "2005-09": {
            "month": "2005-09",
            "price": "22.67",
            "revenue": 1063248
        },
        "2005-10": {
            "month": "2005-10",
            "price": "21.29",
            "revenue": 1078425
        },
        "2005-11": {
            "month": "2005-11",
            "price": "21.65",
            "revenue": 1080890
        },
        "2005-12": {
            "month": "2005-12",
            "price": "25.11",
            "revenue": 1059610
        },
        "2006-01": {
            "month": "2006-01",
            "price": "23.21",
            "revenue": 893860
        },
        "2006-02": {
            "month": "2006-02",
            "price": "20.36",
            "revenue": 851203
        },
        "2006-03": {
            "month": "2006-03",
            "price": "21.32",
            "revenue": 831451
        },
        "2006-04": {
            "month": "2006-04",
            "price": "23.82",
            "revenue": 893341
        },
        "2006-05": {
            "month": "2006-05",
            "price": "23.43",
            "revenue": 1005896
        },
        "2006-06": {
            "month": "2006-06",
            "price": "20.76",
            "revenue": 1047996
        },
        "2006-07": {
            "month": "2006-07",
            "price": "19.75",
            "revenue": 1151689
        },
        "2006-08": {
            "month": "2006-08",
            "price": "20.24",
            "revenue": 1162660
        },
        "2006-09": {
            "month": "2006-09",
            "price": "20.94",
            "revenue": 1175259
        },
        "2006-10": {
            "month": "2006-10",
            "price": "22.13",
            "revenue": 1309257
        },
        "2006-11": {
            "month": "2006-11",
            "price": "22.57",
            "revenue": 1319662
        },
        "2006-12": {
            "month": "2006-12",
            "price": "22.95",
            "revenue": 1330402
        },
        "2007-01": {
            "month": "2007-01",
            "price": "23.96",
            "revenue": 1291916
        },
        "2007-02": {
            "month": "2007-02",
            "price": "26.16",
            "revenue": 1123844
        },
        "2007-03": {
            "month": "2007-03",
            "price": "27.05",
            "revenue": 1144640
        },
        "2007-04": {
            "month": "2007-04",
            "price": "28.26",
            "revenue": 1161751
        },
        "2007-05": {
            "month": "2007-05",
            "price": "30.90",
            "revenue": 1317831
        },
        "2007-06": {
            "month": "2007-06",
            "price": "32.91",
            "revenue": 1325278
        },
        "2007-07": {
            "month": "2007-07",
            "price": "31.88",
            "revenue": 1364922
        },
        "2007-08": {
            "month": "2007-08",
            "price": "27.93",
            "revenue": 1412045
        },
        "2007-09": {
            "month": "2007-09",
            "price": "28.51",
            "revenue": 1432776
        },
        "2007-10": {
            "month": "2007-10",
            "price": "29.26",
            "revenue": 1464201
        },
        "2007-11": {
            "month": "2007-11",
            "price": "27.19",
            "revenue": 1495583
        },
        "2007-12": {
            "month": "2007-12",
            "price": "24.58",
            "revenue": 1438225
        },
        "2008-01": {
            "month": "2008-01",
            "price": "21.19",
            "revenue": 1558838
        },
        "2008-02": {
            "month": "2008-02",
            "price": "20.97",
            "revenue": 1475896
        },
        "2008-03": {
            "month": "2008-03",
            "price": "21.31",
            "revenue": 1491273
        },
        "2008-04": {
            "month": "2008-04",
            "price": "23.65",
            "revenue": 1503337
        },
        "2008-05": {
            "month": "2008-05",
            "price": "21.63",
            "revenue": 1531767
        },
        "2008-06": {
            "month": "2008-06",
            "price": "22.60",
            "revenue": 1540698
        },
        "2008-07": {
            "month": "2008-07",
            "price": "19.77",
            "revenue": 1507097
        },
        "2008-08": {
            "month": "2008-08",
            "price": "15.97",
            "revenue": 1492746
        },
        "2008-09": {
            "month": "2008-09",
            "price": "12.51",
            "revenue": 1341972
        },
        "2008-10": {
            "month": "2008-10",
            "price": "10.51",
            "revenue": 1239449
        },
        "2008-11": {
            "month": "2008-11",
            "price": "7.55",
            "revenue": 910174
        },
        "2008-12": {
            "month": "2008-12",
            "price": "7.05",
            "revenue": 526999
        },
        "2009-01": {
            "month": "2009-01",
            "price": "7.09",
            "revenue": 463762
        },
        "2009-02": {
            "month": "2009-02",
            "price": "7.09",
            "revenue": 538155
        },
        "2009-03": {
            "month": "2009-03",
            "price": "9.77",
            "revenue": 687277
        },
        "2009-04": {
            "month": "2009-04",
            "price": "12.19",
            "revenue": 1008839
        },
        "2009-05": {
            "month": "2009-05",
            "price": "13.40",
            "revenue": 1126055
        },
        "2009-06": {
            "month": "2009-06",
            "price": "13.30",
            "revenue": 1297563
        },
        "2009-07": {
            "month": "2009-07",
            "price": "14.41",
            "revenue": 1406200
        },
        "2009-08": {
            "month": "2009-08",
            "price": "14.75",
            "revenue": 1463716
        },
        "2009-09": {
            "month": "2009-09",
            "price": "14.31",
            "revenue": 1473184
        },
        "2009-10": {
            "month": "2009-10",
            "price": "13.85",
            "revenue": 1156417
        },
        "2009-11": {
            "month": "2009-11",
            "price": "13.05",
            "revenue": 961836
        },
        "2009-12": {
            "month": "2009-12",
            "price": "14.37",
            "revenue": 1005044
        },
        "2010-01": {
            "month": "2010-01",
            "price": "16.21",
            "revenue": 1148849
        },
        "2010-02": {
            "month": "2010-02",
            "price": "14.24",
            "revenue": 1170860
        },
        "2010-03": {
            "month": "2010-03",
            "price": "15.24",
            "revenue": 1254350
        },
        "2010-04": {
            "month": "2010-04",
            "price": "15.55",
            "revenue": 1330414
        },
        "2010-05": {
            "month": "2010-05",
            "price": "13.16",
            "revenue": 1431683
        },
        "2010-06": {
            "month": "2010-06",
            "price": "13.01",
            "revenue": 1471599
        },
        "2010-07": {
            "month": "2010-07",
            "price": "13.56",
            "revenue": 1591934
        },
        "2010-08": {
            "month": "2010-08",
            "price": "13.50",
            "revenue": 1688533
        },
        "2010-09": {
            "month": "2010-09",
            "price": "13.44",
            "revenue": 1542583
        },
        "2010-10": {
            "month": "2010-10",
            "price": "13.23",
            "revenue": 1109310
        },
        "2010-11": {
            "month": "2010-11",
            "price": "12.82",
            "revenue": 1034741
        },
        "2010-12": {
            "month": "2010-12",
            "price": "14.10",
            "revenue": 1259003
        },
        "2011-01": {
            "month": "2011-01",
            "price": "15.76",
            "revenue": 1413908
        },
        "2011-02": {
            "month": "2011-02",
            "price": "17.12",
            "revenue": 1254556
        },
        "2011-03": {
            "month": "2011-03",
            "price": "14.94",
            "revenue": 1322764
        },
        "2011-04": {
            "month": "2011-04",
            "price": "14.39",
            "revenue": 1276062
        },
        "2011-05": {
            "month": "2011-05",
            "price": "15.03",
            "revenue": 1385270
        },
        "2011-06": {
            "month": "2011-06",
            "price": "15.09",
            "revenue": 1355183
        },
        "2011-07": {
            "month": "2011-07",
            "price": "14.51",
            "revenue": 1384880
        },
        "2011-08": {
            "month": "2011-08",
            "price": "11.17",
            "revenue": 1385121
        },
        "2011-09": {
            "month": "2011-09",
            "price": "11.16",
            "revenue": 1104294
        },
        "2011-10": {
            "month": "2011-10",
            "price": "10.60",
            "revenue": 1012793
        },
        "2011-11": {
            "month": "2011-11",
            "price": "11.05",
            "revenue": 1243097
        },
        "2011-12": {
            "month": "2011-12",
            "price": "10.18",
            "revenue": 1052490
        },
        "2012-01": {
            "month": "2012-01",
            "price": "11.14",
            "revenue": 1062378
        },
        "2012-02": {
            "month": "2012-02",
            "price": "12.65",
            "revenue": 992862
        },
        "2012-03": {
            "month": "2012-03",
            "price": "12.85",
            "revenue": 1095079
        },
        "2012-04": {
            "month": "2012-04",
            "price": "13.35",
            "revenue": 1379438
        },
        "2012-05": {
            "month": "2012-05",
            "price": "14.95",
            "revenue": 1529959
        },
        "2012-06": {
            "month": "2012-06",
            "price": "14.67",
            "revenue": 1642788
        },
        "2012-07": {
            "month": "2012-07",
            "price": "13.00",
            "revenue": 1581153
        },
        "2012-08": {
            "month": "2012-08",
            "price": "13.50",
            "revenue": 1663048
        },
        "2012-09": {
            "month": "2012-09",
            "price": "16.43",
            "revenue": 1462855
        },
        "2012-10": {
            "month": "2012-10",
            "price": "18.45",
            "revenue": 1801607
        },
        "2012-11": {
            "month": "2012-11",
            "price": "19.08",
            "revenue": 1562141
        },
        "2012-12": {
            "month": "2012-12",
            "price": "19.36",
            "revenue": 1389238
        },
        "2013-01": {
            "month": "2013-01",
            "price": "21.40",
            "revenue": 1668906
        },
        "2013-02": {
            "month": "2013-02",
            "price": "24.58",
            "revenue": 1433720
        },
        "2013-03": {
            "month": "2013-03",
            "price": "27.66",
            "revenue": 1683666
        },
        "2013-04": {
            "month": "2013-04",
            "price": "29.83",
            "revenue": 1724497
        },
        "2013-05": {
            "month": "2013-05",
            "price": "34.45",
            "revenue": 1782527
        },
        "2013-06": {
            "month": "2013-06",
            "price": "34.75",
            "revenue": 1848999
        },
        "2013-07": {
            "month": "2013-07",
            "price": "33.32",
            "revenue": 1927789
        },
        "2013-08": {
            "month": "2013-08",
            "price": "30.32",
            "revenue": 1878651
        },
        "2013-09": {
            "month": "2013-09",
            "price": "34.09",
            "revenue": 1783902
        },
        "2013-10": {
            "month": "2013-10",
            "price": "31.95",
            "revenue": 1810489
        },
        "2013-11": {
            "month": "2013-11",
            "price": "31.87",
            "revenue": 1779034
        },
        "2013-12": {
            "month": "2013-12",
            "price": "34.83",
            "revenue": 1812880
        },
        "2014-01": {
            "month": "2014-01",
            "price": "35.05",
            "revenue": 1812279
        },
        "2014-02": {
            "month": "2014-02",
            "price": "39.92",
            "revenue": 1829484
        },
        "2014-03": {
            "month": "2014-03",
            "price": "45.23",
            "revenue": 1865391
        },
        "2014-04": {
            "month": "2014-04",
            "price": "44.06",
            "revenue": 1888113
        },
        "2014-05": {
            "month": "2014-05",
            "price": "44.10",
            "revenue": 1940126
        },
        "2014-06": {
            "month": "2014-06",
            "price": "46.10",
            "revenue": 1993283
        },
        "2014-07": {
            "month": "2014-07",
            "price": "46.62",
            "revenue": 2069856
        },
        "2014-08": {
            "month": "2014-08",
            "price": "42.66",
            "revenue": 2054441
        },
        "2014-09": {
            "month": "2014-09",
            "price": "44.17",
            "revenue": 2060475
        },
        "2014-10": {
            "month": "2014-10",
            "price": "45.58",
            "revenue": 2151548
        },
        "2014-11": {
            "month": "2014-11",
            "price": "46.50",
            "revenue": 1972562
        },
        "2014-12": {
            "month": "2014-12",
            "price": "47.65",
            "revenue": 2293921
        },
        "2015-01": {
            "month": "2015-01",
            "price": "53.26",
            "revenue": 2088416
        },
        "2015-02": {
            "month": "2015-02",
            "price": "55.30",
            "revenue": 2006514
        },
        "2015-03": {
            "month": "2015-03",
            "price": "54.15",
            "revenue": 2303239
        },
        "2015-04": {
            "month": "2015-04",
            "price": "49.58",
            "revenue": 2155695
        },
        "2015-05": {
            "month": "2015-05",
            "price": "47.37",
            "revenue": 2053186
        },
        "2015-06": {
            "month": "2015-06",
            "price": "48.01",
            "revenue": 1935117
        },
        "2015-07": {
            "month": "2015-07",
            "price": "40.69",
            "revenue": 1833496
        },
        "2015-08": {
            "month": "2015-08",
            "price": "36.06",
            "revenue": 1694148
        },
        "2015-09": {
            "month": "2015-09",
            "price": "37.72",
            "revenue": 1767913
        },
        "2015-10": {
            "month": "2015-10",
            "price": "41.35",
            "revenue": 1897237
        },
        "2015-11": {
            "month": "2015-11",
            "price": "41.07",
            "revenue": 1784648
        },
        "2015-12": {
            "month": "2015-12",
            "price": "41.75",
            "revenue": 1800112
        },
        "2016-01": {
            "month": "2016-01",
            "price": "41.08",
            "revenue": 2011577
        },
        "2016-02": {
            "month": "2016-02",
            "price": "50.71",
            "revenue": 2022455
        },
        "2016-03": {
            "month": "2016-03",
            "price": "50.60",
            "revenue": 2180520
        },
        "2016-04": {
            "month": "2016-04",
            "price": "50.47",
            "revenue": 2146058
        },
        "2016-05": {
            "month": "2016-05",
            "price": "52.32",
            "revenue": 2209130
        },
        "2016-06": {
            "month": "2016-06",
            "price": "53.65",
            "revenue": 2107800
        },
        "2016-07": {
            "month": "2016-07",
            "price": "55.26",
            "revenue": 2174642
        },
        "2016-08": {
            "month": "2016-08",
            "price": "56.18",
            "revenue": 2234220
        },
        "2016-09": {
            "month": "2016-09",
            "price": "58.69",
            "revenue": 2145748
        },
        "2016-10": {
            "month": "2016-10",
            "price": "62.97",
            "revenue": 2250884
        },
        "2016-11": {
            "month": "2016-11",
            "price": "59.77",
            "revenue": 2165964
        },
        "2016-12": {
            "month": "2016-12",
            "price": "57.10",
            "revenue": 2179636
        },
        "2017-01": {
            "month": "2017-01",
            "price": "56.28",
            "revenue": 1971271
        },
        "2017-02": {
            "month": "2017-02",
            "price": "59.39",
            "revenue": 1895636
        },
        "2017-03": {
            "month": "2017-03",
            "price": "59.87",
            "revenue": 2396524
        },
        "2017-04": {
            "month": "2017-04",
            "price": "57.65",
            "revenue": 1714443
        },
        "2017-05": {
            "month": "2017-05",
            "price": "56.65",
            "revenue": 1971259
        },
        "2017-06": {
            "month": "2017-06",
            "price": "58.22",
            "revenue": 2185411
        },
        "2017-07": {
            "month": "2017-07",
            "price": "56.58",
            "revenue": 1934929
        },
        "2017-08": {
            "month": "2017-08",
            "price": "53.67",
            "revenue": 2214037
        },
        "2017-09": {
            "month": "2017-09",
            "price": "53.65",
            "revenue": 2251091
        },
        "2017-10": {
            "month": "2017-10",
            "price": "55.31",
            "revenue": 2086125
        },
        "2017-11": {
            "month": "2017-11",
            "price": "62.71",
            "revenue": 2066511
        },
        "2017-12": {
            "month": "2017-12",
            "price": "64.10",
            "revenue": 2222376
        },
        "2018-01": {
            "month": "2018-01",
            "price": "64.98",
            "revenue": 2129555
        },
        "2018-02": {
            "month": "2018-02",
            "price": "62.78",
            "revenue": 1902636
        },
        "2018-03": {
            "month": "2018-03",
            "price": "63.62",
            "revenue": 2393275
        },
        "2018-04": {
            "month": "2018-04",
            "price": "62.88",
            "revenue": 2129056
        },
        "2018-05": {
            "month": "2018-05",
            "price": "62.67",
            "revenue": 2425520
        },
        "2018-06": {
            "month": "2018-06",
            "price": "67.82",
            "revenue": 2494116
        },
        "2018-07": {
            "month": "2018-07",
            "price": "70.62",
            "revenue": 2491008
        },
        "2018-08": {
            "month": "2018-08",
            "price": "75.93",
            "revenue": 2615158
        },
        "2018-09": {
            "month": "2018-09",
            "price": "67.67",
            "revenue": 2643010
        },
        "2018-10": {
            "month": "2018-10",
            "price": "58.41",
            "revenue": 2524544
        },
        "2018-11": {
            "month": "2018-11",
            "price": "61.58",
            "revenue": 2585002
        },
        "2018-12": {
            "month": "2018-12",
            "price": "61.73",
            "revenue": 2595214
        },
        "2019-01": {
            "month": "2019-01",
            "price": "59.99",
            "revenue": 2559239
        },
        "2019-02": {
            "month": "2019-02",
            "price": "66.03",
            "revenue": 2127290
        },
        "2019-03": {
            "month": "2019-03",
            "price": "67.10",
            "revenue": 2220037
        },
        "2019-04": {
            "month": "2019-04",
            "price": "68.37",
            "revenue": 2295975
        },
        "2019-05": {
            "month": "2019-05",
            "price": "62.41",
            "revenue": 2324731
        },
        "2019-06": {
            "month": "2019-06",
            "price": "61.94",
            "revenue": 2297486
        },
        "2019-07": {
            "month": "2019-07",
            "price": "62.81",
            "revenue": 2493365
        },
        "2019-08": {
            "month": "2019-08",
            "price": "62.30",
            "revenue": 2294025
        },
        "2019-09": {
            "month": "2019-09",
            "price": "65.93",
            "revenue": 2339628
        },
        "2019-10": {
            "month": "2019-10",
            "price": "63.18",
            "revenue": 2456295
        },
        "2019-11": {
            "month": "2019-11",
            "price": "67.08",
            "revenue": 2270057
        },
        "2019-12": {
            "month": "2019-12",
            "price": "77.33",
            "revenue": 2607944
        },
        "2020-01": {
            "month": "2020-01",
            "price": "78.44",
            "revenue": 2375057
        },
        "2020-02": {
            "month": "2020-02",
            "price": "77.02",
            "revenue": 2591953
        },
        "2020-03": {
            "month": "2020-03",
            "price": "66.00",
            "revenue": 2876911
        },
        "2020-04": {
            "month": "2020-04",
            "price": "65.48",
            "revenue": 2585192
        },
        "2020-05": {
            "month": "2020-05",
            "price": "70.35",
            "revenue": 2770518
        },
        "2020-06": {
            "month": "2020-06",
            "price": "76.18",
            "revenue": 2870986
        },
        "2020-07": {
            "month": "2020-07",
            "price": "85.49",
            "revenue": 2709662
        },
        "2020-08": {
            "month": "2020-08",
            "price": "91.30",
            "revenue": 2783780
        },
        "2020-09": {
            "month": "2020-09",
            "price": "95.00",
            "revenue": 2850091
        },
        "2020-10": {
            "month": "2020-10",
            "price": "96.70",
            "revenue": 2847973
        },
        "2020-11": {
            "month": "2020-11",
            "price": "100.72",
            "revenue": 2869889
        },
        "2020-12": {
            "month": "2020-12",
            "price": "114.70",
            "revenue": 2999190
        },
        "2021-01": {
            "month": "2021-01",
            "price": "118.68",
            "revenue": 2780087
        },
        "2021-02": {
            "month": "2021-02",
            "price": "122.69",
            "revenue": 2816254
        },
        "2021-03": {
            "month": "2021-03",
            "price": "107.14",
            "revenue": 3583790
        },
        "2021-04": {
            "month": "2021-04",
            "price": "115.26",
            "revenue": 3170821
        },
        "2021-05": {
            "month": "2021-05",
            "price": "110.86",
            "revenue": 3409448
        },
        "2021-06": {
            "month": "2021-06",
            "price": "117.88",
            "revenue": 3575319
        },
        "2021-07": {
            "month": "2021-07",
            "price": "115.73",
            "revenue": 3677308
        },
        "2021-08": {
            "month": "2021-08",
            "price": "139.95",
            "revenue": 4029110
        },
        "2021-09": {
            "month": "2021-09",
            "price": "158.18",
            "revenue": 4171416
        },
        "2021-10": {
            "month": "2021-10",
            "price": "144.40",
            "revenue": 3766037
        },
        "2021-11": {
            "month": "2021-11",
            "price": "152.36",
            "revenue": 4367103
        },
        "2021-12": {
            "month": "2021-12",
            "price": "157.39",
            "revenue": 4604394
        },
        "2022-01": {
            "month": "2022-01",
            "price": "141.58",
            "revenue": 4179425
        },
        "2022-02": {
            "month": "2022-02",
            "price": "126.80",
            "revenue": 4244631
        },
        "2022-03": {
            "month": "2022-03",
            "price": "123.76",
            "revenue": 5068035
        },
        "2022-04": {
            "month": "2022-04",
            "price": "109.82",
            "revenue": 4485603
        },
        "2022-05": {
            "month": "2022-05",
            "price": "103.73",
            "revenue": 5320008
        },
        "2022-06": {
            "month": "2022-06",
            "price": "92.33",
            "revenue": 5495251
        },
        "2022-07": {
            "month": "2022-07",
            "price": "71.40",
            "revenue": 4662241
        },
        "2022-08": {
            "month": "2022-08",
            "price": "73.97",
            "revenue": 4972460
        },
        "2022-09": {
            "month": "2022-09",
            "price": "70.39",
            "revenue": 3693280
        },
        "2022-10": {
            "month": "2022-10",
            "price": "64.08",
            "revenue": 3555313
        },
        "2022-11": {
            "month": "2022-11",
            "price": "78.60",
            "revenue": 3201125
        },
        "2022-12": {
            "month": "2022-12",
            "price": "82.63",
            "revenue": 2816938
        },
        "2023-01": {
            "month": "2023-01",
            "price": "90.31",
            "revenue": 3202602
        },
        "2023-02": {
            "month": "2023-02",
            "price": "94.83",
            "revenue": 2484146
        },
        "2023-03": {
            "month": "2023-03",
            "price": "94.64",
            "revenue": 2500141
        },
        "2023-04": {
            "month": "2023-04",
            "price": "91.47",
            "revenue": 3569414
        },
        "2023-05": {
            "month": "2023-05",
            "price": "90.39",
            "revenue": 3139510
        }
    }
}
