{
    "summary": {
        "stock_name": "系通",
        "stock_id": "5348",
        "category": "通信網路",
        "main_business": "研發,生產,銷售,系統安裝有線,無線,視訊產品之組件與系統.<br>兼營前項業務相關之進出口貿易.<br>兼營前項業務相關之顧問諮詢及技術服務.",
        "website_url": "http://www.transystem.com.tw",
        "ceo": "胡湘麒",
        "pe_ratio": 39,
        "report_year_from": 2001,
        "report_year_to": 2023,
        "age": 22,
        "eps_negative_percentage": 61,
        "eps_growth_avg": {
            "last_all": -53.4,
            "last_2y": null,
            "last_4y": -100,
            "last_8y": -100,
            "last_12y": -77.23,
            "last_16y": -45.63,
            "last_20y": -53.4,
            "at_2006_last_3y": -100,
            "at_2007_last_3y": 0,
            "at_2008_last_3y": 28.95,
            "at_2009_last_3y": -14.04,
            "at_2010_last_3y": -14.04,
            "at_2011_last_3y": -71.05,
            "at_2012_last_3y": -65.84,
            "at_2013_last_3y": -65.84,
            "at_2014_last_3y": -65.84,
            "at_2015_last_3y": -65.84,
            "at_2016_last_3y": -100,
            "at_2017_last_3y": null,
            "at_2018_last_3y": null,
            "at_2019_last_3y": -100,
            "at_2020_last_3y": -100,
            "at_2021_last_3y": -100,
            "at_2022_last_3y": -100,
            "at_2023_last_3y": -100,
            "at_2006_last_all": -100,
            "at_2007_last_all": 0,
            "at_2008_last_all": -14.04,
            "at_2009_last_all": -35.53,
            "at_2010_last_all": -35.53,
            "at_2011_last_all": -35.53,
            "at_2012_last_all": -34.76,
            "at_2013_last_all": -45.63,
            "at_2014_last_all": -45.63,
            "at_2015_last_all": -45.63,
            "at_2016_last_all": -45.63,
            "at_2017_last_all": -45.63,
            "at_2018_last_all": -45.63,
            "at_2019_last_all": -53.4,
            "at_2020_last_all": -53.4,
            "at_2021_last_all": -53.4,
            "at_2022_last_all": -53.4,
            "at_2023_last_all": -53.4
        },
        "latest_eps": 0.26,
        "latest_price": 10.15,
        "latest_roe": 5.44,
        "latest_gross_margin": 21.79,
        "latest_equity": 143790,
        "latest_revenue": 31387,
        "latest_gross_profit": 6840,
        "latest_net_income": 2574,
        "latest_debt_ratio": 17.05,
        "latest_current_ratio": 553.81,
        "latest_account_receivable_turnover_ratio": 1.81,
        "latest_inventory_turnover_ratio": 0.57,
        "latest_reinvestment_rate": null,
        "latest_research_to_sale_ratio": 11.55
    },
    "eps_dividends": {
        "1998": {
            "cash": 0,
            "stock": 1.75,
            "eps": 0
        },
        "2001": {
            "cash": 0,
            "stock": 0,
            "eps": -1.42
        },
        "2002": {
            "cash": 0,
            "stock": 0,
            "eps": -1.29
        },
        "2003": {
            "cash": 0,
            "stock": 0,
            "eps": 0.11
        },
        "2004": {
            "cash": 0,
            "stock": 0,
            "eps": -0.73
        },
        "2005": {
            "cash": 0,
            "stock": 0,
            "eps": -1.56
        },
        "2006": {
            "cash": 0,
            "stock": 0,
            "eps": 0.22
        },
        "2007": {
            "cash": 0,
            "stock": 0,
            "eps": 1.52
        },
        "2008": {
            "cash": 0,
            "stock": 0,
            "eps": 0.88
        },
        "2009": {
            "cash": 0,
            "stock": 0,
            "eps": -1.38
        },
        "2010": {
            "cash": 0,
            "stock": 0,
            "eps": -1.59
        },
        "2011": {
            "cash": 0,
            "stock": 0,
            "eps": 1.61
        },
        "2012": {
            "cash": 0,
            "stock": 0,
            "eps": 1.1
        },
        "2013": {
            "cash": 0,
            "stock": 0,
            "eps": -4.11
        },
        "2014": {
            "cash": 0,
            "stock": 0,
            "eps": -1.24
        },
        "2015": {
            "cash": 0,
            "stock": 0,
            "eps": -0.85
        },
        "2016": {
            "cash": 0,
            "stock": 0,
            "eps": -1.65
        },
        "2017": {
            "cash": 0,
            "stock": 0,
            "eps": -1.48
        },
        "2018": {
            "cash": 0,
            "stock": 0,
            "eps": 5.2
        },
        "2019": {
            "cash": 0,
            "stock": 0,
            "eps": -0.97
        },
        "2020": {
            "cash": 0,
            "stock": 0,
            "eps": -0.71
        },
        "2021": {
            "cash": 0,
            "stock": 0,
            "eps": -0.55
        },
        "2022": {
            "cash": 0,
            "stock": 0,
            "eps": 0.16
        },
        "2023": {
            "cash": 0,
            "stock": 0,
            "eps": 0.09
        }
    },
    "dividends": {
        "1998-03-28": {
            "cash": 0,
            "stock": 1.75
        }
    },
    "prices": {
        "200101": "10.25",
        "200102": "11.33",
        "200103": "11.41",
        "200104": "14.81",
        "200105": "11.42",
        "200106": "10.88",
        "200107": "10.55",
        "200108": "8.92",
        "200109": "5.76",
        "200110": "4.26",
        "200111": "3.50",
        "200112": "3.93",
        "200201": "5.96",
        "200202": "6.20",
        "200203": "5.93",
        "200204": "7.23",
        "200205": "8.04",
        "200206": "7.03",
        "200207": "6.17",
        "200208": "4.93",
        "200209": "4.54",
        "200210": "4.96",
        "200211": "4.18",
        "200212": "3.90",
        "200301": "4.48",
        "200302": "4.93",
        "200303": "4.45",
        "200304": "3.82",
        "200305": "2.70",
        "200306": "3.39",
        "200307": "3.16",
        "200308": "2.99",
        "200309": "2.77",
        "200310": "2.46",
        "200311": "3.86",
        "200312": "3.81",
        "200401": "4.94",
        "200402": "6.22",
        "200403": "6.46",
        "200404": "7.90",
        "200405": "7.04",
        "200406": "6.57",
        "200407": "5.95",
        "200408": "5.01",
        "200409": "4.37",
        "200410": "4.39",
        "200411": "2.99",
        "200412": "2.37",
        "200501": "2.28",
        "200502": "2.78",
        "200503": "3.26",
        "200504": "3.06",
        "200505": "2.07",
        "200506": "1.80",
        "200507": "2.00",
        "200508": "2.35",
        "200509": "2.69",
        "200510": "3.90",
        "200511": "5.31",
        "200512": "7.63",
        "200601": "7.09",
        "200602": "6.48",
        "200603": "11.38",
        "200604": "20.38",
        "200605": "15.65",
        "200606": "13.33",
        "200607": "14.24",
        "200608": "13.25",
        "200609": "11.63",
        "200610": "11.92",
        "200611": "14.53",
        "200612": "17.28",
        "200701": "20.92",
        "200702": "22.20",
        "200703": "40.98",
        "200704": "45.96",
        "200705": "45.51",
        "200706": "50.52",
        "200707": "56.19",
        "200708": "46.80",
        "200709": "47.38",
        "200710": "46.39",
        "200711": "35.90",
        "200712": "29.80",
        "200801": "25.96",
        "200802": "22.94",
        "200803": "25.73",
        "200804": "24.55",
        "200805": "20.33",
        "200806": "15.44",
        "200807": "11.99",
        "200808": "11.85",
        "200809": "10.58",
        "200810": "8.45",
        "200811": "8.05",
        "200812": "9.31",
        "200901": "9.41",
        "200902": "10.25",
        "200903": "12.32",
        "200904": "14.28",
        "200905": "14.66",
        "200906": "13.41",
        "200907": "14.27",
        "200908": "14.36",
        "200909": "12.91",
        "200910": "15.06",
        "200911": "14.41",
        "200912": "15.72",
        "201001": "16.60",
        "201002": "14.95",
        "201003": "15.87",
        "201004": "16.60",
        "201005": "15.14",
        "201006": "14.68",
        "201007": "15.29",
        "201008": "15.73",
        "201009": "14.92",
        "201010": "15.00",
        "201011": "14.06",
        "201012": "14.21",
        "201101": "14.49",
        "201102": "14.21",
        "201103": "14.05",
        "201104": "14.66",
        "201105": "14.24",
        "201106": "14.16",
        "201107": "14.72",
        "201108": "14.59",
        "201109": "14.72",
        "201110": "15.00",
        "201111": "17.36",
        "201112": "15.05",
        "201201": "14.42",
        "201202": "16.36",
        "201203": "18.41",
        "201204": "16.58",
        "201205": "16.75",
        "201206": "16.06",
        "201207": "18.38",
        "201208": "19.50",
        "201209": "19.45",
        "201210": "18.26",
        "201211": "14.45",
        "201212": "13.87",
        "201301": "14.24",
        "201302": "14.30",
        "201303": "14.06",
        "201304": "13.46",
        "201305": "13.03",
        "201306": "13.21",
        "201307": "12.85",
        "201308": "12.45",
        "201309": "11.26",
        "201310": "11.40",
        "201311": "10.61",
        "201312": "9.81",
        "201401": "10.83",
        "201402": "11.37",
        "201403": "11.79",
        "201404": "11.52",
        "201405": "11.47",
        "201406": "11.41",
        "201407": "11.54",
        "201408": "11.44",
        "201409": "10.28",
        "201410": "10.18",
        "201411": "9.90",
        "201412": "10.04",
        "201501": "10.87",
        "201502": "10.75",
        "201503": "10.84",
        "201504": "10.71",
        "201505": "9.43",
        "201506": "7.73",
        "201507": "7.59",
        "201508": "7.12",
        "201509": "7.00",
        "201510": "7.23",
        "201511": "6.76",
        "201512": "6.95",
        "201601": "7.65",
        "201602": "6.57",
        "201603": "6.56",
        "201604": "6.79",
        "201605": "7.10",
        "201606": "6.49",
        "201607": "5.28",
        "201608": "5.55",
        "201609": "5.19",
        "201610": "5.28",
        "201611": "5.08",
        "201612": "5.30",
        "201701": "4.98",
        "201702": "5.26",
        "201703": "5.36",
        "201704": "4.68",
        "201705": "4.98",
        "201706": "4.87",
        "201707": "4.52",
        "201708": "4.12",
        "201709": "4.45",
        "201710": "4.15",
        "201711": "5.44",
        "201712": "6.19",
        "201801": "6.37",
        "201802": "6.13",
        "201803": "6.75",
        "201804": "7.74",
        "201805": "10.12",
        "201806": "9.46",
        "201807": "9.84",
        "201808": "9.66",
        "201809": "9.28",
        "201810": "8.16",
        "201811": "7.38",
        "201812": "8.34",
        "201901": "8.34",
        "201902": "8.17",
        "201903": "9.04",
        "201904": "9.81",
        "201905": "9.93",
        "201906": "9.84",
        "201907": "9.86",
        "201908": "9.73",
        "201909": "9.61",
        "201910": "9.48",
        "201911": "9.09",
        "201912": "8.44",
        "202001": "8.44",
        "202002": "8.00",
        "202003": "7.05",
        "202004": "6.64",
        "202005": "6.39",
        "202006": "6.68",
        "202007": "7.29",
        "202008": "7.17",
        "202009": "7.16",
        "202010": "7.52",
        "202011": "7.31",
        "202012": "7.43",
        "202101": "8.04",
        "202102": "8.43",
        "202103": "9.39",
        "202104": "8.19",
        "202105": "7.78",
        "202106": "7.45",
        "202107": "7.84",
        "202108": "7.75",
        "202109": "7.96",
        "202110": "7.87",
        "202111": "8.12",
        "202112": "8.80",
        "202201": "8.46",
        "202202": "8.10",
        "202203": "7.70",
        "202204": "8.49",
        "202205": "9.06",
        "202206": "9.49",
        "202207": "10.12",
        "202208": "11.05",
        "202209": "10.87",
        "202210": "10.55",
        "202211": "9.81",
        "202212": "9.03",
        "202301": "8.89",
        "202302": "9.28",
        "202303": "9.59",
        "202304": "9.58",
        "202305": "10.11",
        "202306": "10.13"
    },
    "quarters": {
        "20011": {
            "year_quarter": 20011,
            "year": 2001,
            "quarter": 1,
            "eps": -0.44,
            "eps_growth_year": null,
            "eps_4q": -1.28,
            "eps_4q_growth_year": null,
            "roe": -8.06,
            "roe_4q": -8.06,
            "gross_profit": 3343,
            "gross_margin": 14,
            "gross_margin_4q_avg": 14,
            "net_income": -21245,
            "revenue": 23876,
            "common_shares": 479002,
            "book_valuer_per_share": 5.27,
            "book_valuer_per_share_4q_avg": 5.27,
            "equity": 252390,
            "current_ratio": 205.47,
            "debt_ratio": 46.08,
            "inventory_turnover_ratio": 0.24,
            "account_receivable_turnover_ratio": null,
            "reinvestment_rate": null,
            "research_to_sale_ratio": null,
            "price_fair": 0,
            "eps_avg_yearly": 0,
            "eps_latest_yearly": 0,
            "eps_growth_yearly": 0
        },
        "20012": {
            "year_quarter": 20012,
            "year": 2001,
            "quarter": 2,
            "eps": -0.17,
            "eps_growth_year": null,
            "eps_4q": -1.1,
            "eps_4q_growth_year": null,
            "roe": -3.26,
            "roe_4q": -11.32,
            "gross_profit": 9306,
            "gross_margin": 30.73,
            "gross_margin_4q_avg": 22.37,
            "net_income": -8142,
            "revenue": 30279,
            "common_shares": 479002,
            "book_valuer_per_share": 5.15,
            "book_valuer_per_share_4q_avg": 5.21,
            "equity": 246909,
            "current_ratio": 408.96,
            "debt_ratio": 47.39,
            "inventory_turnover_ratio": 0.26,
            "account_receivable_turnover_ratio": null,
            "reinvestment_rate": null,
            "research_to_sale_ratio": null,
            "price_fair": 0,
            "eps_avg_yearly": 0,
            "eps_latest_yearly": 0,
            "eps_growth_yearly": 0
        },
        "20013": {
            "year_quarter": 20013,
            "year": 2001,
            "quarter": 3,
            "eps": -0.27,
            "eps_growth_year": null,
            "eps_4q": -1.25,
            "eps_4q_growth_year": null,
            "roe": -5.41,
            "roe_4q": -16.73,
            "gross_profit": 11558,
            "gross_margin": 39.6,
            "gross_margin_4q_avg": 28.11,
            "net_income": -12998,
            "revenue": 29186,
            "common_shares": 479002,
            "book_valuer_per_share": 4.89,
            "book_valuer_per_share_4q_avg": 5.1,
            "equity": 234000,
            "current_ratio": 369.39,
            "debt_ratio": 49.77,
            "inventory_turnover_ratio": 0.23,
            "account_receivable_turnover_ratio": null,
            "reinvestment_rate": null,
            "research_to_sale_ratio": null,
            "price_fair": 0,
            "eps_avg_yearly": 0,
            "eps_latest_yearly": 0,
            "eps_growth_yearly": 0
        },
        "20014": {
            "year_quarter": 20014,
            "year": 2001,
            "quarter": 4,
            "eps": -0.54,
            "eps_growth_year": null,
            "eps_4q": -1.43,
            "eps_4q_growth_year": null,
            "roe": -11.78,
            "roe_4q": -28.509999999999998,
            "gross_profit": -81,
            "gross_margin": -0.44,
            "gross_margin_4q_avg": 20.97,
            "net_income": -26056,
            "revenue": 18521,
            "common_shares": 479002,
            "book_valuer_per_share": 4.35,
            "book_valuer_per_share_4q_avg": 4.92,
            "equity": 208262,
            "current_ratio": 297.05,
            "debt_ratio": 54.18,
            "inventory_turnover_ratio": 0.26,
            "account_receivable_turnover_ratio": null,
            "reinvestment_rate": null,
            "research_to_sale_ratio": null,
            "price_fair": 0,
            "eps_avg_yearly": 0,
            "eps_latest_yearly": 0,
            "eps_growth_yearly": 0
        },
        "20021": {
            "year_quarter": 20021,
            "year": 2002,
            "quarter": 1,
            "eps": -0.37,
            "eps_growth_year": null,
            "eps_4q": -1.81,
            "eps_4q_growth_year": null,
            "roe": -6.05,
            "roe_4q": -26.5,
            "gross_profit": 1989,
            "gross_margin": 14.53,
            "gross_margin_4q_avg": 21.11,
            "net_income": -12113,
            "revenue": 13688,
            "common_shares": 335301,
            "book_valuer_per_share": 5.73,
            "book_valuer_per_share_4q_avg": 5.03,
            "equity": 192038,
            "current_ratio": 252.7,
            "debt_ratio": 56.85,
            "inventory_turnover_ratio": 0.18,
            "account_receivable_turnover_ratio": null,
            "reinvestment_rate": null,
            "research_to_sale_ratio": null,
            "price_fair": 0,
            "eps_avg_yearly": 0,
            "eps_latest_yearly": 0,
            "eps_growth_yearly": 0
        },
        "20022": {
            "year_quarter": 20022,
            "year": 2002,
            "quarter": 2,
            "eps": -0.4,
            "eps_growth_year": null,
            "eps_4q": -1.92,
            "eps_4q_growth_year": null,
            "roe": -7.09,
            "roe_4q": -30.330000000000002,
            "gross_profit": 3028,
            "gross_margin": 19.51,
            "gross_margin_4q_avg": 18.3,
            "net_income": -13121,
            "revenue": 15522,
            "common_shares": 335301,
            "book_valuer_per_share": 5.3,
            "book_valuer_per_share_4q_avg": 5.07,
            "equity": 177863,
            "current_ratio": 378.36,
            "debt_ratio": 54.26,
            "inventory_turnover_ratio": 0.21,
            "account_receivable_turnover_ratio": null,
            "reinvestment_rate": null,
            "research_to_sale_ratio": null,
            "price_fair": 0,
            "eps_avg_yearly": 0,
            "eps_latest_yearly": 0,
            "eps_growth_yearly": 0
        },
        "20023": {
            "year_quarter": 20023,
            "year": 2002,
            "quarter": 3,
            "eps": -0.26,
            "eps_growth_year": null,
            "eps_4q": -1.78,
            "eps_4q_growth_year": null,
            "roe": -4.83,
            "roe_4q": -29.75,
            "gross_profit": 2903,
            "gross_margin": 22.13,
            "gross_margin_4q_avg": 13.93,
            "net_income": -8415,
            "revenue": 13118,
            "common_shares": 335301,
            "book_valuer_per_share": 5.08,
            "book_valuer_per_share_4q_avg": 5.12,
            "equity": 170424,
            "current_ratio": 321.07,
            "debt_ratio": 56.26,
            "inventory_turnover_ratio": 0.17,
            "account_receivable_turnover_ratio": null,
            "reinvestment_rate": null,
            "research_to_sale_ratio": null,
            "price_fair": 0,
            "eps_avg_yearly": 0,
            "eps_latest_yearly": 0,
            "eps_growth_yearly": 0
        },
        "20024": {
            "year_quarter": 20024,
            "year": 2002,
            "quarter": 4,
            "eps": -0.26,
            "eps_growth_year": null,
            "eps_4q": -1.28,
            "eps_4q_growth_year": null,
            "roe": -5.07,
            "roe_4q": -23.040000000000003,
            "gross_profit": 15640,
            "gross_margin": 34.12,
            "gross_margin_4q_avg": 22.57,
            "net_income": -8417,
            "revenue": 45833,
            "common_shares": 335301,
            "book_valuer_per_share": 4.83,
            "book_valuer_per_share_4q_avg": 5.24,
            "equity": 161813,
            "current_ratio": 229.65,
            "debt_ratio": 58.18,
            "inventory_turnover_ratio": 0.54,
            "account_receivable_turnover_ratio": null,
            "reinvestment_rate": null,
            "research_to_sale_ratio": null,
            "price_fair": 0,
            "eps_avg_yearly": 0,
            "eps_latest_yearly": 0,
            "eps_growth_yearly": 0
        },
        "20031": {
            "year_quarter": 20031,
            "year": 2003,
            "quarter": 1,
            "eps": -0.07,
            "eps_growth_year": null,
            "eps_4q": -0.94,
            "eps_4q_growth_year": null,
            "roe": -1.51,
            "roe_4q": -18.5,
            "gross_profit": 10801,
            "gross_margin": 37.04,
            "gross_margin_4q_avg": 28.2,
            "net_income": -2421,
            "revenue": 29164,
            "common_shares": 335301,
            "book_valuer_per_share": 4.75,
            "book_valuer_per_share_4q_avg": 4.99,
            "equity": 159392,
            "current_ratio": 205.64,
            "debt_ratio": 59.73,
            "inventory_turnover_ratio": 0.34,
            "account_receivable_turnover_ratio": null,
            "reinvestment_rate": null,
            "research_to_sale_ratio": null,
            "price_fair": 0,
            "eps_avg_yearly": 0,
            "eps_latest_yearly": 0,
            "eps_growth_yearly": 0
        },
        "20032": {
            "year_quarter": 20032,
            "year": 2003,
            "quarter": 2,
            "eps": 0.06,
            "eps_growth_year": null,
            "eps_4q": -0.5,
            "eps_4q_growth_year": null,
            "roe": 1.29,
            "roe_4q": -10.120000000000001,
            "gross_profit": 8603,
            "gross_margin": 27.72,
            "gross_margin_4q_avg": 30.25,
            "net_income": 2068,
            "revenue": 31035,
            "common_shares": 335301,
            "book_valuer_per_share": 4.81,
            "book_valuer_per_share_4q_avg": 4.87,
            "equity": 161444,
            "current_ratio": 217.83,
            "debt_ratio": 58.85,
            "inventory_turnover_ratio": 0.42,
            "account_receivable_turnover_ratio": null,
            "reinvestment_rate": null,
            "research_to_sale_ratio": null,
            "price_fair": 0,
            "eps_avg_yearly": 0,
            "eps_latest_yearly": 0,
            "eps_growth_yearly": 0
        },
        "20033": {
            "year_quarter": 20033,
            "year": 2003,
            "quarter": 3,
            "eps": 0.02,
            "eps_growth_year": null,
            "eps_4q": -0.26,
            "eps_4q_growth_year": null,
            "roe": 0.38,
            "roe_4q": -4.91,
            "gross_profit": 12822,
            "gross_margin": 40.3,
            "gross_margin_4q_avg": 34.8,
            "net_income": 618,
            "revenue": 31817,
            "common_shares": 335301,
            "book_valuer_per_share": 4.83,
            "book_valuer_per_share_4q_avg": 4.81,
            "equity": 162062,
            "current_ratio": 241.89,
            "debt_ratio": 55.98,
            "inventory_turnover_ratio": 0.36,
            "account_receivable_turnover_ratio": null,
            "reinvestment_rate": null,
            "research_to_sale_ratio": null,
            "price_fair": 0.24,
            "eps_avg_yearly": 0.08,
            "eps_latest_yearly": 0.08,
            "eps_growth_yearly": -266.67
        },
        "20034": {
            "year_quarter": 20034,
            "year": 2003,
            "quarter": 4,
            "eps": 0.1,
            "eps_growth_year": null,
            "eps_4q": 0.11,
            "eps_4q_growth_year": null,
            "roe": 1.94,
            "roe_4q": 2.0999999999999996,
            "gross_profit": 20362,
            "gross_margin": 37.3,
            "gross_margin_4q_avg": 35.59,
            "net_income": 3177,
            "revenue": 54595,
            "common_shares": 335301,
            "book_valuer_per_share": 4.93,
            "book_valuer_per_share_4q_avg": 4.83,
            "equity": 165169,
            "current_ratio": 252.76,
            "debt_ratio": 54.34,
            "inventory_turnover_ratio": 0.67,
            "account_receivable_turnover_ratio": null,
            "reinvestment_rate": null,
            "research_to_sale_ratio": null,
            "price_fair": 8.4,
            "eps_avg_yearly": 0.24,
            "eps_latest_yearly": 0.4,
            "eps_growth_yearly": 666.67
        },
        "20041": {
            "year_quarter": 20041,
            "year": 2004,
            "quarter": 1,
            "eps": 0.01,
            "eps_growth_year": null,
            "eps_4q": 0.25,
            "eps_4q_growth_year": null,
            "roe": 0.15,
            "roe_4q": 3.76,
            "gross_profit": 16844,
            "gross_margin": 27.98,
            "gross_margin_4q_avg": 33.33,
            "net_income": 242,
            "revenue": 60204,
            "common_shares": 335301,
            "book_valuer_per_share": 4.93,
            "book_valuer_per_share_4q_avg": 4.88,
            "equity": 165397,
            "current_ratio": 171.67,
            "debt_ratio": 61.55,
            "inventory_turnover_ratio": 0.7,
            "account_receivable_turnover_ratio": null,
            "reinvestment_rate": null,
            "research_to_sale_ratio": null,
            "price_fair": 6.07,
            "eps_avg_yearly": 0.17,
            "eps_latest_yearly": 0.04,
            "eps_growth_yearly": 324.44
        },
        "20042": {
            "year_quarter": 20042,
            "year": 2004,
            "quarter": 2,
            "eps": -0.03,
            "eps_growth_year": -150,
            "eps_4q": 0.09,
            "eps_4q_growth_year": null,
            "roe": -0.66,
            "roe_4q": 1.81,
            "gross_profit": 19955,
            "gross_margin": 37.75,
            "gross_margin_4q_avg": 35.83,
            "net_income": -1086,
            "revenue": 52857,
            "common_shares": 335301,
            "book_valuer_per_share": 4.9,
            "book_valuer_per_share_4q_avg": 4.9,
            "equity": 164283,
            "current_ratio": 178.67,
            "debt_ratio": 59.75,
            "inventory_turnover_ratio": 0.45,
            "account_receivable_turnover_ratio": null,
            "reinvestment_rate": null,
            "research_to_sale_ratio": null,
            "price_fair": 6.07,
            "eps_avg_yearly": 0.17,
            "eps_latest_yearly": 0.04,
            "eps_growth_yearly": 324.44
        },
        "20043": {
            "year_quarter": 20043,
            "year": 2004,
            "quarter": 3,
            "eps": -0.19,
            "eps_growth_year": -1050,
            "eps_4q": -0.11,
            "eps_4q_growth_year": null,
            "roe": -3.77,
            "roe_4q": -2.3399999999999994,
            "gross_profit": 15478,
            "gross_margin": 36.15,
            "gross_margin_4q_avg": 34.8,
            "net_income": -6084,
            "revenue": 42819,
            "common_shares": 335301,
            "book_valuer_per_share": 4.72,
            "book_valuer_per_share_4q_avg": 4.87,
            "equity": 158199,
            "current_ratio": 193.78,
            "debt_ratio": 57.44,
            "inventory_turnover_ratio": 0.4,
            "account_receivable_turnover_ratio": null,
            "reinvestment_rate": null,
            "research_to_sale_ratio": null,
            "price_fair": 6.07,
            "eps_avg_yearly": 0.17,
            "eps_latest_yearly": 0.04,
            "eps_growth_yearly": 324.44
        },
        "20044": {
            "year_quarter": 20044,
            "year": 2004,
            "quarter": 4,
            "eps": -0.52,
            "eps_growth_year": -620,
            "eps_4q": -0.73,
            "eps_4q_growth_year": -773.8,
            "roe": -11.42,
            "roe_4q": -15.7,
            "gross_profit": 13244,
            "gross_margin": 32.85,
            "gross_margin_4q_avg": 33.68,
            "net_income": -17100,
            "revenue": 40313,
            "common_shares": 335301,
            "book_valuer_per_share": 4.21,
            "book_valuer_per_share_4q_avg": 4.69,
            "equity": 141206,
            "current_ratio": 201.86,
            "debt_ratio": 57.21,
            "inventory_turnover_ratio": 0.4,
            "account_receivable_turnover_ratio": null,
            "reinvestment_rate": null,
            "research_to_sale_ratio": null,
            "price_fair": 6.07,
            "eps_avg_yearly": 0.17,
            "eps_latest_yearly": 0.04,
            "eps_growth_yearly": 324.44
        },
        "20051": {
            "year_quarter": 20051,
            "year": 2005,
            "quarter": 1,
            "eps": -0.3,
            "eps_growth_year": -3100,
            "eps_4q": -1.05,
            "eps_4q_growth_year": -516.09,
            "roe": -7.12,
            "roe_4q": -22.97,
            "gross_profit": 7582,
            "gross_margin": 20.79,
            "gross_margin_4q_avg": 31.89,
            "net_income": -9712,
            "revenue": 36469,
            "common_shares": 335301,
            "book_valuer_per_share": 3.92,
            "book_valuer_per_share_4q_avg": 4.44,
            "equity": 131502,
            "current_ratio": 209.32,
            "debt_ratio": 56.37,
            "inventory_turnover_ratio": 0.44,
            "account_receivable_turnover_ratio": null,
            "reinvestment_rate": null,
            "research_to_sale_ratio": null,
            "price_fair": 6.07,
            "eps_avg_yearly": 0.17,
            "eps_latest_yearly": 0.04,
            "eps_growth_yearly": 324.44
        },
        "20052": {
            "year_quarter": 20052,
            "year": 2005,
            "quarter": 2,
            "eps": -0.41,
            "eps_growth_year": null,
            "eps_4q": -1.38,
            "eps_4q_growth_year": -1671.65,
            "roe": -10.81,
            "roe_4q": -33.120000000000005,
            "gross_profit": 4032,
            "gross_margin": 14.41,
            "gross_margin_4q_avg": 26.05,
            "net_income": -13483,
            "revenue": 27989,
            "common_shares": 335301,
            "book_valuer_per_share": 3.52,
            "book_valuer_per_share_4q_avg": 4.09,
            "equity": 118015,
            "current_ratio": 175.58,
            "debt_ratio": 59.14,
            "inventory_turnover_ratio": 0.38,
            "account_receivable_turnover_ratio": null,
            "reinvestment_rate": null,
            "research_to_sale_ratio": null,
            "price_fair": 6.07,
            "eps_avg_yearly": 0.17,
            "eps_latest_yearly": 0.04,
            "eps_growth_yearly": 324.44
        },
        "20053": {
            "year_quarter": 20053,
            "year": 2005,
            "quarter": 3,
            "eps": -0.46,
            "eps_growth_year": null,
            "eps_4q": -3.28,
            "eps_4q_growth_year": null,
            "roe": -5.58,
            "roe_4q": -34.93,
            "gross_profit": 8592,
            "gross_margin": 20.77,
            "gross_margin_4q_avg": 22.21,
            "net_income": -6405,
            "revenue": 41373,
            "common_shares": 142503,
            "book_valuer_per_share": 7.82,
            "book_valuer_per_share_4q_avg": 4.87,
            "equity": 111492,
            "current_ratio": 159.25,
            "debt_ratio": 60.9,
            "inventory_turnover_ratio": 0.57,
            "account_receivable_turnover_ratio": null,
            "reinvestment_rate": null,
            "research_to_sale_ratio": null,
            "price_fair": 6.07,
            "eps_avg_yearly": 0.17,
            "eps_latest_yearly": 0.04,
            "eps_growth_yearly": 324.44
        },
        "20054": {
            "year_quarter": 20054,
            "year": 2005,
            "quarter": 4,
            "eps": -0.39,
            "eps_growth_year": null,
            "eps_4q": -2.52,
            "eps_4q_growth_year": null,
            "roe": -5.06,
            "roe_4q": -28.570000000000004,
            "gross_profit": 12417,
            "gross_margin": 36.77,
            "gross_margin_4q_avg": 23.19,
            "net_income": -5502,
            "revenue": 33768,
            "common_shares": 142503,
            "book_valuer_per_share": 7.44,
            "book_valuer_per_share_4q_avg": 5.68,
            "equity": 106003,
            "current_ratio": 140.67,
            "debt_ratio": 60.92,
            "inventory_turnover_ratio": 0.39,
            "account_receivable_turnover_ratio": null,
            "reinvestment_rate": null,
            "research_to_sale_ratio": null,
            "price_fair": 6.07,
            "eps_avg_yearly": 0.17,
            "eps_latest_yearly": 0.04,
            "eps_growth_yearly": 324.44
        },
        "20061": {
            "year_quarter": 20061,
            "year": 2006,
            "quarter": 1,
            "eps": 0.01,
            "eps_growth_year": null,
            "eps_4q": -1.69,
            "eps_4q_growth_year": null,
            "roe": 0.14,
            "roe_4q": -21.310000000000002,
            "gross_profit": 15186,
            "gross_margin": 26.91,
            "gross_margin_4q_avg": 24.72,
            "net_income": 149,
            "revenue": 56436,
            "common_shares": 142503,
            "book_valuer_per_share": 7.45,
            "book_valuer_per_share_4q_avg": 6.56,
            "equity": 106174,
            "current_ratio": 139.64,
            "debt_ratio": 62.61,
            "inventory_turnover_ratio": 0.66,
            "account_receivable_turnover_ratio": null,
            "reinvestment_rate": null,
            "research_to_sale_ratio": null,
            "price_fair": 6.07,
            "eps_avg_yearly": 0.17,
            "eps_latest_yearly": 0.04,
            "eps_growth_yearly": 324.44
        },
        "20062": {
            "year_quarter": 20062,
            "year": 2006,
            "quarter": 2,
            "eps": -0.17,
            "eps_growth_year": null,
            "eps_4q": -0.67,
            "eps_4q_growth_year": null,
            "roe": -2.07,
            "roe_4q": -12.57,
            "gross_profit": 14040,
            "gross_margin": 24.05,
            "gross_margin_4q_avg": 27.13,
            "net_income": -2811,
            "revenue": 58369,
            "common_shares": 217503,
            "book_valuer_per_share": 7.63,
            "book_valuer_per_share_4q_avg": 7.59,
            "equity": 166037,
            "current_ratio": 218.99,
            "debt_ratio": 48.06,
            "inventory_turnover_ratio": 0.66,
            "account_receivable_turnover_ratio": null,
            "reinvestment_rate": null,
            "research_to_sale_ratio": null,
            "price_fair": 6.07,
            "eps_avg_yearly": 0.17,
            "eps_latest_yearly": 0.04,
            "eps_growth_yearly": 324.44
        },
        "20063": {
            "year_quarter": 20063,
            "year": 2006,
            "quarter": 3,
            "eps": -0.21,
            "eps_growth_year": null,
            "eps_4q": -0.55,
            "eps_4q_growth_year": null,
            "roe": -2.33,
            "roe_4q": -9.32,
            "gross_profit": 14419,
            "gross_margin": 28.87,
            "gross_margin_4q_avg": 29.15,
            "net_income": -3827,
            "revenue": 49947,
            "common_shares": 217503,
            "book_valuer_per_share": 7.46,
            "book_valuer_per_share_4q_avg": 7.5,
            "equity": 162179,
            "current_ratio": 308.15,
            "debt_ratio": 46.58,
            "inventory_turnover_ratio": 0.53,
            "account_receivable_turnover_ratio": null,
            "reinvestment_rate": null,
            "research_to_sale_ratio": null,
            "price_fair": 6.07,
            "eps_avg_yearly": 0.17,
            "eps_latest_yearly": 0.04,
            "eps_growth_yearly": 324.44
        },
        "20064": {
            "year_quarter": 20064,
            "year": 2006,
            "quarter": 4,
            "eps": 0.59,
            "eps_growth_year": null,
            "eps_4q": 0.25,
            "eps_4q_growth_year": null,
            "roe": 6.73,
            "roe_4q": 2.4700000000000006,
            "gross_profit": 28943,
            "gross_margin": 25.45,
            "gross_margin_4q_avg": 26.32,
            "net_income": 11298,
            "revenue": 113733,
            "common_shares": 217503,
            "book_valuer_per_share": 7.98,
            "book_valuer_per_share_4q_avg": 7.63,
            "equity": 173577,
            "current_ratio": 245.15,
            "debt_ratio": 50.16,
            "inventory_turnover_ratio": 1.2,
            "account_receivable_turnover_ratio": null,
            "reinvestment_rate": null,
            "research_to_sale_ratio": null,
            "price_fair": 6.07,
            "eps_avg_yearly": 0.17,
            "eps_latest_yearly": 0.04,
            "eps_growth_yearly": 324.44
        },
        "20071": {
            "year_quarter": 20071,
            "year": 2007,
            "quarter": 1,
            "eps": 1.25,
            "eps_growth_year": 12400,
            "eps_4q": 1.47,
            "eps_4q_growth_year": null,
            "roe": 14.36,
            "roe_4q": 16.689999999999998,
            "gross_profit": 48423,
            "gross_margin": 32.69,
            "gross_margin_4q_avg": 27.77,
            "net_income": 26874,
            "revenue": 148139,
            "common_shares": 217503,
            "book_valuer_per_share": 9.23,
            "book_valuer_per_share_4q_avg": 8.08,
            "equity": 200836,
            "current_ratio": 227.13,
            "debt_ratio": 48.9,
            "inventory_turnover_ratio": 1.34,
            "account_receivable_turnover_ratio": null,
            "reinvestment_rate": null,
            "research_to_sale_ratio": null,
            "price_fair": 48.3,
            "eps_avg_yearly": 1.38,
            "eps_latest_yearly": 5,
            "eps_growth_yearly": 355.2
        },
        "20072": {
            "year_quarter": 20072,
            "year": 2007,
            "quarter": 2,
            "eps": 0.52,
            "eps_growth_year": null,
            "eps_4q": 2.11,
            "eps_4q_growth_year": null,
            "roe": 5.45,
            "roe_4q": 24.21,
            "gross_profit": 40139,
            "gross_margin": 32.23,
            "gross_margin_4q_avg": 29.81,
            "net_income": 11243,
            "revenue": 124523,
            "common_shares": 217503,
            "book_valuer_per_share": 9.75,
            "book_valuer_per_share_4q_avg": 8.61,
            "equity": 212122,
            "current_ratio": 247.07,
            "debt_ratio": 46.32,
            "inventory_turnover_ratio": 1.21,
            "account_receivable_turnover_ratio": null,
            "reinvestment_rate": null,
            "research_to_sale_ratio": null,
            "price_fair": 53.2,
            "eps_avg_yearly": 1.52,
            "eps_latest_yearly": 2.08,
            "eps_growth_yearly": 237.44
        },
        "20073": {
            "year_quarter": 20073,
            "year": 2007,
            "quarter": 3,
            "eps": 0.05,
            "eps_growth_year": null,
            "eps_4q": 2.38,
            "eps_4q_growth_year": null,
            "roe": 0.5,
            "roe_4q": 27.04,
            "gross_profit": 28326,
            "gross_margin": 24.93,
            "gross_margin_4q_avg": 28.83,
            "net_income": 1059,
            "revenue": 113615,
            "common_shares": 217503,
            "book_valuer_per_share": 9.8,
            "book_valuer_per_share_4q_avg": 9.19,
            "equity": 213223,
            "current_ratio": 264.4,
            "debt_ratio": 44.58,
            "inventory_turnover_ratio": 1.3,
            "account_receivable_turnover_ratio": null,
            "reinvestment_rate": null,
            "research_to_sale_ratio": null,
            "price_fair": 54.04,
            "eps_avg_yearly": 1.54,
            "eps_latest_yearly": 0.2,
            "eps_growth_yearly": 218.46
        },
        "20074": {
            "year_quarter": 20074,
            "year": 2007,
            "quarter": 4,
            "eps": -0.3,
            "eps_growth_year": -150.85,
            "eps_4q": 1.52,
            "eps_4q_growth_year": 505.25,
            "roe": -3.06,
            "roe_4q": 17.25,
            "gross_profit": 19820,
            "gross_margin": 22.69,
            "gross_margin_4q_avg": 28.14,
            "net_income": -6429,
            "revenue": 87347,
            "common_shares": 217503,
            "book_valuer_per_share": 9.52,
            "book_valuer_per_share_4q_avg": 9.58,
            "equity": 207087,
            "current_ratio": 279.98,
            "debt_ratio": 43.59,
            "inventory_turnover_ratio": 0.95,
            "account_receivable_turnover_ratio": null,
            "reinvestment_rate": null,
            "research_to_sale_ratio": null,
            "price_fair": 5.49,
            "eps_avg_yearly": 1.83,
            "eps_latest_yearly": 0.2,
            "eps_growth_yearly": -126.92
        },
        "20081": {
            "year_quarter": 20081,
            "year": 2008,
            "quarter": 1,
            "eps": -0.2,
            "eps_growth_year": -116,
            "eps_4q": 0.07,
            "eps_4q_growth_year": -95.13,
            "roe": -2.12,
            "roe_4q": 0.7700000000000005,
            "gross_profit": 26887,
            "gross_margin": 29.58,
            "gross_margin_4q_avg": 27.36,
            "net_income": -4328,
            "revenue": 90882,
            "common_shares": 217503,
            "book_valuer_per_share": 9.29,
            "book_valuer_per_share_4q_avg": 9.59,
            "equity": 202131,
            "current_ratio": 258.52,
            "debt_ratio": 45.17,
            "inventory_turnover_ratio": 0.82,
            "account_receivable_turnover_ratio": null,
            "reinvestment_rate": null,
            "research_to_sale_ratio": null,
            "price_fair": 7.28,
            "eps_avg_yearly": 2.43,
            "eps_latest_yearly": 0.2,
            "eps_growth_yearly": -49.23
        },
        "20082": {
            "year_quarter": 20082,
            "year": 2008,
            "quarter": 2,
            "eps": 0.35,
            "eps_growth_year": -32.69,
            "eps_4q": -0.1,
            "eps_4q_growth_year": -104.73,
            "roe": 3.66,
            "roe_4q": -1.02,
            "gross_profit": 34257,
            "gross_margin": 33.13,
            "gross_margin_4q_avg": 27.58,
            "net_income": 7549,
            "revenue": 103387,
            "common_shares": 217503,
            "book_valuer_per_share": 9.65,
            "book_valuer_per_share_4q_avg": 9.57,
            "equity": 209972,
            "current_ratio": 278.82,
            "debt_ratio": 43.21,
            "inventory_turnover_ratio": 0.87,
            "account_receivable_turnover_ratio": null,
            "reinvestment_rate": null,
            "research_to_sale_ratio": null,
            "price_fair": 7.28,
            "eps_avg_yearly": 2.43,
            "eps_latest_yearly": 0.2,
            "eps_growth_yearly": -49.23
        },
        "20083": {
            "year_quarter": 20083,
            "year": 2008,
            "quarter": 3,
            "eps": 0.4,
            "eps_growth_year": 700,
            "eps_4q": 0.25,
            "eps_4q_growth_year": -89.47,
            "roe": 4.01,
            "roe_4q": 2.4899999999999998,
            "gross_profit": 36414,
            "gross_margin": 34.27,
            "gross_margin_4q_avg": 29.92,
            "net_income": 8612,
            "revenue": 106256,
            "common_shares": 217503,
            "book_valuer_per_share": 10.1,
            "book_valuer_per_share_4q_avg": 9.64,
            "equity": 219590,
            "current_ratio": 258.76,
            "debt_ratio": 44.31,
            "inventory_turnover_ratio": 0.85,
            "account_receivable_turnover_ratio": null,
            "reinvestment_rate": null,
            "research_to_sale_ratio": null,
            "price_fair": 6.66,
            "eps_avg_yearly": 2.22,
            "eps_latest_yearly": 1.6,
            "eps_growth_yearly": -22.63
        },
        "20084": {
            "year_quarter": 20084,
            "year": 2008,
            "quarter": 4,
            "eps": 0.33,
            "eps_growth_year": null,
            "eps_4q": 0.88,
            "eps_4q_growth_year": -42.36,
            "roe": 3.2,
            "roe_4q": 8.75,
            "gross_profit": 36208,
            "gross_margin": 36.54,
            "gross_margin_4q_avg": 33.38,
            "net_income": 7150,
            "revenue": 99080,
            "common_shares": 217503,
            "book_valuer_per_share": 10.44,
            "book_valuer_per_share_4q_avg": 9.87,
            "equity": 227089,
            "current_ratio": 318.52,
            "debt_ratio": 40,
            "inventory_turnover_ratio": 0.74,
            "account_receivable_turnover_ratio": 3.65,
            "reinvestment_rate": -61.97,
            "research_to_sale_ratio": null,
            "price_fair": 6.12,
            "eps_avg_yearly": 2.04,
            "eps_latest_yearly": 1.32,
            "eps_growth_yearly": -32.11
        },
        "20091": {
            "year_quarter": 20091,
            "year": 2009,
            "quarter": 1,
            "eps": 0.32,
            "eps_growth_year": null,
            "eps_4q": 1.38,
            "eps_4q_growth_year": 1839.72,
            "roe": 3.03,
            "roe_4q": 13.9,
            "gross_profit": 37440,
            "gross_margin": 34.92,
            "gross_margin_4q_avg": 34.72,
            "net_income": 7005,
            "revenue": 107207,
            "common_shares": 217503,
            "book_valuer_per_share": 10.79,
            "book_valuer_per_share_4q_avg": 10.25,
            "equity": 234649,
            "current_ratio": 307.95,
            "debt_ratio": 39.14,
            "inventory_turnover_ratio": 0.89,
            "account_receivable_turnover_ratio": 1.67,
            "reinvestment_rate": -14.64,
            "research_to_sale_ratio": null,
            "price_fair": 5.74,
            "eps_avg_yearly": 1.91,
            "eps_latest_yearly": 1.28,
            "eps_growth_yearly": -28.78
        },
        "20092": {
            "year_quarter": 20092,
            "year": 2009,
            "quarter": 2,
            "eps": -0.47,
            "eps_growth_year": -234.29,
            "eps_4q": 0.58,
            "eps_4q_growth_year": null,
            "roe": -4.45,
            "roe_4q": 5.789999999999999,
            "gross_profit": 29396,
            "gross_margin": 30.37,
            "gross_margin_4q_avg": 34.03,
            "net_income": -10198,
            "revenue": 96807,
            "common_shares": 217503,
            "book_valuer_per_share": 10.29,
            "book_valuer_per_share_4q_avg": 10.41,
            "equity": 223788,
            "current_ratio": 291.08,
            "debt_ratio": 39.94,
            "inventory_turnover_ratio": 0.98,
            "account_receivable_turnover_ratio": 1.34,
            "reinvestment_rate": -11.12,
            "research_to_sale_ratio": null,
            "price_fair": 5.74,
            "eps_avg_yearly": 1.91,
            "eps_latest_yearly": 1.28,
            "eps_growth_yearly": -28.78
        },
        "20093": {
            "year_quarter": 20093,
            "year": 2009,
            "quarter": 3,
            "eps": -0.41,
            "eps_growth_year": -202.5,
            "eps_4q": -0.23,
            "eps_4q_growth_year": -190.29,
            "roe": -4.06,
            "roe_4q": -2.2800000000000002,
            "gross_profit": 25976,
            "gross_margin": 33.56,
            "gross_margin_4q_avg": 33.85,
            "net_income": -8886,
            "revenue": 77399,
            "common_shares": 217503,
            "book_valuer_per_share": 9.86,
            "book_valuer_per_share_4q_avg": 10.35,
            "equity": 214421,
            "current_ratio": 284.4,
            "debt_ratio": 40.66,
            "inventory_turnover_ratio": 0.74,
            "account_receivable_turnover_ratio": 1.17,
            "reinvestment_rate": -13.65,
            "research_to_sale_ratio": null,
            "price_fair": 5.74,
            "eps_avg_yearly": 1.91,
            "eps_latest_yearly": 1.28,
            "eps_growth_yearly": -28.78
        },
        "20094": {
            "year_quarter": 20094,
            "year": 2009,
            "quarter": 4,
            "eps": -0.82,
            "eps_growth_year": -348.48,
            "eps_4q": -1.38,
            "eps_4q_growth_year": -257.39,
            "roe": -8.6,
            "roe_4q": -14.08,
            "gross_profit": 14839,
            "gross_margin": 20.76,
            "gross_margin_4q_avg": 29.9,
            "net_income": -17677,
            "revenue": 71476,
            "common_shares": 217503,
            "book_valuer_per_share": 9.11,
            "book_valuer_per_share_4q_avg": 10.01,
            "equity": 196628,
            "current_ratio": 271.86,
            "debt_ratio": 42.05,
            "inventory_turnover_ratio": 0.86,
            "account_receivable_turnover_ratio": 3.32,
            "reinvestment_rate": -7.49,
            "research_to_sale_ratio": null,
            "price_fair": 5.74,
            "eps_avg_yearly": 1.91,
            "eps_latest_yearly": 1.28,
            "eps_growth_yearly": -28.78
        },
        "20101": {
            "year_quarter": 20101,
            "year": 2010,
            "quarter": 1,
            "eps": -1.02,
            "eps_growth_year": -418.75,
            "eps_4q": -2.72,
            "eps_4q_growth_year": -296.44,
            "roe": -11.82,
            "roe_4q": -28.93,
            "gross_profit": 8870,
            "gross_margin": 17.76,
            "gross_margin_4q_avg": 25.61,
            "net_income": -21942,
            "revenue": 49951,
            "common_shares": 217503,
            "book_valuer_per_share": 8.09,
            "book_valuer_per_share_4q_avg": 9.34,
            "equity": 174542,
            "current_ratio": 269.28,
            "debt_ratio": 42.57,
            "inventory_turnover_ratio": 0.71,
            "account_receivable_turnover_ratio": 1.47,
            "reinvestment_rate": 57.12,
            "research_to_sale_ratio": 22.37,
            "price_fair": 5.74,
            "eps_avg_yearly": 1.91,
            "eps_latest_yearly": 1.28,
            "eps_growth_yearly": -28.78
        },
        "20102": {
            "year_quarter": 20102,
            "year": 2010,
            "quarter": 2,
            "eps": -0.41,
            "eps_growth_year": null,
            "eps_4q": -2.66,
            "eps_4q_growth_year": -560.44,
            "roe": -5.23,
            "roe_4q": -29.709999999999997,
            "gross_profit": 19936,
            "gross_margin": 28.03,
            "gross_margin_4q_avg": 25.03,
            "net_income": -8910,
            "revenue": 71120,
            "common_shares": 217503,
            "book_valuer_per_share": 7.69,
            "book_valuer_per_share_4q_avg": 8.69,
            "equity": 165942,
            "current_ratio": 215.88,
            "debt_ratio": 46.73,
            "inventory_turnover_ratio": 0.93,
            "account_receivable_turnover_ratio": 2.95,
            "reinvestment_rate": null,
            "research_to_sale_ratio": 17.05,
            "price_fair": 5.74,
            "eps_avg_yearly": 1.91,
            "eps_latest_yearly": 1.28,
            "eps_growth_yearly": -28.78
        },
        "20103": {
            "year_quarter": 20103,
            "year": 2010,
            "quarter": 3,
            "eps": -0.27,
            "eps_growth_year": null,
            "eps_4q": -2.15,
            "eps_4q_growth_year": null,
            "roe": -3.66,
            "roe_4q": -29.310000000000002,
            "gross_profit": 21049,
            "gross_margin": 26.78,
            "gross_margin_4q_avg": 23.33,
            "net_income": -6848,
            "revenue": 78596,
            "common_shares": 259503,
            "book_valuer_per_share": 8.1,
            "book_valuer_per_share_4q_avg": 8.25,
            "equity": 208710,
            "current_ratio": 287.06,
            "debt_ratio": 40.28,
            "inventory_turnover_ratio": 1.08,
            "account_receivable_turnover_ratio": 3.23,
            "reinvestment_rate": null,
            "research_to_sale_ratio": 13.13,
            "price_fair": 5.74,
            "eps_avg_yearly": 1.91,
            "eps_latest_yearly": 1.28,
            "eps_growth_yearly": -28.78
        },
        "20104": {
            "year_quarter": 20104,
            "year": 2010,
            "quarter": 4,
            "eps": 0.11,
            "eps_growth_year": null,
            "eps_4q": -1.36,
            "eps_4q_growth_year": null,
            "roe": 1.31,
            "roe_4q": -19.4,
            "gross_profit": 31192,
            "gross_margin": 25.82,
            "gross_margin_4q_avg": 24.6,
            "net_income": 2735,
            "revenue": 120820,
            "common_shares": 259503,
            "book_valuer_per_share": 8.16,
            "book_valuer_per_share_4q_avg": 8.01,
            "equity": 210326,
            "current_ratio": 262.24,
            "debt_ratio": 42.14,
            "inventory_turnover_ratio": 1.68,
            "account_receivable_turnover_ratio": 2.96,
            "reinvestment_rate": null,
            "research_to_sale_ratio": 8.25,
            "price_fair": 5.74,
            "eps_avg_yearly": 1.91,
            "eps_latest_yearly": 1.28,
            "eps_growth_yearly": -28.78
        },
        "20111": {
            "year_quarter": 20111,
            "year": 2011,
            "quarter": 1,
            "eps": 0.21,
            "eps_growth_year": null,
            "eps_4q": -0.3,
            "eps_4q_growth_year": null,
            "roe": 2.49,
            "roe_4q": -5.09,
            "gross_profit": 29967,
            "gross_margin": 30.6,
            "gross_margin_4q_avg": 27.81,
            "net_income": 5300,
            "revenue": 97937,
            "common_shares": 259503,
            "book_valuer_per_share": 8.37,
            "book_valuer_per_share_4q_avg": 8.08,
            "equity": 215794,
            "current_ratio": 318.12,
            "debt_ratio": 38.26,
            "inventory_turnover_ratio": 1.33,
            "account_receivable_turnover_ratio": 1.79,
            "reinvestment_rate": null,
            "research_to_sale_ratio": 10.56,
            "price_fair": 3.66,
            "eps_avg_yearly": 1.22,
            "eps_latest_yearly": 0.84,
            "eps_growth_yearly": -42.75
        },
        "20112": {
            "year_quarter": 20112,
            "year": 2011,
            "quarter": 2,
            "eps": 0.05,
            "eps_growth_year": null,
            "eps_4q": 0.09,
            "eps_4q_growth_year": null,
            "roe": 0.58,
            "roe_4q": 0.7200000000000006,
            "gross_profit": 25215,
            "gross_margin": 31.93,
            "gross_margin_4q_avg": 28.78,
            "net_income": 1246,
            "revenue": 78960,
            "common_shares": 259503,
            "book_valuer_per_share": 8.4,
            "book_valuer_per_share_4q_avg": 8.26,
            "equity": 216665,
            "current_ratio": 339.04,
            "debt_ratio": 37.15,
            "inventory_turnover_ratio": 1.09,
            "account_receivable_turnover_ratio": 1.72,
            "reinvestment_rate": null,
            "research_to_sale_ratio": 12.32,
            "price_fair": 2.72,
            "eps_avg_yearly": 0.91,
            "eps_latest_yearly": 0.2,
            "eps_growth_yearly": -54.61
        },
        "20113": {
            "year_quarter": 20113,
            "year": 2011,
            "quarter": 3,
            "eps": 0.6,
            "eps_growth_year": null,
            "eps_4q": 0.96,
            "eps_4q_growth_year": null,
            "roe": 6.9,
            "roe_4q": 11.280000000000001,
            "gross_profit": 33271,
            "gross_margin": 34.18,
            "gross_margin_4q_avg": 30.63,
            "net_income": 15533,
            "revenue": 97339,
            "common_shares": 259503,
            "book_valuer_per_share": 9.06,
            "book_valuer_per_share_4q_avg": 8.5,
            "equity": 233514,
            "current_ratio": 352.57,
            "debt_ratio": 35.8,
            "inventory_turnover_ratio": 1.34,
            "account_receivable_turnover_ratio": 1.94,
            "reinvestment_rate": null,
            "research_to_sale_ratio": 9.11,
            "price_fair": 44.57,
            "eps_avg_yearly": 1.27,
            "eps_latest_yearly": 2.4,
            "eps_growth_yearly": 738.98
        },
        "20114": {
            "year_quarter": 20114,
            "year": 2011,
            "quarter": 4,
            "eps": 0.75,
            "eps_growth_year": 611.26,
            "eps_4q": 1.61,
            "eps_4q_growth_year": null,
            "roe": 8,
            "roe_4q": 17.97,
            "gross_profit": 46108,
            "gross_margin": 34.72,
            "gross_margin_4q_avg": 32.86,
            "net_income": 19453,
            "revenue": 132809,
            "common_shares": 259503,
            "book_valuer_per_share": 9.81,
            "book_valuer_per_share_4q_avg": 8.91,
            "equity": 252812,
            "current_ratio": 328.17,
            "debt_ratio": 36.31,
            "inventory_turnover_ratio": 1.78,
            "account_receivable_turnover_ratio": 1.6,
            "reinvestment_rate": null,
            "research_to_sale_ratio": 7.49,
            "price_fair": 53.2,
            "eps_avg_yearly": 1.52,
            "eps_latest_yearly": 3,
            "eps_growth_yearly": 647.7
        },
        "20121": {
            "year_quarter": 20121,
            "year": 2012,
            "quarter": 1,
            "eps": 0.05,
            "eps_growth_year": -76.19,
            "eps_4q": 1.46,
            "eps_4q_growth_year": null,
            "roe": 0.51,
            "roe_4q": 15.99,
            "gross_profit": 27389,
            "gross_margin": 32.01,
            "gross_margin_4q_avg": 33.21,
            "net_income": 1296,
            "revenue": 85573,
            "common_shares": 259503,
            "book_valuer_per_share": 9.83,
            "book_valuer_per_share_4q_avg": 9.28,
            "equity": 253490,
            "current_ratio": 305.09,
            "debt_ratio": 37.52,
            "inventory_turnover_ratio": 1.08,
            "account_receivable_turnover_ratio": 1.03,
            "reinvestment_rate": 479.62,
            "research_to_sale_ratio": 12.7,
            "price_fair": 47.43,
            "eps_avg_yearly": 1.36,
            "eps_latest_yearly": 0.2,
            "eps_growth_yearly": 520.07
        },
        "20122": {
            "year_quarter": 20122,
            "year": 2012,
            "quarter": 2,
            "eps": 0.62,
            "eps_growth_year": 1182.27,
            "eps_4q": 2.03,
            "eps_4q_growth_year": 2047.92,
            "roe": 6.11,
            "roe_4q": 21.520000000000003,
            "gross_profit": 42421,
            "gross_margin": 29.67,
            "gross_margin_4q_avg": 32.65,
            "net_income": 15977,
            "revenue": 142956,
            "common_shares": 259503,
            "book_valuer_per_share": 10.47,
            "book_valuer_per_share_4q_avg": 9.79,
            "equity": 269780,
            "current_ratio": 278.63,
            "debt_ratio": 39.04,
            "inventory_turnover_ratio": 1.9,
            "account_receivable_turnover_ratio": 1.42,
            "reinvestment_rate": 95.22,
            "research_to_sale_ratio": 7.01,
            "price_fair": 51.8,
            "eps_avg_yearly": 1.48,
            "eps_latest_yearly": 2.48,
            "eps_growth_yearly": 968.95
        },
        "20123": {
            "year_quarter": 20123,
            "year": 2012,
            "quarter": 3,
            "eps": 0.32,
            "eps_growth_year": -46.17,
            "eps_4q": 1.75,
            "eps_4q_growth_year": 81.7,
            "roe": 3.05,
            "roe_4q": 17.67,
            "gross_profit": 47524,
            "gross_margin": 27.63,
            "gross_margin_4q_avg": 31.01,
            "net_income": 8361,
            "revenue": 172007,
            "common_shares": 259503,
            "book_valuer_per_share": 10.77,
            "book_valuer_per_share_4q_avg": 10.22,
            "equity": 277601,
            "current_ratio": 227.03,
            "debt_ratio": 44.62,
            "inventory_turnover_ratio": 2.14,
            "account_receivable_turnover_ratio": 1,
            "reinvestment_rate": 242.33,
            "research_to_sale_ratio": 6.9,
            "price_fair": 50.56,
            "eps_avg_yearly": 1.44,
            "eps_latest_yearly": 1.28,
            "eps_growth_yearly": 941.1
        },
        "20124": {
            "year_quarter": 20124,
            "year": 2012,
            "quarter": 4,
            "eps": 0.11,
            "eps_growth_year": -85.95,
            "eps_4q": 1.1,
            "eps_4q_growth_year": -31.7,
            "roe": 0.98,
            "roe_4q": 10.65,
            "gross_profit": 32453,
            "gross_margin": 28.48,
            "gross_margin_4q_avg": 29.45,
            "net_income": 2733,
            "revenue": 113936,
            "common_shares": 259503,
            "book_valuer_per_share": 10.87,
            "book_valuer_per_share_4q_avg": 10.49,
            "equity": 280123,
            "current_ratio": 391.7,
            "debt_ratio": 31.73,
            "inventory_turnover_ratio": 1.41,
            "account_receivable_turnover_ratio": 0.69,
            "reinvestment_rate": 310.37,
            "research_to_sale_ratio": 10.6,
            "price_fair": 47.13,
            "eps_avg_yearly": 1.35,
            "eps_latest_yearly": 0.44,
            "eps_growth_yearly": 919.71
        },
        "20131": {
            "year_quarter": 20131,
            "year": 2013,
            "quarter": 1,
            "eps": -0.23,
            "eps_growth_year": -560,
            "eps_4q": 0.82,
            "eps_4q_growth_year": -43.86,
            "roe": -2.18,
            "roe_4q": 7.96,
            "gross_profit": 9027,
            "gross_margin": 20.74,
            "gross_margin_4q_avg": 26.63,
            "net_income": -6002,
            "revenue": 43533,
            "common_shares": 259503,
            "book_valuer_per_share": 10.49,
            "book_valuer_per_share_4q_avg": 10.65,
            "equity": 270388,
            "current_ratio": 501.39,
            "debt_ratio": 29.66,
            "inventory_turnover_ratio": 0.71,
            "account_receivable_turnover_ratio": 0.39,
            "reinvestment_rate": null,
            "research_to_sale_ratio": 29.35,
            "price_fair": 47.43,
            "eps_avg_yearly": 1.36,
            "eps_latest_yearly": 0.44,
            "eps_growth_yearly": 1036.19
        },
        "20132": {
            "year_quarter": 20132,
            "year": 2013,
            "quarter": 2,
            "eps": -0.41,
            "eps_growth_year": -166.15,
            "eps_4q": -0.22,
            "eps_4q_growth_year": -110.64,
            "roe": -4.02,
            "roe_4q": -2.169999999999999,
            "gross_profit": 13590,
            "gross_margin": 21.94,
            "gross_margin_4q_avg": 24.7,
            "net_income": -10650,
            "revenue": 61947,
            "common_shares": 259503,
            "book_valuer_per_share": 10.08,
            "book_valuer_per_share_4q_avg": 10.55,
            "equity": 259901,
            "current_ratio": 416.27,
            "debt_ratio": 31.53,
            "inventory_turnover_ratio": 1.13,
            "account_receivable_turnover_ratio": 0.64,
            "reinvestment_rate": null,
            "research_to_sale_ratio": 19.71,
            "price_fair": 47.43,
            "eps_avg_yearly": 1.36,
            "eps_latest_yearly": 0.44,
            "eps_growth_yearly": 1036.19
        },
        "20133": {
            "year_quarter": 20133,
            "year": 2013,
            "quarter": 3,
            "eps": -2.17,
            "eps_growth_year": -769.04,
            "eps_4q": -2.71,
            "eps_4q_growth_year": -255.15,
            "roe": -24.18,
            "roe_4q": -29.4,
            "gross_profit": 15423,
            "gross_margin": 29.12,
            "gross_margin_4q_avg": 25.07,
            "net_income": -56033,
            "revenue": 52969,
            "common_shares": 259503,
            "book_valuer_per_share": 7.89,
            "book_valuer_per_share_4q_avg": 9.83,
            "equity": 203506,
            "current_ratio": 300.76,
            "debt_ratio": 38.14,
            "inventory_turnover_ratio": 0.93,
            "account_receivable_turnover_ratio": 0.79,
            "reinvestment_rate": null,
            "research_to_sale_ratio": 22.8,
            "price_fair": 47.43,
            "eps_avg_yearly": 1.36,
            "eps_latest_yearly": 0.44,
            "eps_growth_yearly": 1036.19
        },
        "20134": {
            "year_quarter": 20134,
            "year": 2013,
            "quarter": 4,
            "eps": -1.3,
            "eps_growth_year": -1328.9,
            "eps_4q": -4.12,
            "eps_4q_growth_year": -474.63,
            "roe": -18.06,
            "roe_4q": -48.43999999999999,
            "gross_profit": 6888,
            "gross_margin": 11.3,
            "gross_margin_4q_avg": 20.78,
            "net_income": -33586,
            "revenue": 60977,
            "common_shares": 259503,
            "book_valuer_per_share": 6.53,
            "book_valuer_per_share_4q_avg": 8.75,
            "equity": 168405,
            "current_ratio": 270.91,
            "debt_ratio": 42.17,
            "inventory_turnover_ratio": 1.43,
            "account_receivable_turnover_ratio": 2.04,
            "reinvestment_rate": null,
            "research_to_sale_ratio": 20.94,
            "price_fair": 47.43,
            "eps_avg_yearly": 1.36,
            "eps_latest_yearly": 0.44,
            "eps_growth_yearly": 1036.19
        },
        "20141": {
            "year_quarter": 20141,
            "year": 2014,
            "quarter": 1,
            "eps": -0.27,
            "eps_growth_year": null,
            "eps_4q": -4.16,
            "eps_4q_growth_year": -608.9,
            "roe": -4.21,
            "roe_4q": -50.47,
            "gross_profit": 14498,
            "gross_margin": 30.83,
            "gross_margin_4q_avg": 23.3,
            "net_income": -6952,
            "revenue": 47027,
            "common_shares": 259503,
            "book_valuer_per_share": 6.28,
            "book_valuer_per_share_4q_avg": 7.7,
            "equity": 161973,
            "current_ratio": 270.42,
            "debt_ratio": 41.9,
            "inventory_turnover_ratio": 0.9,
            "account_receivable_turnover_ratio": 2.21,
            "reinvestment_rate": null,
            "research_to_sale_ratio": 34.26,
            "price_fair": 47.43,
            "eps_avg_yearly": 1.36,
            "eps_latest_yearly": 0.44,
            "eps_growth_yearly": 1036.19
        },
        "20142": {
            "year_quarter": 20142,
            "year": 2014,
            "quarter": 2,
            "eps": -0.39,
            "eps_growth_year": null,
            "eps_4q": -4.13,
            "eps_4q_growth_year": null,
            "roe": -6.33,
            "roe_4q": -52.78,
            "gross_profit": 11868,
            "gross_margin": 22.64,
            "gross_margin_4q_avg": 23.47,
            "net_income": -9926,
            "revenue": 52424,
            "common_shares": 259503,
            "book_valuer_per_share": 5.88,
            "book_valuer_per_share_4q_avg": 6.65,
            "equity": 151584,
            "current_ratio": 261.53,
            "debt_ratio": 42.05,
            "inventory_turnover_ratio": 1.03,
            "account_receivable_turnover_ratio": 2.3,
            "reinvestment_rate": null,
            "research_to_sale_ratio": 24.05,
            "price_fair": 47.43,
            "eps_avg_yearly": 1.36,
            "eps_latest_yearly": 0.44,
            "eps_growth_yearly": 1036.19
        },
        "20143": {
            "year_quarter": 20143,
            "year": 2014,
            "quarter": 3,
            "eps": -0.36,
            "eps_growth_year": null,
            "eps_4q": -2.32,
            "eps_4q_growth_year": null,
            "roe": -6.29,
            "roe_4q": -34.89,
            "gross_profit": 9556,
            "gross_margin": 19.15,
            "gross_margin_4q_avg": 20.98,
            "net_income": -9260,
            "revenue": 49898,
            "common_shares": 259503,
            "book_valuer_per_share": 5.54,
            "book_valuer_per_share_4q_avg": 6.06,
            "equity": 142760,
            "current_ratio": 208.58,
            "debt_ratio": 46.4,
            "inventory_turnover_ratio": 1.07,
            "account_receivable_turnover_ratio": 1.86,
            "reinvestment_rate": null,
            "research_to_sale_ratio": 27.15,
            "price_fair": 47.43,
            "eps_avg_yearly": 1.36,
            "eps_latest_yearly": 0.44,
            "eps_growth_yearly": 1036.19
        },
        "20144": {
            "year_quarter": 20144,
            "year": 2014,
            "quarter": 4,
            "eps": -0.22,
            "eps_growth_year": null,
            "eps_4q": -1.23,
            "eps_4q_growth_year": null,
            "roe": -4.04,
            "roe_4q": -20.87,
            "gross_profit": 13854,
            "gross_margin": 22.56,
            "gross_margin_4q_avg": 23.8,
            "net_income": -5674,
            "revenue": 61415,
            "common_shares": 259503,
            "book_valuer_per_share": 5.35,
            "book_valuer_per_share_4q_avg": 5.76,
            "equity": 138029,
            "current_ratio": 180.85,
            "debt_ratio": 50.33,
            "inventory_turnover_ratio": 1.27,
            "account_receivable_turnover_ratio": 1.92,
            "reinvestment_rate": null,
            "research_to_sale_ratio": 22.01,
            "price_fair": 47.43,
            "eps_avg_yearly": 1.36,
            "eps_latest_yearly": 0.44,
            "eps_growth_yearly": 1036.19
        },
        "20151": {
            "year_quarter": 20151,
            "year": 2015,
            "quarter": 1,
            "eps": -0.31,
            "eps_growth_year": null,
            "eps_4q": -1.27,
            "eps_4q_growth_year": null,
            "roe": -5.97,
            "roe_4q": -22.630000000000003,
            "gross_profit": 14304,
            "gross_margin": 27.09,
            "gross_margin_4q_avg": 22.86,
            "net_income": -8049,
            "revenue": 52802,
            "common_shares": 259503,
            "book_valuer_per_share": 5.07,
            "book_valuer_per_share_4q_avg": 5.46,
            "equity": 131620,
            "current_ratio": 174.81,
            "debt_ratio": 50.6,
            "inventory_turnover_ratio": 1.06,
            "account_receivable_turnover_ratio": 1.59,
            "reinvestment_rate": null,
            "research_to_sale_ratio": 23.36,
            "price_fair": 50,
            "eps_avg_yearly": 1.43,
            "eps_latest_yearly": 0.44,
            "eps_growth_yearly": 1132.27
        },
        "20152": {
            "year_quarter": 20152,
            "year": 2015,
            "quarter": 2,
            "eps": -0.4,
            "eps_growth_year": null,
            "eps_4q": -1.29,
            "eps_4q_growth_year": null,
            "roe": -8.24,
            "roe_4q": -24.54,
            "gross_profit": 10032,
            "gross_margin": 21.98,
            "gross_margin_4q_avg": 22.7,
            "net_income": -10407,
            "revenue": 45633,
            "common_shares": 259503,
            "book_valuer_per_share": 4.66,
            "book_valuer_per_share_4q_avg": 5.16,
            "equity": 120861,
            "current_ratio": 169.15,
            "debt_ratio": 50.65,
            "inventory_turnover_ratio": 1.21,
            "account_receivable_turnover_ratio": 1.67,
            "reinvestment_rate": null,
            "research_to_sale_ratio": 25.37,
            "price_fair": 57.17,
            "eps_avg_yearly": 1.63,
            "eps_latest_yearly": 0.44,
            "eps_growth_yearly": 1371.77
        },
        "20153": {
            "year_quarter": 20153,
            "year": 2015,
            "quarter": 3,
            "eps": 0.11,
            "eps_growth_year": null,
            "eps_4q": -0.82,
            "eps_4q_growth_year": null,
            "roe": 2.44,
            "roe_4q": -15.809999999999999,
            "gross_profit": 11825,
            "gross_margin": 25.07,
            "gross_margin_4q_avg": 24.18,
            "net_income": 2970,
            "revenue": 47173,
            "common_shares": 259503,
            "book_valuer_per_share": 4.71,
            "book_valuer_per_share_4q_avg": 4.95,
            "equity": 122128,
            "current_ratio": 160.06,
            "debt_ratio": 52.43,
            "inventory_turnover_ratio": 1.35,
            "account_receivable_turnover_ratio": 1.86,
            "reinvestment_rate": null,
            "research_to_sale_ratio": 26.34,
            "price_fair": 51.8,
            "eps_avg_yearly": 1.48,
            "eps_latest_yearly": 0.44,
            "eps_growth_yearly": 766.12
        },
        "20154": {
            "year_quarter": 20154,
            "year": 2015,
            "quarter": 4,
            "eps": -0.25,
            "eps_growth_year": null,
            "eps_4q": -0.85,
            "eps_4q_growth_year": null,
            "roe": -5.45,
            "roe_4q": -17.22,
            "gross_profit": 19439,
            "gross_margin": 32.14,
            "gross_margin_4q_avg": 26.57,
            "net_income": -6461,
            "revenue": 60486,
            "common_shares": 259503,
            "book_valuer_per_share": 4.43,
            "book_valuer_per_share_4q_avg": 4.72,
            "equity": 114923,
            "current_ratio": 228.32,
            "debt_ratio": 59.94,
            "inventory_turnover_ratio": 1.55,
            "account_receivable_turnover_ratio": 2.66,
            "reinvestment_rate": null,
            "research_to_sale_ratio": 20.11,
            "price_fair": 38.5,
            "eps_avg_yearly": 1.1,
            "eps_latest_yearly": 0.44,
            "eps_growth_yearly": 932.65
        },
        "20161": {
            "year_quarter": 20161,
            "year": 2016,
            "quarter": 1,
            "eps": -0.46,
            "eps_growth_year": null,
            "eps_4q": -1,
            "eps_4q_growth_year": null,
            "roe": -11.02,
            "roe_4q": -22.27,
            "gross_profit": 7398,
            "gross_margin": 21.06,
            "gross_margin_4q_avg": 25.06,
            "net_income": -12002,
            "revenue": 35120,
            "common_shares": 259503,
            "book_valuer_per_share": 3.97,
            "book_valuer_per_share_4q_avg": 4.44,
            "equity": 102921,
            "current_ratio": 232.79,
            "debt_ratio": 60.42,
            "inventory_turnover_ratio": 1.19,
            "account_receivable_turnover_ratio": 1.79,
            "reinvestment_rate": null,
            "research_to_sale_ratio": 32.8,
            "price_fair": 49,
            "eps_avg_yearly": 1.4,
            "eps_latest_yearly": 0.44,
            "eps_growth_yearly": 1367.98
        },
        "20162": {
            "year_quarter": 20162,
            "year": 2016,
            "quarter": 2,
            "eps": -0.5,
            "eps_growth_year": null,
            "eps_4q": -1.1,
            "eps_4q_growth_year": null,
            "roe": -13.48,
            "roe_4q": -27.509999999999998,
            "gross_profit": 6368,
            "gross_margin": 23.06,
            "gross_margin_4q_avg": 25.33,
            "net_income": -12999,
            "revenue": 27609,
            "common_shares": 259503,
            "book_valuer_per_share": 3.47,
            "book_valuer_per_share_4q_avg": 4.15,
            "equity": 89922,
            "current_ratio": 201.75,
            "debt_ratio": 63.69,
            "inventory_turnover_ratio": 0.84,
            "account_receivable_turnover_ratio": 1.39,
            "reinvestment_rate": null,
            "research_to_sale_ratio": 46.03,
            "price_fair": 2.58,
            "eps_avg_yearly": 0.86,
            "eps_latest_yearly": 0.44,
            "eps_growth_yearly": -228.02
        },
        "20163": {
            "year_quarter": 20163,
            "year": 2016,
            "quarter": 3,
            "eps": -0.54,
            "eps_growth_year": -590.91,
            "eps_4q": -1.75,
            "eps_4q_growth_year": null,
            "roe": -16.97,
            "roe_4q": -46.92,
            "gross_profit": 6031,
            "gross_margin": 16.26,
            "gross_margin_4q_avg": 23.13,
            "net_income": -14063,
            "revenue": 37098,
            "common_shares": 259503,
            "book_valuer_per_share": 2.92,
            "book_valuer_per_share_4q_avg": 3.7,
            "equity": 75859,
            "current_ratio": 178.88,
            "debt_ratio": 67.03,
            "inventory_turnover_ratio": 1.1,
            "account_receivable_turnover_ratio": 1.82,
            "reinvestment_rate": null,
            "research_to_sale_ratio": 32,
            "price_fair": 1.32,
            "eps_avg_yearly": 0.44,
            "eps_latest_yearly": 0.44,
            "eps_growth_yearly": -262.5
        },
        "20164": {
            "year_quarter": 20164,
            "year": 2016,
            "quarter": 4,
            "eps": -0.15,
            "eps_growth_year": null,
            "eps_4q": -1.65,
            "eps_4q_growth_year": null,
            "roe": -5.19,
            "roe_4q": -46.66,
            "gross_profit": 12141,
            "gross_margin": 26.11,
            "gross_margin_4q_avg": 21.62,
            "net_income": -3843,
            "revenue": 46492,
            "common_shares": 259503,
            "book_valuer_per_share": 2.79,
            "book_valuer_per_share_4q_avg": 3.29,
            "equity": 72366,
            "current_ratio": 175.39,
            "debt_ratio": 66.68,
            "inventory_turnover_ratio": 1.35,
            "account_receivable_turnover_ratio": 2.13,
            "reinvestment_rate": null,
            "research_to_sale_ratio": 24.21,
            "price_fair": 0,
            "eps_avg_yearly": 0,
            "eps_latest_yearly": 0,
            "eps_growth_yearly": 0
        },
        "20171": {
            "year_quarter": 20171,
            "year": 2017,
            "quarter": 1,
            "eps": -0.55,
            "eps_growth_year": null,
            "eps_4q": -1.74,
            "eps_4q_growth_year": null,
            "roe": -21.86,
            "roe_4q": -57.5,
            "gross_profit": 4929,
            "gross_margin": 19.62,
            "gross_margin_4q_avg": 21.26,
            "net_income": -14263,
            "revenue": 25128,
            "common_shares": 259503,
            "book_valuer_per_share": 2.24,
            "book_valuer_per_share_4q_avg": 2.86,
            "equity": 58103,
            "current_ratio": 157.29,
            "debt_ratio": 69.66,
            "inventory_turnover_ratio": 0.89,
            "account_receivable_turnover_ratio": 1.72,
            "reinvestment_rate": null,
            "research_to_sale_ratio": 35.15,
            "price_fair": 0,
            "eps_avg_yearly": 0,
            "eps_latest_yearly": 0,
            "eps_growth_yearly": 0
        },
        "20172": {
            "year_quarter": 20172,
            "year": 2017,
            "quarter": 2,
            "eps": -0.42,
            "eps_growth_year": null,
            "eps_4q": -1.66,
            "eps_4q_growth_year": null,
            "roe": -20.86,
            "roe_4q": -64.88,
            "gross_profit": 2009,
            "gross_margin": 11.93,
            "gross_margin_4q_avg": 18.48,
            "net_income": -10977,
            "revenue": 16843,
            "common_shares": 259503,
            "book_valuer_per_share": 1.82,
            "book_valuer_per_share_4q_avg": 2.44,
            "equity": 47126,
            "current_ratio": 137.68,
            "debt_ratio": 72.67,
            "inventory_turnover_ratio": 0.7,
            "account_receivable_turnover_ratio": 2.29,
            "reinvestment_rate": null,
            "research_to_sale_ratio": 49.09,
            "price_fair": 0,
            "eps_avg_yearly": 0,
            "eps_latest_yearly": 0,
            "eps_growth_yearly": 0
        },
        "20173": {
            "year_quarter": 20173,
            "year": 2017,
            "quarter": 3,
            "eps": -0.22,
            "eps_growth_year": null,
            "eps_4q": -1.34,
            "eps_4q_growth_year": null,
            "roe": -13.09,
            "roe_4q": -61,
            "gross_profit": 6832,
            "gross_margin": 28.37,
            "gross_margin_4q_avg": 21.51,
            "net_income": -5788,
            "revenue": 24079,
            "common_shares": 259503,
            "book_valuer_per_share": 1.59,
            "book_valuer_per_share_4q_avg": 2.11,
            "equity": 41338,
            "current_ratio": 119.37,
            "debt_ratio": 75.17,
            "inventory_turnover_ratio": 0.79,
            "account_receivable_turnover_ratio": 2.4,
            "reinvestment_rate": null,
            "research_to_sale_ratio": 35.23,
            "price_fair": 0,
            "eps_avg_yearly": 0,
            "eps_latest_yearly": 0,
            "eps_growth_yearly": 0
        },
        "20174": {
            "year_quarter": 20174,
            "year": 2017,
            "quarter": 4,
            "eps": -0.29,
            "eps_growth_year": null,
            "eps_4q": -1.48,
            "eps_4q_growth_year": null,
            "roe": -19.61,
            "roe_4q": -75.42,
            "gross_profit": 7251,
            "gross_margin": 20.4,
            "gross_margin_4q_avg": 20.08,
            "net_income": -7494,
            "revenue": 35549,
            "common_shares": 259503,
            "book_valuer_per_share": 1.35,
            "book_valuer_per_share_4q_avg": 1.75,
            "equity": 35093,
            "current_ratio": 240.06,
            "debt_ratio": 77.04,
            "inventory_turnover_ratio": 1.21,
            "account_receivable_turnover_ratio": 2.83,
            "reinvestment_rate": null,
            "research_to_sale_ratio": 22.21,
            "price_fair": 0,
            "eps_avg_yearly": 0,
            "eps_latest_yearly": 0,
            "eps_growth_yearly": 0
        },
        "20181": {
            "year_quarter": 20181,
            "year": 2018,
            "quarter": 1,
            "eps": -0.35,
            "eps_growth_year": null,
            "eps_4q": -1.29,
            "eps_4q_growth_year": null,
            "roe": -29.86,
            "roe_4q": -83.42,
            "gross_profit": 2810,
            "gross_margin": 11.24,
            "gross_margin_4q_avg": 17.99,
            "net_income": -9117,
            "revenue": 25006,
            "common_shares": 259503,
            "book_valuer_per_share": 1,
            "book_valuer_per_share_4q_avg": 1.44,
            "equity": 25976,
            "current_ratio": 188.31,
            "debt_ratio": 83.74,
            "inventory_turnover_ratio": 0.99,
            "account_receivable_turnover_ratio": 2.51,
            "reinvestment_rate": null,
            "research_to_sale_ratio": 31.12,
            "price_fair": 0,
            "eps_avg_yearly": 0,
            "eps_latest_yearly": 0,
            "eps_growth_yearly": 0
        },
        "20182": {
            "year_quarter": 20182,
            "year": 2018,
            "quarter": 2,
            "eps": 6.38,
            "eps_growth_year": null,
            "eps_4q": 5.52,
            "eps_4q_growth_year": null,
            "roe": 152.23,
            "roe_4q": 89.66999999999999,
            "gross_profit": -1687,
            "gross_margin": -11.02,
            "gross_margin_4q_avg": 12.25,
            "net_income": 165538,
            "revenue": 15306,
            "common_shares": 259503,
            "book_valuer_per_share": 7.38,
            "book_valuer_per_share_4q_avg": 2.83,
            "equity": 191514,
            "current_ratio": 711.36,
            "debt_ratio": 16.12,
            "inventory_turnover_ratio": 0.73,
            "account_receivable_turnover_ratio": 2.02,
            "reinvestment_rate": -192.4,
            "research_to_sale_ratio": 48.9,
            "price_fair": 0,
            "eps_avg_yearly": 0,
            "eps_latest_yearly": 0,
            "eps_growth_yearly": 0
        },
        "20183": {
            "year_quarter": 20183,
            "year": 2018,
            "quarter": 3,
            "eps": -0.33,
            "eps_growth_year": null,
            "eps_4q": 5.41,
            "eps_4q_growth_year": null,
            "roe": -4.6,
            "roe_4q": 98.16,
            "gross_profit": 2389,
            "gross_margin": 9.6,
            "gross_margin_4q_avg": 7.56,
            "net_income": -8616,
            "revenue": 24895,
            "common_shares": 259503,
            "book_valuer_per_share": 7.05,
            "book_valuer_per_share_4q_avg": 4.2,
            "equity": 182898,
            "current_ratio": 813.59,
            "debt_ratio": 13.95,
            "inventory_turnover_ratio": 0.95,
            "account_receivable_turnover_ratio": 2.3,
            "reinvestment_rate": -186.84,
            "research_to_sale_ratio": 25.55,
            "price_fair": 0,
            "eps_avg_yearly": 0,
            "eps_latest_yearly": 0,
            "eps_growth_yearly": 0
        },
        "20184": {
            "year_quarter": 20184,
            "year": 2018,
            "quarter": 4,
            "eps": -0.5,
            "eps_growth_year": null,
            "eps_4q": 5.19,
            "eps_4q_growth_year": null,
            "roe": -7.35,
            "roe_4q": 110.42,
            "gross_profit": -4532,
            "gross_margin": -19.11,
            "gross_margin_4q_avg": -2.32,
            "net_income": -12999,
            "revenue": 23717,
            "common_shares": 259503,
            "book_valuer_per_share": 6.59,
            "book_valuer_per_share_4q_avg": 5.51,
            "equity": 171035,
            "current_ratio": 800.9,
            "debt_ratio": 13.78,
            "inventory_turnover_ratio": 1.49,
            "account_receivable_turnover_ratio": 1.4,
            "reinvestment_rate": -229.21,
            "research_to_sale_ratio": 24.85,
            "price_fair": 0,
            "eps_avg_yearly": 0,
            "eps_latest_yearly": 0,
            "eps_growth_yearly": 0
        },
        "20191": {
            "year_quarter": 20191,
            "year": 2019,
            "quarter": 1,
            "eps": -0.27,
            "eps_growth_year": null,
            "eps_4q": 5.27,
            "eps_4q_growth_year": null,
            "roe": -4.24,
            "roe_4q": 136.04,
            "gross_profit": 1228,
            "gross_margin": 7.37,
            "gross_margin_4q_avg": -3.29,
            "net_income": -7103,
            "revenue": 16671,
            "common_shares": 259503,
            "book_valuer_per_share": 6.32,
            "book_valuer_per_share_4q_avg": 6.84,
            "equity": 163932,
            "current_ratio": 762.68,
            "debt_ratio": 15.99,
            "inventory_turnover_ratio": 0.81,
            "account_receivable_turnover_ratio": 1.14,
            "reinvestment_rate": -220.94,
            "research_to_sale_ratio": 35.18,
            "price_fair": 0,
            "eps_avg_yearly": 0,
            "eps_latest_yearly": 0,
            "eps_growth_yearly": 0
        },
        "20192": {
            "year_quarter": 20192,
            "year": 2019,
            "quarter": 2,
            "eps": -0.24,
            "eps_growth_year": -103.76,
            "eps_4q": -1.34,
            "eps_4q_growth_year": -124.38,
            "roe": -3.84,
            "roe_4q": -20.03,
            "gross_profit": 2898,
            "gross_margin": 9.07,
            "gross_margin_4q_avg": 1.73,
            "net_income": -6182,
            "revenue": 31966,
            "common_shares": 259503,
            "book_valuer_per_share": 6.08,
            "book_valuer_per_share_4q_avg": 6.51,
            "equity": 157750,
            "current_ratio": 724.58,
            "debt_ratio": 16.29,
            "inventory_turnover_ratio": 1.47,
            "account_receivable_turnover_ratio": 2,
            "reinvestment_rate": -192.86,
            "research_to_sale_ratio": 20.47,
            "price_fair": 0,
            "eps_avg_yearly": 0,
            "eps_latest_yearly": 0,
            "eps_growth_yearly": 0
        },
        "20193": {
            "year_quarter": 20193,
            "year": 2019,
            "quarter": 3,
            "eps": -0.22,
            "eps_growth_year": null,
            "eps_4q": -1.23,
            "eps_4q_growth_year": -122.71,
            "roe": -3.6,
            "roe_4q": -19.03,
            "gross_profit": 2635,
            "gross_margin": 7.64,
            "gross_margin_4q_avg": 1.24,
            "net_income": -5586,
            "revenue": 34495,
            "common_shares": 259503,
            "book_valuer_per_share": 5.86,
            "book_valuer_per_share_4q_avg": 6.21,
            "equity": 152164,
            "current_ratio": 649.23,
            "debt_ratio": 17.33,
            "inventory_turnover_ratio": 1.87,
            "account_receivable_turnover_ratio": 1.62,
            "reinvestment_rate": -246.1,
            "research_to_sale_ratio": 14.18,
            "price_fair": 0,
            "eps_avg_yearly": 0,
            "eps_latest_yearly": 0,
            "eps_growth_yearly": 0
        },
        "20194": {
            "year_quarter": 20194,
            "year": 2019,
            "quarter": 4,
            "eps": -0.24,
            "eps_growth_year": null,
            "eps_4q": -0.96,
            "eps_4q_growth_year": -118.54,
            "roe": -4.1,
            "roe_4q": -15.78,
            "gross_profit": 5319,
            "gross_margin": 13.75,
            "gross_margin_4q_avg": 9.46,
            "net_income": -6117,
            "revenue": 38672,
            "common_shares": 259503,
            "book_valuer_per_share": 5.64,
            "book_valuer_per_share_4q_avg": 5.98,
            "equity": 146470,
            "current_ratio": 569.68,
            "debt_ratio": 18.65,
            "inventory_turnover_ratio": 2.09,
            "account_receivable_turnover_ratio": 1.79,
            "reinvestment_rate": -240.08,
            "research_to_sale_ratio": 14.71,
            "price_fair": 0,
            "eps_avg_yearly": 0,
            "eps_latest_yearly": 0,
            "eps_growth_yearly": 0
        },
        "20201": {
            "year_quarter": 20201,
            "year": 2020,
            "quarter": 1,
            "eps": -0.18,
            "eps_growth_year": null,
            "eps_4q": -0.87,
            "eps_4q_growth_year": -116.48,
            "roe": -3.23,
            "roe_4q": -14.77,
            "gross_profit": 2390,
            "gross_margin": 10.36,
            "gross_margin_4q_avg": 10.21,
            "net_income": -4660,
            "revenue": 23071,
            "common_shares": 259503,
            "book_valuer_per_share": 5.46,
            "book_valuer_per_share_4q_avg": 5.76,
            "equity": 141810,
            "current_ratio": 784.65,
            "debt_ratio": 14.21,
            "inventory_turnover_ratio": 1.42,
            "account_receivable_turnover_ratio": 1.23,
            "reinvestment_rate": -180.24,
            "research_to_sale_ratio": 20.81,
            "price_fair": 0,
            "eps_avg_yearly": 0,
            "eps_latest_yearly": 0,
            "eps_growth_yearly": 0
        },
        "20202": {
            "year_quarter": 20202,
            "year": 2020,
            "quarter": 2,
            "eps": -0.25,
            "eps_growth_year": null,
            "eps_4q": -0.88,
            "eps_4q_growth_year": null,
            "roe": -4.74,
            "roe_4q": -15.67,
            "gross_profit": 1865,
            "gross_margin": 16.12,
            "gross_margin_4q_avg": 11.97,
            "net_income": -6572,
            "revenue": 11570,
            "common_shares": 259503,
            "book_valuer_per_share": 5.21,
            "book_valuer_per_share_4q_avg": 5.54,
            "equity": 135238,
            "current_ratio": 760.69,
            "debt_ratio": 14.57,
            "inventory_turnover_ratio": 0.54,
            "account_receivable_turnover_ratio": 0.9,
            "reinvestment_rate": -152.55,
            "research_to_sale_ratio": 40.74,
            "price_fair": 0,
            "eps_avg_yearly": 0,
            "eps_latest_yearly": 0,
            "eps_growth_yearly": 0
        },
        "20203": {
            "year_quarter": 20203,
            "year": 2020,
            "quarter": 3,
            "eps": -0.15,
            "eps_growth_year": null,
            "eps_4q": -0.82,
            "eps_4q_growth_year": null,
            "roe": -2.89,
            "roe_4q": -14.96,
            "gross_profit": 5184,
            "gross_margin": 17.35,
            "gross_margin_4q_avg": 14.4,
            "net_income": -3847,
            "revenue": 29876,
            "common_shares": 259503,
            "book_valuer_per_share": 5.06,
            "book_valuer_per_share_4q_avg": 5.34,
            "equity": 131391,
            "current_ratio": 576.57,
            "debt_ratio": 18.4,
            "inventory_turnover_ratio": 1.2,
            "account_receivable_turnover_ratio": 2.2,
            "reinvestment_rate": -120.34,
            "research_to_sale_ratio": 14.75,
            "price_fair": 0,
            "eps_avg_yearly": 0,
            "eps_latest_yearly": 0,
            "eps_growth_yearly": 0
        },
        "20204": {
            "year_quarter": 20204,
            "year": 2020,
            "quarter": 4,
            "eps": -0.13,
            "eps_growth_year": null,
            "eps_4q": -0.71,
            "eps_4q_growth_year": null,
            "roe": -2.51,
            "roe_4q": -13.370000000000001,
            "gross_profit": 5112,
            "gross_margin": 15.62,
            "gross_margin_4q_avg": 14.86,
            "net_income": -3263,
            "revenue": 32717,
            "common_shares": 259503,
            "book_valuer_per_share": 4.94,
            "book_valuer_per_share_4q_avg": 5.17,
            "equity": 128310,
            "current_ratio": 645.16,
            "debt_ratio": 16.81,
            "inventory_turnover_ratio": 1.59,
            "account_receivable_turnover_ratio": 2.56,
            "reinvestment_rate": -116.41,
            "research_to_sale_ratio": 10.63,
            "price_fair": 0,
            "eps_avg_yearly": 0,
            "eps_latest_yearly": 0,
            "eps_growth_yearly": 0
        },
        "20211": {
            "year_quarter": 20211,
            "year": 2021,
            "quarter": 1,
            "eps": -0.24,
            "eps_growth_year": null,
            "eps_4q": -0.77,
            "eps_4q_growth_year": null,
            "roe": -5.02,
            "roe_4q": -15.16,
            "gross_profit": 3098,
            "gross_margin": 14.23,
            "gross_margin_4q_avg": 15.83,
            "net_income": -6283,
            "revenue": 21778,
            "common_shares": 259503,
            "book_valuer_per_share": 4.7,
            "book_valuer_per_share_4q_avg": 4.98,
            "equity": 122027,
            "current_ratio": 588.44,
            "debt_ratio": 18.36,
            "inventory_turnover_ratio": 1,
            "account_receivable_turnover_ratio": 2.43,
            "reinvestment_rate": -99.43,
            "research_to_sale_ratio": 22.16,
            "price_fair": 0,
            "eps_avg_yearly": 0,
            "eps_latest_yearly": 0,
            "eps_growth_yearly": 0
        },
        "20212": {
            "year_quarter": 20212,
            "year": 2021,
            "quarter": 2,
            "eps": -0.22,
            "eps_growth_year": null,
            "eps_4q": -0.67,
            "eps_4q_growth_year": null,
            "roe": -4.7,
            "roe_4q": -15.12,
            "gross_profit": 4581,
            "gross_margin": 16.38,
            "gross_margin_4q_avg": 15.9,
            "net_income": -6114,
            "revenue": 27974,
            "common_shares": 289503,
            "book_valuer_per_share": 4.77,
            "book_valuer_per_share_4q_avg": 4.87,
            "equity": 137963,
            "current_ratio": 523.56,
            "debt_ratio": 21.88,
            "inventory_turnover_ratio": 0.87,
            "account_receivable_turnover_ratio": 2.1,
            "reinvestment_rate": -89.78,
            "research_to_sale_ratio": 17.93,
            "price_fair": 0,
            "eps_avg_yearly": 0,
            "eps_latest_yearly": 0,
            "eps_growth_yearly": 0
        },
        "20213": {
            "year_quarter": 20213,
            "year": 2021,
            "quarter": 3,
            "eps": -0.1,
            "eps_growth_year": null,
            "eps_4q": -0.64,
            "eps_4q_growth_year": null,
            "roe": -2.01,
            "roe_4q": -14.24,
            "gross_profit": 6147,
            "gross_margin": 20.69,
            "gross_margin_4q_avg": 16.73,
            "net_income": -2741,
            "revenue": 29712,
            "common_shares": 289503,
            "book_valuer_per_share": 4.67,
            "book_valuer_per_share_4q_avg": 4.77,
            "equity": 135222,
            "current_ratio": 541.99,
            "debt_ratio": 20.95,
            "inventory_turnover_ratio": 0.73,
            "account_receivable_turnover_ratio": 1.76,
            "reinvestment_rate": -85.15,
            "research_to_sale_ratio": 16.67,
            "price_fair": 0,
            "eps_avg_yearly": 0,
            "eps_latest_yearly": 0,
            "eps_growth_yearly": 0
        },
        "20214": {
            "year_quarter": 20214,
            "year": 2021,
            "quarter": 4,
            "eps": 0.01,
            "eps_growth_year": null,
            "eps_4q": -0.51,
            "eps_4q_growth_year": null,
            "roe": 0.28,
            "roe_4q": -11.45,
            "gross_profit": 7560,
            "gross_margin": 23.74,
            "gross_margin_4q_avg": 18.76,
            "net_income": 377,
            "revenue": 31850,
            "common_shares": 289503,
            "book_valuer_per_share": 4.68,
            "book_valuer_per_share_4q_avg": 4.71,
            "equity": 135587,
            "current_ratio": 520.78,
            "debt_ratio": 21.2,
            "inventory_turnover_ratio": 0.71,
            "account_receivable_turnover_ratio": 2.15,
            "reinvestment_rate": -12.88,
            "research_to_sale_ratio": 12.52,
            "price_fair": 0,
            "eps_avg_yearly": 0,
            "eps_latest_yearly": 0,
            "eps_growth_yearly": 0
        },
        "20221": {
            "year_quarter": 20221,
            "year": 2022,
            "quarter": 1,
            "eps": -0.01,
            "eps_growth_year": null,
            "eps_4q": -0.31,
            "eps_4q_growth_year": null,
            "roe": -0.27,
            "roe_4q": -6.7,
            "gross_profit": 7288,
            "gross_margin": 24.93,
            "gross_margin_4q_avg": 21.44,
            "net_income": -364,
            "revenue": 29229,
            "common_shares": 289503,
            "book_valuer_per_share": 4.67,
            "book_valuer_per_share_4q_avg": 4.7,
            "equity": 135223,
            "current_ratio": 532.89,
            "debt_ratio": 20.17,
            "inventory_turnover_ratio": 0.59,
            "account_receivable_turnover_ratio": 1.78,
            "reinvestment_rate": -10.76,
            "research_to_sale_ratio": 15.36,
            "price_fair": 0,
            "eps_avg_yearly": 0,
            "eps_latest_yearly": 0,
            "eps_growth_yearly": 0
        },
        "20222": {
            "year_quarter": 20222,
            "year": 2022,
            "quarter": 2,
            "eps": 0.07,
            "eps_growth_year": null,
            "eps_4q": -0.02,
            "eps_4q_growth_year": null,
            "roe": 1.57,
            "roe_4q": -0.4299999999999997,
            "gross_profit": 9420,
            "gross_margin": 22.98,
            "gross_margin_4q_avg": 23.09,
            "net_income": 2145,
            "revenue": 40995,
            "common_shares": 289503,
            "book_valuer_per_share": 4.74,
            "book_valuer_per_share_4q_avg": 4.69,
            "equity": 137368,
            "current_ratio": 489.27,
            "debt_ratio": 21.2,
            "inventory_turnover_ratio": 0.82,
            "account_receivable_turnover_ratio": 2.1,
            "reinvestment_rate": null,
            "research_to_sale_ratio": 10.35,
            "price_fair": 0,
            "eps_avg_yearly": 0,
            "eps_latest_yearly": 0,
            "eps_growth_yearly": 0
        },
        "20223": {
            "year_quarter": 20223,
            "year": 2022,
            "quarter": 3,
            "eps": 0.05,
            "eps_growth_year": null,
            "eps_4q": 0.12,
            "eps_4q_growth_year": null,
            "roe": 1.02,
            "roe_4q": 2.5999999999999996,
            "gross_profit": 7631,
            "gross_margin": 31.74,
            "gross_margin_4q_avg": 25.85,
            "net_income": 1406,
            "revenue": 24042,
            "common_shares": 289503,
            "book_valuer_per_share": 4.79,
            "book_valuer_per_share_4q_avg": 4.72,
            "equity": 138774,
            "current_ratio": 525.27,
            "debt_ratio": 19.53,
            "inventory_turnover_ratio": 0.38,
            "account_receivable_turnover_ratio": 1.18,
            "reinvestment_rate": null,
            "research_to_sale_ratio": 16.43,
            "price_fair": 0.6,
            "eps_avg_yearly": 0.2,
            "eps_latest_yearly": 0.2,
            "eps_growth_yearly": -114.29
        },
        "20224": {
            "year_quarter": 20224,
            "year": 2022,
            "quarter": 4,
            "eps": 0.05,
            "eps_growth_year": 287.28,
            "eps_4q": 0.16,
            "eps_4q_growth_year": null,
            "roe": 1.04,
            "roe_4q": 3.36,
            "gross_profit": 7886,
            "gross_margin": 24.07,
            "gross_margin_4q_avg": 25.93,
            "net_income": 1460,
            "revenue": 32757,
            "common_shares": 289503,
            "book_valuer_per_share": 4.88,
            "book_valuer_per_share_4q_avg": 4.77,
            "equity": 141216,
            "current_ratio": 554.8,
            "debt_ratio": 17.48,
            "inventory_turnover_ratio": 0.54,
            "account_receivable_turnover_ratio": 1.74,
            "reinvestment_rate": null,
            "research_to_sale_ratio": 10.58,
            "price_fair": 0.6,
            "eps_avg_yearly": 0.2,
            "eps_latest_yearly": 0.2,
            "eps_growth_yearly": -57.14
        },
        "20231": {
            "year_quarter": 20231,
            "year": 2023,
            "quarter": 1,
            "eps": 0.09,
            "eps_growth_year": null,
            "eps_4q": 0.26,
            "eps_4q_growth_year": null,
            "roe": 1.81,
            "roe_4q": 5.44,
            "gross_profit": 6840,
            "gross_margin": 21.79,
            "gross_margin_4q_avg": 25.15,
            "net_income": 2574,
            "revenue": 31387,
            "common_shares": 289503,
            "book_valuer_per_share": 4.97,
            "book_valuer_per_share_4q_avg": 4.85,
            "equity": 143790,
            "current_ratio": 553.81,
            "debt_ratio": 17.05,
            "inventory_turnover_ratio": 0.57,
            "account_receivable_turnover_ratio": 1.81,
            "reinvestment_rate": null,
            "research_to_sale_ratio": 11.55,
            "price_fair": 8.87,
            "eps_avg_yearly": 0.25,
            "eps_latest_yearly": 0.36,
            "eps_growth_yearly": 68.57
        }
    },
    "months": {
        "2001-06": {
            "month": "2001-06",
            "price": "10.88",
            "revenue": 17399
        },
        "2001-07": {
            "month": "2001-07",
            "price": "10.55",
            "revenue": 1501
        },
        "2001-08": {
            "month": "2001-08",
            "price": "8.92",
            "revenue": 5965
        },
        "2001-09": {
            "month": "2001-09",
            "price": "5.76",
            "revenue": 21984
        },
        "2001-10": {
            "month": "2001-10",
            "price": "4.26",
            "revenue": 3142
        },
        "2001-11": {
            "month": "2001-11",
            "price": "3.50",
            "revenue": 6870
        },
        "2001-12": {
            "month": "2001-12",
            "price": "3.93",
            "revenue": 10648
        },
        "2002-01": {
            "month": "2002-01",
            "price": "5.96",
            "revenue": 3232
        },
        "2002-02": {
            "month": "2002-02",
            "price": "6.20",
            "revenue": 5825
        },
        "2002-03": {
            "month": "2002-03",
            "price": "5.93",
            "revenue": 4631
        },
        "2002-04": {
            "month": "2002-04",
            "price": "7.23",
            "revenue": 3710
        },
        "2002-05": {
            "month": "2002-05",
            "price": "8.04",
            "revenue": 6117
        },
        "2002-06": {
            "month": "2002-06",
            "price": "7.03",
            "revenue": 5695
        },
        "2002-07": {
            "month": "2002-07",
            "price": "6.17",
            "revenue": 4221
        },
        "2002-08": {
            "month": "2002-08",
            "price": "4.93",
            "revenue": 4228
        },
        "2002-09": {
            "month": "2002-09",
            "price": "4.54",
            "revenue": 6735
        },
        "2002-10": {
            "month": "2002-10",
            "price": "4.96",
            "revenue": 10933
        },
        "2002-11": {
            "month": "2002-11",
            "price": "4.18",
            "revenue": 9708
        },
        "2002-12": {
            "month": "2002-12",
            "price": "3.90",
            "revenue": 21406
        },
        "2003-01": {
            "month": "2003-01",
            "price": "4.48",
            "revenue": 7726
        },
        "2003-02": {
            "month": "2003-02",
            "price": "4.93",
            "revenue": 1878
        },
        "2003-03": {
            "month": "2003-03",
            "price": "4.45",
            "revenue": 19558
        },
        "2003-04": {
            "month": "2003-04",
            "price": "3.82",
            "revenue": 14170
        },
        "2003-05": {
            "month": "2003-05",
            "price": "2.70",
            "revenue": 5407
        },
        "2003-06": {
            "month": "2003-06",
            "price": "3.39",
            "revenue": 11460
        },
        "2003-07": {
            "month": "2003-07",
            "price": "3.16",
            "revenue": 9708
        },
        "2003-08": {
            "month": "2003-08",
            "price": "2.99",
            "revenue": 9356
        },
        "2003-09": {
            "month": "2003-09",
            "price": "2.77",
            "revenue": 12752
        },
        "2003-10": {
            "month": "2003-10",
            "price": "2.46",
            "revenue": 11012
        },
        "2003-11": {
            "month": "2003-11",
            "price": "3.86",
            "revenue": 18864
        },
        "2003-12": {
            "month": "2003-12",
            "price": "3.81",
            "revenue": 24718
        },
        "2004-01": {
            "month": "2004-01",
            "price": "4.94",
            "revenue": 12490
        },
        "2004-02": {
            "month": "2004-02",
            "price": "6.22",
            "revenue": 12410
        },
        "2004-03": {
            "month": "2004-03",
            "price": "6.46",
            "revenue": 35156
        },
        "2004-04": {
            "month": "2004-04",
            "price": "7.90",
            "revenue": 24609
        },
        "2004-05": {
            "month": "2004-05",
            "price": "7.04",
            "revenue": 15260
        },
        "2004-06": {
            "month": "2004-06",
            "price": "6.57",
            "revenue": 13135
        },
        "2004-07": {
            "month": "2004-07",
            "price": "5.95",
            "revenue": 17966
        },
        "2004-08": {
            "month": "2004-08",
            "price": "5.01",
            "revenue": 8244
        },
        "2004-09": {
            "month": "2004-09",
            "price": "4.37",
            "revenue": 16610
        },
        "2004-10": {
            "month": "2004-10",
            "price": "4.39",
            "revenue": 13053
        },
        "2004-11": {
            "month": "2004-11",
            "price": "2.99",
            "revenue": 14513
        },
        "2004-12": {
            "month": "2004-12",
            "price": "2.37",
            "revenue": 12747
        },
        "2005-01": {
            "month": "2005-01",
            "price": "2.28",
            "revenue": 15439
        },
        "2005-02": {
            "month": "2005-02",
            "price": "2.78",
            "revenue": 5686
        },
        "2005-03": {
            "month": "2005-03",
            "price": "3.26",
            "revenue": 15344
        },
        "2005-04": {
            "month": "2005-04",
            "price": "3.06",
            "revenue": 12292
        },
        "2005-05": {
            "month": "2005-05",
            "price": "2.07",
            "revenue": 10104
        },
        "2005-06": {
            "month": "2005-06",
            "price": "1.80",
            "revenue": 5592
        },
        "2005-07": {
            "month": "2005-07",
            "price": "2.00",
            "revenue": 7651
        },
        "2005-08": {
            "month": "2005-08",
            "price": "2.35",
            "revenue": 7124
        },
        "2005-09": {
            "month": "2005-09",
            "price": "2.69",
            "revenue": 26599
        },
        "2005-10": {
            "month": "2005-10",
            "price": "3.90",
            "revenue": 6775
        },
        "2005-11": {
            "month": "2005-11",
            "price": "5.31",
            "revenue": 12196
        },
        "2005-12": {
            "month": "2005-12",
            "price": "7.63",
            "revenue": 14880
        },
        "2006-01": {
            "month": "2006-01",
            "price": "7.09",
            "revenue": 16292
        },
        "2006-02": {
            "month": "2006-02",
            "price": "6.48",
            "revenue": 18785
        },
        "2006-03": {
            "month": "2006-03",
            "price": "11.38",
            "revenue": 21359
        },
        "2006-04": {
            "month": "2006-04",
            "price": "20.38",
            "revenue": 19794
        },
        "2006-05": {
            "month": "2006-05",
            "price": "15.65",
            "revenue": 15373
        },
        "2006-06": {
            "month": "2006-06",
            "price": "13.33",
            "revenue": 23202
        },
        "2006-07": {
            "month": "2006-07",
            "price": "14.24",
            "revenue": 11903
        },
        "2006-08": {
            "month": "2006-08",
            "price": "13.25",
            "revenue": 13426
        },
        "2006-09": {
            "month": "2006-09",
            "price": "11.63",
            "revenue": 24618
        },
        "2006-10": {
            "month": "2006-10",
            "price": "11.92",
            "revenue": 29636
        },
        "2006-11": {
            "month": "2006-11",
            "price": "14.53",
            "revenue": 32667
        },
        "2006-12": {
            "month": "2006-12",
            "price": "17.28",
            "revenue": 51430
        },
        "2007-01": {
            "month": "2007-01",
            "price": "20.92",
            "revenue": 51502
        },
        "2007-02": {
            "month": "2007-02",
            "price": "22.20",
            "revenue": 44640
        },
        "2007-03": {
            "month": "2007-03",
            "price": "40.98",
            "revenue": 51997
        },
        "2007-04": {
            "month": "2007-04",
            "price": "45.96",
            "revenue": 47983
        },
        "2007-05": {
            "month": "2007-05",
            "price": "45.51",
            "revenue": 39967
        },
        "2007-06": {
            "month": "2007-06",
            "price": "50.52",
            "revenue": 36573
        },
        "2007-07": {
            "month": "2007-07",
            "price": "56.19",
            "revenue": 24100
        },
        "2007-08": {
            "month": "2007-08",
            "price": "46.80",
            "revenue": 42302
        },
        "2007-09": {
            "month": "2007-09",
            "price": "47.38",
            "revenue": 47213
        },
        "2007-10": {
            "month": "2007-10",
            "price": "46.39",
            "revenue": 35850
        },
        "2007-11": {
            "month": "2007-11",
            "price": "35.90",
            "revenue": 28980
        },
        "2007-12": {
            "month": "2007-12",
            "price": "29.80",
            "revenue": 22518
        },
        "2008-01": {
            "month": "2008-01",
            "price": "25.96",
            "revenue": 25004
        },
        "2008-02": {
            "month": "2008-02",
            "price": "22.94",
            "revenue": 35605
        },
        "2008-03": {
            "month": "2008-03",
            "price": "25.73",
            "revenue": 28315
        },
        "2008-04": {
            "month": "2008-04",
            "price": "24.55",
            "revenue": 32742
        },
        "2008-05": {
            "month": "2008-05",
            "price": "20.33",
            "revenue": 30467
        },
        "2008-06": {
            "month": "2008-06",
            "price": "15.44",
            "revenue": 38193
        },
        "2008-07": {
            "month": "2008-07",
            "price": "11.99",
            "revenue": 26851
        },
        "2008-08": {
            "month": "2008-08",
            "price": "11.85",
            "revenue": 42558
        },
        "2008-09": {
            "month": "2008-09",
            "price": "10.58",
            "revenue": 35064
        },
        "2008-10": {
            "month": "2008-10",
            "price": "8.45",
            "revenue": 29438
        },
        "2008-11": {
            "month": "2008-11",
            "price": "8.05",
            "revenue": 38814
        },
        "2008-12": {
            "month": "2008-12",
            "price": "9.31",
            "revenue": 26622
        },
        "2009-01": {
            "month": "2009-01",
            "price": "9.41",
            "revenue": 36244
        },
        "2009-02": {
            "month": "2009-02",
            "price": "10.25",
            "revenue": 32751
        },
        "2009-03": {
            "month": "2009-03",
            "price": "12.32",
            "revenue": 31924
        },
        "2009-04": {
            "month": "2009-04",
            "price": "14.28",
            "revenue": 25081
        },
        "2009-05": {
            "month": "2009-05",
            "price": "14.66",
            "revenue": 24786
        },
        "2009-06": {
            "month": "2009-06",
            "price": "13.41",
            "revenue": 43397
        },
        "2009-07": {
            "month": "2009-07",
            "price": "14.27",
            "revenue": 27079
        },
        "2009-08": {
            "month": "2009-08",
            "price": "14.36",
            "revenue": 26135
        },
        "2009-09": {
            "month": "2009-09",
            "price": "12.91",
            "revenue": 23303
        },
        "2009-10": {
            "month": "2009-10",
            "price": "15.06",
            "revenue": 28856
        },
        "2009-11": {
            "month": "2009-11",
            "price": "14.41",
            "revenue": 21525
        },
        "2009-12": {
            "month": "2009-12",
            "price": "15.72",
            "revenue": 18642
        },
        "2010-01": {
            "month": "2010-01",
            "price": "16.60",
            "revenue": 15208
        },
        "2010-02": {
            "month": "2010-02",
            "price": "14.95",
            "revenue": 16036
        },
        "2010-03": {
            "month": "2010-03",
            "price": "15.87",
            "revenue": 16219
        },
        "2010-04": {
            "month": "2010-04",
            "price": "16.60",
            "revenue": 21571
        },
        "2010-05": {
            "month": "2010-05",
            "price": "15.14",
            "revenue": 24892
        },
        "2010-06": {
            "month": "2010-06",
            "price": "14.68",
            "revenue": 23678
        },
        "2010-07": {
            "month": "2010-07",
            "price": "15.29",
            "revenue": 20606
        },
        "2010-08": {
            "month": "2010-08",
            "price": "15.73",
            "revenue": 27538
        },
        "2010-09": {
            "month": "2010-09",
            "price": "14.92",
            "revenue": 28555
        },
        "2010-10": {
            "month": "2010-10",
            "price": "15.00",
            "revenue": 31921
        },
        "2010-11": {
            "month": "2010-11",
            "price": "14.06",
            "revenue": 38117
        },
        "2010-12": {
            "month": "2010-12",
            "price": "14.21",
            "revenue": 48159
        },
        "2011-01": {
            "month": "2011-01",
            "price": "14.49",
            "revenue": 28471
        },
        "2011-02": {
            "month": "2011-02",
            "price": "14.21",
            "revenue": 34548
        },
        "2011-03": {
            "month": "2011-03",
            "price": "14.05",
            "revenue": 32625
        },
        "2011-04": {
            "month": "2011-04",
            "price": "14.66",
            "revenue": 16172
        },
        "2011-05": {
            "month": "2011-05",
            "price": "14.24",
            "revenue": 30555
        },
        "2011-06": {
            "month": "2011-06",
            "price": "14.16",
            "revenue": 27980
        },
        "2011-07": {
            "month": "2011-07",
            "price": "14.72",
            "revenue": 23804
        },
        "2011-08": {
            "month": "2011-08",
            "price": "14.59",
            "revenue": 34749
        },
        "2011-09": {
            "month": "2011-09",
            "price": "14.72",
            "revenue": 34313
        },
        "2011-10": {
            "month": "2011-10",
            "price": "15.00",
            "revenue": 46979
        },
        "2011-11": {
            "month": "2011-11",
            "price": "17.36",
            "revenue": 38284
        },
        "2011-12": {
            "month": "2011-12",
            "price": "15.05",
            "revenue": 44069
        },
        "2012-01": {
            "month": "2012-01",
            "price": "14.42",
            "revenue": 23405
        },
        "2012-02": {
            "month": "2012-02",
            "price": "16.36",
            "revenue": 35095
        },
        "2012-03": {
            "month": "2012-03",
            "price": "18.41",
            "revenue": 23987
        },
        "2012-04": {
            "month": "2012-04",
            "price": "16.58",
            "revenue": 36822
        },
        "2012-05": {
            "month": "2012-05",
            "price": "16.75",
            "revenue": 32896
        },
        "2012-06": {
            "month": "2012-06",
            "price": "16.06",
            "revenue": 68352
        },
        "2012-07": {
            "month": "2012-07",
            "price": "18.38",
            "revenue": 55600
        },
        "2012-08": {
            "month": "2012-08",
            "price": "19.50",
            "revenue": 56619
        },
        "2012-09": {
            "month": "2012-09",
            "price": "19.45",
            "revenue": 56984
        },
        "2012-10": {
            "month": "2012-10",
            "price": "18.26",
            "revenue": 44539
        },
        "2012-11": {
            "month": "2012-11",
            "price": "14.45",
            "revenue": 35523
        },
        "2012-12": {
            "month": "2012-12",
            "price": "13.87",
            "revenue": 32668
        },
        "2013-01": {
            "month": "2013-01",
            "price": "14.24",
            "revenue": 14986
        },
        "2013-02": {
            "month": "2013-02",
            "price": "14.30",
            "revenue": 15108
        },
        "2013-03": {
            "month": "2013-03",
            "price": "14.06",
            "revenue": 13439
        },
        "2013-04": {
            "month": "2013-04",
            "price": "13.46",
            "revenue": 21680
        },
        "2013-05": {
            "month": "2013-05",
            "price": "13.03",
            "revenue": 18696
        },
        "2013-06": {
            "month": "2013-06",
            "price": "13.21",
            "revenue": 21571
        },
        "2013-07": {
            "month": "2013-07",
            "price": "12.85",
            "revenue": 16273
        },
        "2013-08": {
            "month": "2013-08",
            "price": "12.45",
            "revenue": 19898
        },
        "2013-09": {
            "month": "2013-09",
            "price": "11.26",
            "revenue": 16798
        },
        "2013-10": {
            "month": "2013-10",
            "price": "11.40",
            "revenue": 27142
        },
        "2013-11": {
            "month": "2013-11",
            "price": "10.61",
            "revenue": 20352
        },
        "2013-12": {
            "month": "2013-12",
            "price": "9.81",
            "revenue": 13483
        },
        "2014-01": {
            "month": "2014-01",
            "price": "10.83",
            "revenue": 16456
        },
        "2014-02": {
            "month": "2014-02",
            "price": "11.37",
            "revenue": 13072
        },
        "2014-03": {
            "month": "2014-03",
            "price": "11.79",
            "revenue": 17499
        },
        "2014-04": {
            "month": "2014-04",
            "price": "11.52",
            "revenue": 15534
        },
        "2014-05": {
            "month": "2014-05",
            "price": "11.47",
            "revenue": 21784
        },
        "2014-06": {
            "month": "2014-06",
            "price": "11.41",
            "revenue": 15106
        },
        "2014-07": {
            "month": "2014-07",
            "price": "11.54",
            "revenue": 10523
        },
        "2014-08": {
            "month": "2014-08",
            "price": "11.44",
            "revenue": 14352
        },
        "2014-09": {
            "month": "2014-09",
            "price": "10.28",
            "revenue": 25023
        },
        "2014-10": {
            "month": "2014-10",
            "price": "10.18",
            "revenue": 19664
        },
        "2014-11": {
            "month": "2014-11",
            "price": "9.90",
            "revenue": 17299
        },
        "2014-12": {
            "month": "2014-12",
            "price": "10.04",
            "revenue": 24452
        },
        "2015-01": {
            "month": "2015-01",
            "price": "10.87",
            "revenue": 26484
        },
        "2015-02": {
            "month": "2015-02",
            "price": "10.75",
            "revenue": 10571
        },
        "2015-03": {
            "month": "2015-03",
            "price": "10.84",
            "revenue": 15747
        },
        "2015-04": {
            "month": "2015-04",
            "price": "10.71",
            "revenue": 13697
        },
        "2015-05": {
            "month": "2015-05",
            "price": "9.43",
            "revenue": 14062
        },
        "2015-06": {
            "month": "2015-06",
            "price": "7.73",
            "revenue": 17874
        },
        "2015-07": {
            "month": "2015-07",
            "price": "7.59",
            "revenue": 8915
        },
        "2015-08": {
            "month": "2015-08",
            "price": "7.12",
            "revenue": 19572
        },
        "2015-09": {
            "month": "2015-09",
            "price": "7.00",
            "revenue": 18686
        },
        "2015-10": {
            "month": "2015-10",
            "price": "7.23",
            "revenue": 25131
        },
        "2015-11": {
            "month": "2015-11",
            "price": "6.76",
            "revenue": 13462
        },
        "2015-12": {
            "month": "2015-12",
            "price": "6.95",
            "revenue": 21893
        },
        "2016-01": {
            "month": "2016-01",
            "price": "7.65",
            "revenue": 12072
        },
        "2016-02": {
            "month": "2016-02",
            "price": "6.57",
            "revenue": 11503
        },
        "2016-03": {
            "month": "2016-03",
            "price": "6.56",
            "revenue": 11545
        },
        "2016-04": {
            "month": "2016-04",
            "price": "6.79",
            "revenue": 8250
        },
        "2016-05": {
            "month": "2016-05",
            "price": "7.10",
            "revenue": 7767
        },
        "2016-06": {
            "month": "2016-06",
            "price": "6.49",
            "revenue": 11592
        },
        "2016-07": {
            "month": "2016-07",
            "price": "5.28",
            "revenue": 14650
        },
        "2016-08": {
            "month": "2016-08",
            "price": "5.55",
            "revenue": 12228
        },
        "2016-09": {
            "month": "2016-09",
            "price": "5.19",
            "revenue": 10220
        },
        "2016-10": {
            "month": "2016-10",
            "price": "5.28",
            "revenue": 13964
        },
        "2016-11": {
            "month": "2016-11",
            "price": "5.08",
            "revenue": 18130
        },
        "2016-12": {
            "month": "2016-12",
            "price": "5.30",
            "revenue": 14398
        },
        "2017-01": {
            "month": "2017-01",
            "price": "4.98",
            "revenue": 10682
        },
        "2017-02": {
            "month": "2017-02",
            "price": "5.26",
            "revenue": 5179
        },
        "2017-03": {
            "month": "2017-03",
            "price": "5.36",
            "revenue": 9267
        },
        "2017-04": {
            "month": "2017-04",
            "price": "4.68",
            "revenue": 6805
        },
        "2017-05": {
            "month": "2017-05",
            "price": "4.98",
            "revenue": 5139
        },
        "2017-06": {
            "month": "2017-06",
            "price": "4.87",
            "revenue": 4899
        },
        "2017-07": {
            "month": "2017-07",
            "price": "4.52",
            "revenue": 5748
        },
        "2017-08": {
            "month": "2017-08",
            "price": "4.12",
            "revenue": 9388
        },
        "2017-09": {
            "month": "2017-09",
            "price": "4.45",
            "revenue": 8943
        },
        "2017-10": {
            "month": "2017-10",
            "price": "4.15",
            "revenue": 12091
        },
        "2017-11": {
            "month": "2017-11",
            "price": "5.44",
            "revenue": 12625
        },
        "2017-12": {
            "month": "2017-12",
            "price": "6.19",
            "revenue": 10833
        },
        "2018-01": {
            "month": "2018-01",
            "price": "6.37",
            "revenue": 7155
        },
        "2018-02": {
            "month": "2018-02",
            "price": "6.13",
            "revenue": 11598
        },
        "2018-03": {
            "month": "2018-03",
            "price": "6.75",
            "revenue": 6253
        },
        "2018-04": {
            "month": "2018-04",
            "price": "7.74",
            "revenue": 3328
        },
        "2018-05": {
            "month": "2018-05",
            "price": "10.12",
            "revenue": 4489
        },
        "2018-06": {
            "month": "2018-06",
            "price": "9.46",
            "revenue": 7489
        },
        "2018-07": {
            "month": "2018-07",
            "price": "9.84",
            "revenue": 5535
        },
        "2018-08": {
            "month": "2018-08",
            "price": "9.66",
            "revenue": 10215
        },
        "2018-09": {
            "month": "2018-09",
            "price": "9.28",
            "revenue": 9145
        },
        "2018-10": {
            "month": "2018-10",
            "price": "8.16",
            "revenue": 4157
        },
        "2018-11": {
            "month": "2018-11",
            "price": "7.38",
            "revenue": 6169
        },
        "2018-12": {
            "month": "2018-12",
            "price": "8.34",
            "revenue": 13391
        },
        "2019-01": {
            "month": "2019-01",
            "price": "8.34",
            "revenue": 5341
        },
        "2019-02": {
            "month": "2019-02",
            "price": "8.17",
            "revenue": 4628
        },
        "2019-03": {
            "month": "2019-03",
            "price": "9.04",
            "revenue": 6702
        },
        "2019-04": {
            "month": "2019-04",
            "price": "9.81",
            "revenue": 6541
        },
        "2019-05": {
            "month": "2019-05",
            "price": "9.93",
            "revenue": 10272
        },
        "2019-06": {
            "month": "2019-06",
            "price": "9.84",
            "revenue": 15153
        },
        "2019-07": {
            "month": "2019-07",
            "price": "9.86",
            "revenue": 11059
        },
        "2019-08": {
            "month": "2019-08",
            "price": "9.73",
            "revenue": 14170
        },
        "2019-09": {
            "month": "2019-09",
            "price": "9.61",
            "revenue": 9266
        },
        "2019-10": {
            "month": "2019-10",
            "price": "9.48",
            "revenue": 13953
        },
        "2019-11": {
            "month": "2019-11",
            "price": "9.09",
            "revenue": 10072
        },
        "2019-12": {
            "month": "2019-12",
            "price": "8.44",
            "revenue": 14647
        },
        "2020-01": {
            "month": "2020-01",
            "price": "8.44",
            "revenue": 7761
        },
        "2020-02": {
            "month": "2020-02",
            "price": "8.00",
            "revenue": 9756
        },
        "2020-03": {
            "month": "2020-03",
            "price": "7.05",
            "revenue": 5554
        },
        "2020-04": {
            "month": "2020-04",
            "price": "6.64",
            "revenue": 3784
        },
        "2020-05": {
            "month": "2020-05",
            "price": "6.39",
            "revenue": 5099
        },
        "2020-06": {
            "month": "2020-06",
            "price": "6.68",
            "revenue": 3994
        },
        "2020-07": {
            "month": "2020-07",
            "price": "7.29",
            "revenue": 8762
        },
        "2020-08": {
            "month": "2020-08",
            "price": "7.17",
            "revenue": 11775
        },
        "2020-09": {
            "month": "2020-09",
            "price": "7.16",
            "revenue": 8032
        },
        "2020-10": {
            "month": "2020-10",
            "price": "7.52",
            "revenue": 10282
        },
        "2020-11": {
            "month": "2020-11",
            "price": "7.31",
            "revenue": 13625
        },
        "2020-12": {
            "month": "2020-12",
            "price": "7.43",
            "revenue": 8810
        },
        "2021-01": {
            "month": "2021-01",
            "price": "8.04",
            "revenue": 6853
        },
        "2021-02": {
            "month": "2021-02",
            "price": "8.43",
            "revenue": 6464
        },
        "2021-03": {
            "month": "2021-03",
            "price": "9.39",
            "revenue": 8461
        },
        "2021-04": {
            "month": "2021-04",
            "price": "8.19",
            "revenue": 10792
        },
        "2021-05": {
            "month": "2021-05",
            "price": "7.78",
            "revenue": 9117
        },
        "2021-06": {
            "month": "2021-06",
            "price": "7.45",
            "revenue": 8066
        },
        "2021-07": {
            "month": "2021-07",
            "price": "7.84",
            "revenue": 10568
        },
        "2021-08": {
            "month": "2021-08",
            "price": "7.75",
            "revenue": 8023
        },
        "2021-09": {
            "month": "2021-09",
            "price": "7.96",
            "revenue": 11120
        },
        "2021-10": {
            "month": "2021-10",
            "price": "7.87",
            "revenue": 9992
        },
        "2021-11": {
            "month": "2021-11",
            "price": "8.12",
            "revenue": 10326
        },
        "2021-12": {
            "month": "2021-12",
            "price": "8.80",
            "revenue": 11501
        },
        "2022-01": {
            "month": "2022-01",
            "price": "8.46",
            "revenue": 8653
        },
        "2022-02": {
            "month": "2022-02",
            "price": "8.10",
            "revenue": 8750
        },
        "2022-03": {
            "month": "2022-03",
            "price": "7.70",
            "revenue": 11826
        },
        "2022-04": {
            "month": "2022-04",
            "price": "8.49",
            "revenue": 11760
        },
        "2022-05": {
            "month": "2022-05",
            "price": "9.06",
            "revenue": 18274
        },
        "2022-06": {
            "month": "2022-06",
            "price": "9.49",
            "revenue": 10961
        },
        "2022-07": {
            "month": "2022-07",
            "price": "10.12",
            "revenue": 5331
        },
        "2022-08": {
            "month": "2022-08",
            "price": "11.05",
            "revenue": 13750
        },
        "2022-09": {
            "month": "2022-09",
            "price": "10.87",
            "revenue": 4961
        },
        "2022-10": {
            "month": "2022-10",
            "price": "10.55",
            "revenue": 12369
        },
        "2022-11": {
            "month": "2022-11",
            "price": "9.81",
            "revenue": 7274
        },
        "2022-12": {
            "month": "2022-12",
            "price": "9.03",
            "revenue": 13114
        },
        "2023-01": {
            "month": "2023-01",
            "price": "8.89",
            "revenue": 10839
        },
        "2023-02": {
            "month": "2023-02",
            "price": "9.28",
            "revenue": 7409
        },
        "2023-03": {
            "month": "2023-03",
            "price": "9.59",
            "revenue": 11890
        },
        "2023-04": {
            "month": "2023-04",
            "price": "9.58",
            "revenue": 12118
        },
        "2023-05": {
            "month": "2023-05",
            "price": "10.11",
            "revenue": 6397
        }
    }
}
