{
    "summary": {
        "stock_name": "先豐",
        "stock_id": "5349",
        "category": "電子零組件",
        "main_business": "多層印刷電路板之設計加工製造及買賣<br>單、雙面印刷電路板之設計加工製造及買賣<br>電子組件之設計加工製造及買賣",
        "website_url": "http://www.boardtek.com.tw",
        "ceo": "鄭文鋒",
        "pe_ratio": -6,
        "report_year_from": 2001,
        "report_year_to": 2020,
        "age": 22,
        "eps_negative_percentage": 30,
        "eps_growth_avg": {
            "last_all": 4.19,
            "last_2y": 0,
            "last_4y": -34.61,
            "last_8y": -12.13,
            "last_12y": 14.42,
            "last_16y": 12.2,
            "last_20y": null,
            "at_2006_last_3y": 0,
            "at_2007_last_3y": 0,
            "at_2008_last_3y": 0,
            "at_2009_last_3y": -8.93,
            "at_2010_last_3y": 91.07,
            "at_2011_last_3y": 85.21,
            "at_2012_last_3y": 61.83,
            "at_2013_last_3y": 54.15,
            "at_2014_last_3y": 33.48,
            "at_2015_last_3y": 10.35,
            "at_2016_last_3y": -0.66,
            "at_2017_last_3y": -35.04,
            "at_2018_last_3y": -14.37,
            "at_2019_last_3y": -34.61,
            "at_2020_last_3y": -28.7,
            "at_2021_last_3y": -28.7,
            "at_2022_last_3y": -28.7,
            "at_2023_last_3y": -28.7,
            "at_2006_last_all": -33.33,
            "at_2007_last_all": -33.33,
            "at_2008_last_all": -33.33,
            "at_2009_last_all": -4.46,
            "at_2010_last_all": 16.43,
            "at_2011_last_all": 25.94,
            "at_2012_last_all": 21.05,
            "at_2013_last_all": 24.84,
            "at_2014_last_all": 24.01,
            "at_2015_last_all": 19.7,
            "at_2016_last_all": 13.15,
            "at_2017_last_all": 4.88,
            "at_2018_last_all": 12.2,
            "at_2019_last_all": 4.19,
            "at_2020_last_all": 4.19,
            "at_2021_last_all": 4.19,
            "at_2022_last_all": 4.19,
            "at_2023_last_all": 4.19
        },
        "latest_eps": -4.19,
        "latest_price": 25.4,
        "latest_roe": -29.67,
        "latest_gross_margin": -12.52,
        "latest_equity": 2485652,
        "latest_revenue": 1365351,
        "latest_gross_profit": -170970,
        "latest_net_income": -389949,
        "latest_debt_ratio": 68.31,
        "latest_current_ratio": 78.76,
        "latest_account_receivable_turnover_ratio": 0.55,
        "latest_inventory_turnover_ratio": 1.44,
        "latest_reinvestment_rate": null,
        "latest_research_to_sale_ratio": 2.34
    },
    "eps_dividends": {
        "1997": {
            "cash": 0,
            "stock": 3.4,
            "eps": 0
        },
        "1998": {
            "cash": 0,
            "stock": 4,
            "eps": 0
        },
        "1999": {
            "cash": 0,
            "stock": 1.3,
            "eps": 0
        },
        "2001": {
            "cash": 0,
            "stock": 2,
            "eps": 1.03
        },
        "2002": {
            "cash": 0.2,
            "stock": 0.8,
            "eps": -1.71
        },
        "2003": {
            "cash": 0,
            "stock": 0,
            "eps": -0.93
        },
        "2004": {
            "cash": 0,
            "stock": 0,
            "eps": 0.39
        },
        "2005": {
            "cash": 0,
            "stock": 0,
            "eps": 1.02
        },
        "2006": {
            "cash": 0,
            "stock": 0,
            "eps": -0.7
        },
        "2007": {
            "cash": 0,
            "stock": 0,
            "eps": -1
        },
        "2008": {
            "cash": 0,
            "stock": 0,
            "eps": 0.28
        },
        "2009": {
            "cash": 0,
            "stock": 0,
            "eps": 0.51
        },
        "2010": {
            "cash": 0.43,
            "stock": 0,
            "eps": 1.32
        },
        "2011": {
            "cash": 0.8,
            "stock": 0.26,
            "eps": 2.29
        },
        "2012": {
            "cash": 1,
            "stock": 0.85,
            "eps": 2.1
        },
        "2013": {
            "cash": 1.93,
            "stock": 0,
            "eps": 3.18
        },
        "2014": {
            "cash": 2.7,
            "stock": 0,
            "eps": 3.73
        },
        "2015": {
            "cash": 3.14,
            "stock": 0,
            "eps": 3.02
        },
        "2016": {
            "cash": 2.57,
            "stock": 0,
            "eps": 1.44
        },
        "2017": {
            "cash": 1.24,
            "stock": 0,
            "eps": 0.2
        },
        "2018": {
            "cash": 0,
            "stock": 0,
            "eps": 0.77
        },
        "2019": {
            "cash": 0,
            "stock": 0,
            "eps": -1.83
        },
        "2020": {
            "cash": 0,
            "stock": 0,
            "eps": -2.52
        }
    },
    "dividends": {
        "1997-05-23": {
            "cash": 0,
            "stock": 3.4
        },
        "1998-03-24": {
            "cash": 0,
            "stock": 4
        },
        "1999-05-19": {
            "cash": 0,
            "stock": 1.3
        },
        "2001-05-10": {
            "cash": 0,
            "stock": 2
        },
        "2002-05-24": {
            "cash": 0.2,
            "stock": 0.8
        },
        "2010-03-30": {
            "cash": 0.43,
            "stock": 0
        },
        "2011-04-28": {
            "cash": 0.8,
            "stock": 0.26
        },
        "2012-06-26": {
            "cash": 1,
            "stock": 0.85
        },
        "2013-06-26": {
            "cash": 1.93,
            "stock": 0
        },
        "2014-08-14": {
            "cash": 2.7,
            "stock": 0
        },
        "2015-08-11": {
            "cash": 3.14,
            "stock": 0
        },
        "2016-08-09": {
            "cash": 2.57,
            "stock": 0
        },
        "2017-08-10": {
            "cash": 1.24,
            "stock": 0
        }
    },
    "prices": {
        "200101": "25.21",
        "200102": "27.89",
        "200103": "25.59",
        "200104": "24.74",
        "200105": "21.11",
        "200106": "18.16",
        "200107": "12.31",
        "200108": "10.67",
        "200109": "8.46",
        "200110": "9.19",
        "200111": "12.18",
        "200112": "19.91",
        "200201": "29.79",
        "200202": "29.09",
        "200203": "23.91",
        "200204": "24.30",
        "200205": "17.93",
        "200206": "16.12",
        "200207": "13.11",
        "200208": "13.38",
        "200209": "11.92",
        "200210": "10.25",
        "200211": "9.93",
        "200212": "8.96",
        "200301": "9.95",
        "200302": "9.73",
        "200303": "8.75",
        "200304": "8.40",
        "200305": "7.69",
        "200306": "8.96",
        "200307": "10.84",
        "200308": "9.18",
        "200309": "8.28",
        "200310": "8.56",
        "200311": "10.34",
        "200312": "12.37",
        "200401": "14.35",
        "200402": "16.33",
        "200403": "14.38",
        "200404": "15.50",
        "200405": "12.89",
        "200406": "12.46",
        "200407": "10.83",
        "200408": "10.18",
        "200409": "9.54",
        "200410": "9.20",
        "200411": "8.87",
        "200412": "8.22",
        "200501": "7.29",
        "200502": "8.50",
        "200503": "10.93",
        "200504": "12.01",
        "200505": "11.68",
        "200506": "13.03",
        "200507": "12.96",
        "200508": "10.88",
        "200509": "9.25",
        "200510": "9.51",
        "200511": "9.92",
        "200512": "13.36",
        "200601": "13.57",
        "200602": "11.88",
        "200603": "10.96",
        "200604": "12.33",
        "200605": "11.31",
        "200606": "9.93",
        "200607": "9.79",
        "200608": "9.83",
        "200609": "9.77",
        "200610": "10.69",
        "200611": "11.42",
        "200612": "11.34",
        "200701": "10.97",
        "200702": "10.48",
        "200703": "10.11",
        "200704": "10.54",
        "200705": "9.62",
        "200706": "10.39",
        "200707": "12.53",
        "200708": "11.53",
        "200709": "10.74",
        "200710": "10.01",
        "200711": "8.73",
        "200712": "9.00",
        "200801": "8.06",
        "200802": "7.62",
        "200803": "8.63",
        "200804": "9.59",
        "200805": "9.71",
        "200806": "8.22",
        "200807": "6.47",
        "200808": "6.58",
        "200809": "5.97",
        "200810": "4.67",
        "200811": "3.35",
        "200812": "3.16",
        "200901": "3.07",
        "200902": "3.31",
        "200903": "4.49",
        "200904": "5.35",
        "200905": "7.07",
        "200906": "6.99",
        "200907": "7.18",
        "200908": "7.79",
        "200909": "10.85",
        "200910": "13.65",
        "200911": "13.19",
        "200912": "17.92",
        "201001": "18.23",
        "201002": "16.33",
        "201003": "18.32",
        "201004": "19.06",
        "201005": "16.81",
        "201006": "15.57",
        "201007": "15.78",
        "201008": "16.78",
        "201009": "15.93",
        "201010": "15.97",
        "201011": "15.00",
        "201012": "16.93",
        "201101": "17.50",
        "201102": "15.79",
        "201103": "15.20",
        "201104": "16.01",
        "201105": "22.38",
        "201106": "27.78",
        "201107": "28.28",
        "201108": "21.34",
        "201109": "18.88",
        "201110": "17.33",
        "201111": "17.88",
        "201112": "16.14",
        "201201": "17.34",
        "201202": "21.24",
        "201203": "23.87",
        "201204": "21.26",
        "201205": "20.85",
        "201206": "18.73",
        "201207": "18.90",
        "201208": "19.32",
        "201209": "18.71",
        "201210": "17.12",
        "201211": "17.20",
        "201212": "20.97",
        "201301": "22.14",
        "201302": "22.53",
        "201303": "21.51",
        "201304": "22.78",
        "201305": "27.33",
        "201306": "28.89",
        "201307": "33.45",
        "201308": "36.28",
        "201309": "38.14",
        "201310": "34.63",
        "201311": "33.30",
        "201312": "34.99",
        "201401": "36.69",
        "201402": "35.38",
        "201403": "35.77",
        "201404": "35.73",
        "201405": "33.31",
        "201406": "33.89",
        "201407": "33.57",
        "201408": "30.74",
        "201409": "32.02",
        "201410": "34.72",
        "201411": "37.88",
        "201412": "41.05",
        "201501": "42.64",
        "201502": "47.79",
        "201503": "53.06",
        "201504": "57.86",
        "201505": "48.44",
        "201506": "43.68",
        "201507": "35.76",
        "201508": "28.72",
        "201509": "31.43",
        "201510": "36.77",
        "201511": "37.29",
        "201512": "31.65",
        "201601": "27.97",
        "201602": "29.32",
        "201603": "33.64",
        "201604": "45.28",
        "201605": "42.94",
        "201606": "45.71",
        "201607": "45.13",
        "201608": "38.37",
        "201609": "36.09",
        "201610": "32.55",
        "201611": "29.95",
        "201612": "31.62",
        "201701": "30.42",
        "201702": "32.15",
        "201703": "31.28",
        "201704": "28.84",
        "201705": "27.18",
        "201706": "29.45",
        "201707": "28.55",
        "201708": "24.42",
        "201709": "24.01",
        "201710": "25.38",
        "201711": "27.97",
        "201712": "35.62",
        "201801": "35.62",
        "201802": "32.16",
        "201803": "29.81",
        "201804": "28.25",
        "201805": "26.82",
        "201806": "30.07",
        "201807": "28.95",
        "201808": "30.75",
        "201809": "29.78",
        "201810": "26.49",
        "201811": "30.40",
        "201812": "30.75",
        "201901": "33.00",
        "201902": "33.47",
        "201903": "33.04",
        "201904": "36.58",
        "201905": "29.56",
        "201906": "28.28",
        "201907": "30.36",
        "201908": "29.25",
        "201909": "29.12",
        "201910": "27.63",
        "201911": "25.93",
        "201912": "25.15",
        "202001": "24.25",
        "202002": "23.11",
        "202003": "19.00",
        "202004": "18.29",
        "202005": "21.31",
        "202006": "24.25",
        "202007": "25.41",
        "202008": "25.81",
        "202009": "24.92",
        "202010": "25.93",
        "202011": "無",
        "202012": "無",
        "202101": "無",
        "202102": "無",
        "202103": "無",
        "202104": "無",
        "202105": "無",
        "202106": "無",
        "202107": "無",
        "202108": "無",
        "202109": "無",
        "202110": "無",
        "202111": "無",
        "202112": "無",
        "202201": "無",
        "202202": "無",
        "202203": "無",
        "202204": "無",
        "202205": "無",
        "202206": "無",
        "202207": "無",
        "202208": "無",
        "202209": "無",
        "202210": "無",
        "202211": "無",
        "202212": "無",
        "202301": "無",
        "202302": "無",
        "202303": "無",
        "202304": "無",
        "202305": "無"
    },
    "quarters": {
        "20011": {
            "year_quarter": 20011,
            "year": 2001,
            "quarter": 1,
            "eps": 0.35,
            "eps_growth_year": -35.19,
            "eps_4q": 1.44,
            "eps_4q_growth_year": 22.81,
            "roe": 1.86,
            "roe_4q": 1.86,
            "gross_profit": 88617,
            "gross_margin": 16.4,
            "gross_margin_4q_avg": 16.4,
            "net_income": 55842,
            "revenue": 540185,
            "common_shares": 1593878,
            "book_valuer_per_share": 18.99,
            "book_valuer_per_share_4q_avg": 18.99,
            "equity": 3026690,
            "current_ratio": 142.46,
            "debt_ratio": 28.04,
            "inventory_turnover_ratio": 1.25,
            "account_receivable_turnover_ratio": null,
            "reinvestment_rate": null,
            "research_to_sale_ratio": null,
            "price_fair": 0,
            "eps_avg_yearly": 0,
            "eps_latest_yearly": 0,
            "eps_growth_yearly": 0
        },
        "20012": {
            "year_quarter": 20012,
            "year": 2001,
            "quarter": 2,
            "eps": 0.44,
            "eps_growth_year": 12.82,
            "eps_4q": 1.6,
            "eps_4q_growth_year": 5.99,
            "roe": 2.33,
            "roe_4q": 4.19,
            "gross_profit": 72468,
            "gross_margin": 14.42,
            "gross_margin_4q_avg": 15.41,
            "net_income": 70727,
            "revenue": 502521,
            "common_shares": 1593878,
            "book_valuer_per_share": 19.14,
            "book_valuer_per_share_4q_avg": 19.07,
            "equity": 3050116,
            "current_ratio": 152.11,
            "debt_ratio": 27.25,
            "inventory_turnover_ratio": 1.22,
            "account_receivable_turnover_ratio": null,
            "reinvestment_rate": null,
            "research_to_sale_ratio": null,
            "price_fair": 0,
            "eps_avg_yearly": 0,
            "eps_latest_yearly": 0,
            "eps_growth_yearly": 0
        },
        "20013": {
            "year_quarter": 20013,
            "year": 2001,
            "quarter": 3,
            "eps": 0.05,
            "eps_growth_year": -85.29,
            "eps_4q": 1.1,
            "eps_4q_growth_year": -26.9,
            "roe": 0.34,
            "roe_4q": 4.53,
            "gross_profit": 46586,
            "gross_margin": 13.27,
            "gross_margin_4q_avg": 14.7,
            "net_income": 10208,
            "revenue": 351094,
            "common_shares": 1917610,
            "book_valuer_per_share": 15.63,
            "book_valuer_per_share_4q_avg": 17.92,
            "equity": 2996705,
            "current_ratio": 146.33,
            "debt_ratio": 24.89,
            "inventory_turnover_ratio": 0.88,
            "account_receivable_turnover_ratio": null,
            "reinvestment_rate": null,
            "research_to_sale_ratio": null,
            "price_fair": 0,
            "eps_avg_yearly": 0,
            "eps_latest_yearly": 0,
            "eps_growth_yearly": 0
        },
        "20014": {
            "year_quarter": 20014,
            "year": 2001,
            "quarter": 4,
            "eps": 0.19,
            "eps_growth_year": -69.84,
            "eps_4q": 0.92,
            "eps_4q_growth_year": -45.38,
            "roe": 1.19,
            "roe_4q": 5.720000000000001,
            "gross_profit": 98255,
            "gross_margin": 18.14,
            "gross_margin_4q_avg": 15.56,
            "net_income": 35692,
            "revenue": 541637,
            "common_shares": 1917610,
            "book_valuer_per_share": 15.62,
            "book_valuer_per_share_4q_avg": 17.35,
            "equity": 2994403,
            "current_ratio": 108.49,
            "debt_ratio": 29.31,
            "inventory_turnover_ratio": 1.32,
            "account_receivable_turnover_ratio": null,
            "reinvestment_rate": null,
            "research_to_sale_ratio": null,
            "price_fair": 0,
            "eps_avg_yearly": 0,
            "eps_latest_yearly": 0,
            "eps_growth_yearly": 0
        },
        "20021": {
            "year_quarter": 20021,
            "year": 2002,
            "quarter": 1,
            "eps": 0.09,
            "eps_growth_year": -74.29,
            "eps_4q": 0.8,
            "eps_4q_growth_year": -44.38,
            "roe": 0.51,
            "roe_4q": 4.37,
            "gross_profit": 89038,
            "gross_margin": 18.9,
            "gross_margin_4q_avg": 16.18,
            "net_income": 14776,
            "revenue": 471108,
            "common_shares": 1797601,
            "book_valuer_per_share": 15.79,
            "book_valuer_per_share_4q_avg": 16.55,
            "equity": 2838987,
            "current_ratio": 201.4,
            "debt_ratio": 29.86,
            "inventory_turnover_ratio": 1.08,
            "account_receivable_turnover_ratio": null,
            "reinvestment_rate": null,
            "research_to_sale_ratio": null,
            "price_fair": 1.08,
            "eps_avg_yearly": 0.36,
            "eps_latest_yearly": 0.36,
            "eps_growth_yearly": -210.53
        },
        "20022": {
            "year_quarter": 20022,
            "year": 2002,
            "quarter": 2,
            "eps": -0.44,
            "eps_growth_year": -200,
            "eps_4q": -0.11,
            "eps_4q_growth_year": -106.96,
            "roe": -2.9,
            "roe_4q": -0.8599999999999997,
            "gross_profit": 17456,
            "gross_margin": 5.68,
            "gross_margin_4q_avg": 14,
            "net_income": -80727,
            "revenue": 307469,
            "common_shares": 1797601,
            "book_valuer_per_share": 15.18,
            "book_valuer_per_share_4q_avg": 15.56,
            "equity": 2728184,
            "current_ratio": 181.96,
            "debt_ratio": 34.55,
            "inventory_turnover_ratio": 0.92,
            "account_receivable_turnover_ratio": null,
            "reinvestment_rate": null,
            "research_to_sale_ratio": null,
            "price_fair": 1.08,
            "eps_avg_yearly": 0.36,
            "eps_latest_yearly": 0.36,
            "eps_growth_yearly": -210.53
        },
        "20023": {
            "year_quarter": 20023,
            "year": 2002,
            "quarter": 3,
            "eps": 0.09,
            "eps_growth_year": 80,
            "eps_4q": -0.07,
            "eps_4q_growth_year": -106.68,
            "roe": 0.61,
            "roe_4q": -0.5900000000000001,
            "gross_profit": 41305,
            "gross_margin": 12.09,
            "gross_margin_4q_avg": 13.7,
            "net_income": 16675,
            "revenue": 341772,
            "common_shares": 1946145,
            "book_valuer_per_share": 14.1,
            "book_valuer_per_share_4q_avg": 15.17,
            "equity": 2744729,
            "current_ratio": 149.63,
            "debt_ratio": 35.69,
            "inventory_turnover_ratio": 1.15,
            "account_receivable_turnover_ratio": null,
            "reinvestment_rate": null,
            "research_to_sale_ratio": null,
            "price_fair": 1.08,
            "eps_avg_yearly": 0.36,
            "eps_latest_yearly": 0.36,
            "eps_growth_yearly": -210.53
        },
        "20024": {
            "year_quarter": 20024,
            "year": 2002,
            "quarter": 4,
            "eps": -1.45,
            "eps_growth_year": -863.16,
            "eps_4q": -1.71,
            "eps_4q_growth_year": -286.25,
            "roe": -10.31,
            "roe_4q": -12.090000000000002,
            "gross_profit": 20741,
            "gross_margin": 5.85,
            "gross_margin_4q_avg": 10.63,
            "net_income": -268680,
            "revenue": 354418,
            "common_shares": 1946145,
            "book_valuer_per_share": 12.68,
            "book_valuer_per_share_4q_avg": 14.44,
            "equity": 2468191,
            "current_ratio": 96.68,
            "debt_ratio": 42.01,
            "inventory_turnover_ratio": 1.23,
            "account_receivable_turnover_ratio": null,
            "reinvestment_rate": 506.76,
            "research_to_sale_ratio": null,
            "price_fair": 1.08,
            "eps_avg_yearly": 0.36,
            "eps_latest_yearly": 0.36,
            "eps_growth_yearly": -210.53
        },
        "20031": {
            "year_quarter": 20031,
            "year": 2003,
            "quarter": 1,
            "eps": -0.02,
            "eps_growth_year": -122.22,
            "eps_4q": -1.73,
            "eps_4q_growth_year": -316.62,
            "roe": -0.16,
            "roe_4q": -12.760000000000002,
            "gross_profit": 32685,
            "gross_margin": 11.82,
            "gross_margin_4q_avg": 8.86,
            "net_income": -3883,
            "revenue": 276567,
            "common_shares": 1946145,
            "book_valuer_per_share": 12.62,
            "book_valuer_per_share_4q_avg": 13.65,
            "equity": 2456682,
            "current_ratio": 82.7,
            "debt_ratio": 43.82,
            "inventory_turnover_ratio": 0.88,
            "account_receivable_turnover_ratio": null,
            "reinvestment_rate": 750.35,
            "research_to_sale_ratio": null,
            "price_fair": 1.08,
            "eps_avg_yearly": 0.36,
            "eps_latest_yearly": 0.36,
            "eps_growth_yearly": -210.53
        },
        "20032": {
            "year_quarter": 20032,
            "year": 2003,
            "quarter": 2,
            "eps": -0.19,
            "eps_growth_year": null,
            "eps_4q": -1.5,
            "eps_4q_growth_year": null,
            "roe": -1.45,
            "roe_4q": -11.31,
            "gross_profit": 10406,
            "gross_margin": 3.04,
            "gross_margin_4q_avg": 8.2,
            "net_income": -35627,
            "revenue": 342580,
            "common_shares": 1946145,
            "book_valuer_per_share": 12.58,
            "book_valuer_per_share_4q_avg": 13,
            "equity": 2447450,
            "current_ratio": 63.55,
            "debt_ratio": 42.14,
            "inventory_turnover_ratio": 1.23,
            "account_receivable_turnover_ratio": null,
            "reinvestment_rate": 1125.28,
            "research_to_sale_ratio": null,
            "price_fair": 1.08,
            "eps_avg_yearly": 0.36,
            "eps_latest_yearly": 0.36,
            "eps_growth_yearly": -210.53
        },
        "20033": {
            "year_quarter": 20033,
            "year": 2003,
            "quarter": 3,
            "eps": -0.65,
            "eps_growth_year": -822.22,
            "eps_4q": -2.21,
            "eps_4q_growth_year": null,
            "roe": -5.08,
            "roe_4q": -17,
            "gross_profit": -29185,
            "gross_margin": -8.76,
            "gross_margin_4q_avg": 2.99,
            "net_income": -121080,
            "revenue": 333206,
            "common_shares": 1946145,
            "book_valuer_per_share": 11.93,
            "book_valuer_per_share_4q_avg": 12.45,
            "equity": 2321985,
            "current_ratio": 79.2,
            "debt_ratio": 42.76,
            "inventory_turnover_ratio": 1.42,
            "account_receivable_turnover_ratio": null,
            "reinvestment_rate": null,
            "research_to_sale_ratio": null,
            "price_fair": 1.08,
            "eps_avg_yearly": 0.36,
            "eps_latest_yearly": 0.36,
            "eps_growth_yearly": -210.53
        },
        "20034": {
            "year_quarter": 20034,
            "year": 2003,
            "quarter": 4,
            "eps": -0.07,
            "eps_growth_year": null,
            "eps_4q": -0.94,
            "eps_4q_growth_year": null,
            "roe": -0.59,
            "roe_4q": -7.28,
            "gross_profit": 74104,
            "gross_margin": 13.46,
            "gross_margin_4q_avg": 4.89,
            "net_income": -13575,
            "revenue": 550413,
            "common_shares": 1946145,
            "book_valuer_per_share": 11.87,
            "book_valuer_per_share_4q_avg": 12.25,
            "equity": 2310257,
            "current_ratio": 76.69,
            "debt_ratio": 49.26,
            "inventory_turnover_ratio": 1.74,
            "account_receivable_turnover_ratio": null,
            "reinvestment_rate": null,
            "research_to_sale_ratio": null,
            "price_fair": 1.08,
            "eps_avg_yearly": 0.36,
            "eps_latest_yearly": 0.36,
            "eps_growth_yearly": -210.53
        },
        "20041": {
            "year_quarter": 20041,
            "year": 2004,
            "quarter": 1,
            "eps": 0.29,
            "eps_growth_year": null,
            "eps_4q": -0.61,
            "eps_4q_growth_year": null,
            "roe": 2.34,
            "roe_4q": -4.78,
            "gross_profit": 81747,
            "gross_margin": 15.38,
            "gross_margin_4q_avg": 5.78,
            "net_income": 54631,
            "revenue": 531361,
            "common_shares": 1946145,
            "book_valuer_per_share": 12.11,
            "book_valuer_per_share_4q_avg": 12.12,
            "equity": 2356770,
            "current_ratio": 95.71,
            "debt_ratio": 50.52,
            "inventory_turnover_ratio": 1.49,
            "account_receivable_turnover_ratio": null,
            "reinvestment_rate": null,
            "research_to_sale_ratio": null,
            "price_fair": 1.08,
            "eps_avg_yearly": 0.36,
            "eps_latest_yearly": 0.36,
            "eps_growth_yearly": -210.53
        },
        "20042": {
            "year_quarter": 20042,
            "year": 2004,
            "quarter": 2,
            "eps": -0.07,
            "eps_growth_year": null,
            "eps_4q": -0.46,
            "eps_4q_growth_year": null,
            "roe": -0.56,
            "roe_4q": -3.89,
            "gross_profit": 43420,
            "gross_margin": 8.21,
            "gross_margin_4q_avg": 7.07,
            "net_income": -13413,
            "revenue": 528679,
            "common_shares": 2030140,
            "book_valuer_per_share": 12.08,
            "book_valuer_per_share_4q_avg": 12,
            "equity": 2451442,
            "current_ratio": 106.65,
            "debt_ratio": 49.23,
            "inventory_turnover_ratio": 1.46,
            "account_receivable_turnover_ratio": null,
            "reinvestment_rate": null,
            "research_to_sale_ratio": null,
            "price_fair": 1.08,
            "eps_avg_yearly": 0.36,
            "eps_latest_yearly": 0.36,
            "eps_growth_yearly": -210.53
        },
        "20043": {
            "year_quarter": 20043,
            "year": 2004,
            "quarter": 3,
            "eps": 0.22,
            "eps_growth_year": null,
            "eps_4q": 0.37,
            "eps_4q_growth_year": null,
            "roe": 1.68,
            "roe_4q": 2.87,
            "gross_profit": 82880,
            "gross_margin": 13.77,
            "gross_margin_4q_avg": 12.71,
            "net_income": 41503,
            "revenue": 602084,
            "common_shares": 2030140,
            "book_valuer_per_share": 12.29,
            "book_valuer_per_share_4q_avg": 12.09,
            "equity": 2494860,
            "current_ratio": 99.86,
            "debt_ratio": 47.17,
            "inventory_turnover_ratio": 1.34,
            "account_receivable_turnover_ratio": null,
            "reinvestment_rate": null,
            "research_to_sale_ratio": null,
            "price_fair": 1.08,
            "eps_avg_yearly": 0.36,
            "eps_latest_yearly": 0.36,
            "eps_growth_yearly": -210.53
        },
        "20044": {
            "year_quarter": 20044,
            "year": 2004,
            "quarter": 4,
            "eps": -0.05,
            "eps_growth_year": null,
            "eps_4q": 0.38,
            "eps_4q_growth_year": null,
            "roe": -0.42,
            "roe_4q": 3.04,
            "gross_profit": 41589,
            "gross_margin": 7.14,
            "gross_margin_4q_avg": 11.13,
            "net_income": -10433,
            "revenue": 582561,
            "common_shares": 2030140,
            "book_valuer_per_share": 12.14,
            "book_valuer_per_share_4q_avg": 12.16,
            "equity": 2465596,
            "current_ratio": 106.29,
            "debt_ratio": 45.29,
            "inventory_turnover_ratio": 1.44,
            "account_receivable_turnover_ratio": null,
            "reinvestment_rate": null,
            "research_to_sale_ratio": null,
            "price_fair": 1.08,
            "eps_avg_yearly": 0.36,
            "eps_latest_yearly": 0.36,
            "eps_growth_yearly": -210.53
        },
        "20051": {
            "year_quarter": 20051,
            "year": 2005,
            "quarter": 1,
            "eps": 0.63,
            "eps_growth_year": 117.24,
            "eps_4q": 0.72,
            "eps_4q_growth_year": null,
            "roe": 4.82,
            "roe_4q": 5.52,
            "gross_profit": 110195,
            "gross_margin": 17.76,
            "gross_margin_4q_avg": 11.72,
            "net_income": 122088,
            "revenue": 620302,
            "common_shares": 2030140,
            "book_valuer_per_share": 12.81,
            "book_valuer_per_share_4q_avg": 12.33,
            "equity": 2600084,
            "current_ratio": 118.08,
            "debt_ratio": 42.34,
            "inventory_turnover_ratio": 1.44,
            "account_receivable_turnover_ratio": null,
            "reinvestment_rate": null,
            "research_to_sale_ratio": null,
            "price_fair": 1.08,
            "eps_avg_yearly": 0.36,
            "eps_latest_yearly": 0.36,
            "eps_growth_yearly": -210.53
        },
        "20052": {
            "year_quarter": 20052,
            "year": 2005,
            "quarter": 2,
            "eps": -0.13,
            "eps_growth_year": null,
            "eps_4q": 0.63,
            "eps_4q_growth_year": null,
            "roe": -0.97,
            "roe_4q": 5.11,
            "gross_profit": 67534,
            "gross_margin": 12.26,
            "gross_margin_4q_avg": 12.73,
            "net_income": -25016,
            "revenue": 550935,
            "common_shares": 2030140,
            "book_valuer_per_share": 12.69,
            "book_valuer_per_share_4q_avg": 12.48,
            "equity": 2575729,
            "current_ratio": 104.93,
            "debt_ratio": 39.42,
            "inventory_turnover_ratio": 1.42,
            "account_receivable_turnover_ratio": null,
            "reinvestment_rate": null,
            "research_to_sale_ratio": null,
            "price_fair": 1.08,
            "eps_avg_yearly": 0.36,
            "eps_latest_yearly": 0.36,
            "eps_growth_yearly": -210.53
        },
        "20053": {
            "year_quarter": 20053,
            "year": 2005,
            "quarter": 3,
            "eps": 0.2,
            "eps_growth_year": -9.09,
            "eps_4q": 0.65,
            "eps_4q_growth_year": 76.17,
            "roe": 1.49,
            "roe_4q": 4.92,
            "gross_profit": 82252,
            "gross_margin": 14.01,
            "gross_margin_4q_avg": 12.79,
            "net_income": 38875,
            "revenue": 587029,
            "common_shares": 2030140,
            "book_valuer_per_share": 12.94,
            "book_valuer_per_share_4q_avg": 12.65,
            "equity": 2627808,
            "current_ratio": 110.22,
            "debt_ratio": 38.59,
            "inventory_turnover_ratio": 1.52,
            "account_receivable_turnover_ratio": null,
            "reinvestment_rate": null,
            "research_to_sale_ratio": null,
            "price_fair": 1.08,
            "eps_avg_yearly": 0.36,
            "eps_latest_yearly": 0.36,
            "eps_growth_yearly": -210.53
        },
        "20054": {
            "year_quarter": 20054,
            "year": 2005,
            "quarter": 4,
            "eps": 0.32,
            "eps_growth_year": null,
            "eps_4q": 1.02,
            "eps_4q_growth_year": 167.31,
            "roe": 2.29,
            "roe_4q": 7.630000000000001,
            "gross_profit": 174364,
            "gross_margin": 20.16,
            "gross_margin_4q_avg": 16.05,
            "net_income": 62525,
            "revenue": 864780,
            "common_shares": 2030140,
            "book_valuer_per_share": 13.16,
            "book_valuer_per_share_4q_avg": 12.9,
            "equity": 2828828,
            "current_ratio": 120.78,
            "debt_ratio": 43.73,
            "inventory_turnover_ratio": 1.77,
            "account_receivable_turnover_ratio": null,
            "reinvestment_rate": null,
            "research_to_sale_ratio": null,
            "price_fair": 20.28,
            "eps_avg_yearly": 0.82,
            "eps_latest_yearly": 1.28,
            "eps_growth_yearly": 14.74
        },
        "20061": {
            "year_quarter": 20061,
            "year": 2006,
            "quarter": 1,
            "eps": 0.06,
            "eps_growth_year": -90.48,
            "eps_4q": 0.44,
            "eps_4q_growth_year": -38.31,
            "roe": 0.43,
            "roe_4q": 3.24,
            "gross_profit": 86030,
            "gross_margin": 11.5,
            "gross_margin_4q_avg": 14.48,
            "net_income": 11908,
            "revenue": 747999,
            "common_shares": 2030140,
            "book_valuer_per_share": 13.38,
            "book_valuer_per_share_4q_avg": 13.04,
            "equity": 2716974,
            "current_ratio": 94.98,
            "debt_ratio": 41.52,
            "inventory_turnover_ratio": 1.52,
            "account_receivable_turnover_ratio": null,
            "reinvestment_rate": null,
            "research_to_sale_ratio": null,
            "price_fair": 2.28,
            "eps_avg_yearly": 0.76,
            "eps_latest_yearly": 0.24,
            "eps_growth_yearly": -42.5
        },
        "20062": {
            "year_quarter": 20062,
            "year": 2006,
            "quarter": 2,
            "eps": -0.17,
            "eps_growth_year": null,
            "eps_4q": 0.4,
            "eps_4q_growth_year": -36.55,
            "roe": -1.19,
            "roe_4q": 3.02,
            "gross_profit": 59990,
            "gross_margin": 8.36,
            "gross_margin_4q_avg": 13.51,
            "net_income": -32006,
            "revenue": 717853,
            "common_shares": 2030140,
            "book_valuer_per_share": 13.13,
            "book_valuer_per_share_4q_avg": 13.15,
            "equity": 2665480,
            "current_ratio": 117.72,
            "debt_ratio": 42.91,
            "inventory_turnover_ratio": 1.48,
            "account_receivable_turnover_ratio": null,
            "reinvestment_rate": null,
            "research_to_sale_ratio": null,
            "price_fair": 2.28,
            "eps_avg_yearly": 0.76,
            "eps_latest_yearly": 0.24,
            "eps_growth_yearly": -42.5
        },
        "20063": {
            "year_quarter": 20063,
            "year": 2006,
            "quarter": 3,
            "eps": 0.15,
            "eps_growth_year": -25,
            "eps_4q": 0.36,
            "eps_4q_growth_year": -43.81,
            "roe": 1.12,
            "roe_4q": 2.6500000000000004,
            "gross_profit": 108018,
            "gross_margin": 11.9,
            "gross_margin_4q_avg": 12.98,
            "net_income": 29905,
            "revenue": 907796,
            "common_shares": 2030140,
            "book_valuer_per_share": 13.28,
            "book_valuer_per_share_4q_avg": 13.24,
            "equity": 2695989,
            "current_ratio": 133.93,
            "debt_ratio": 48.71,
            "inventory_turnover_ratio": 1.56,
            "account_receivable_turnover_ratio": null,
            "reinvestment_rate": null,
            "research_to_sale_ratio": null,
            "price_fair": 2.28,
            "eps_avg_yearly": 0.76,
            "eps_latest_yearly": 0.24,
            "eps_growth_yearly": -42.5
        },
        "20064": {
            "year_quarter": 20064,
            "year": 2006,
            "quarter": 4,
            "eps": -0.74,
            "eps_growth_year": -331.25,
            "eps_4q": -0.76,
            "eps_4q_growth_year": -175.02,
            "roe": -5.28,
            "roe_4q": -4.92,
            "gross_profit": 8532,
            "gross_margin": 1.04,
            "gross_margin_4q_avg": 8.2,
            "net_income": -141133,
            "revenue": 817832,
            "common_shares": 2030140,
            "book_valuer_per_share": 12.49,
            "book_valuer_per_share_4q_avg": 13.07,
            "equity": 2652149,
            "current_ratio": 120.47,
            "debt_ratio": 51.52,
            "inventory_turnover_ratio": 1.46,
            "account_receivable_turnover_ratio": null,
            "reinvestment_rate": null,
            "research_to_sale_ratio": null,
            "price_fair": 2.28,
            "eps_avg_yearly": 0.76,
            "eps_latest_yearly": 0.24,
            "eps_growth_yearly": -42.5
        },
        "20071": {
            "year_quarter": 20071,
            "year": 2007,
            "quarter": 1,
            "eps": -0.7,
            "eps_growth_year": -1266.67,
            "eps_4q": -1.45,
            "eps_4q_growth_year": -424.91,
            "roe": -5.32,
            "roe_4q": -10.67,
            "gross_profit": -38134,
            "gross_margin": -6.14,
            "gross_margin_4q_avg": 3.79,
            "net_income": -134504,
            "revenue": 621395,
            "common_shares": 2030140,
            "book_valuer_per_share": 11.86,
            "book_valuer_per_share_4q_avg": 12.69,
            "equity": 2408414,
            "current_ratio": 107.32,
            "debt_ratio": 50.67,
            "inventory_turnover_ratio": 1.3,
            "account_receivable_turnover_ratio": null,
            "reinvestment_rate": null,
            "research_to_sale_ratio": null,
            "price_fair": 2.28,
            "eps_avg_yearly": 0.76,
            "eps_latest_yearly": 0.24,
            "eps_growth_yearly": -42.5
        },
        "20072": {
            "year_quarter": 20072,
            "year": 2007,
            "quarter": 2,
            "eps": -0.41,
            "eps_growth_year": null,
            "eps_4q": -1.6,
            "eps_4q_growth_year": -498.48,
            "roe": -3.3,
            "roe_4q": -12.780000000000001,
            "gross_profit": 46710,
            "gross_margin": 5.64,
            "gross_margin_4q_avg": 3.11,
            "net_income": -78242,
            "revenue": 828769,
            "common_shares": 2030140,
            "book_valuer_per_share": 11.48,
            "book_valuer_per_share_4q_avg": 12.28,
            "equity": 2329950,
            "current_ratio": 109.33,
            "debt_ratio": 53.53,
            "inventory_turnover_ratio": 1.78,
            "account_receivable_turnover_ratio": null,
            "reinvestment_rate": null,
            "research_to_sale_ratio": null,
            "price_fair": 2.28,
            "eps_avg_yearly": 0.76,
            "eps_latest_yearly": 0.24,
            "eps_growth_yearly": -42.5
        },
        "20073": {
            "year_quarter": 20073,
            "year": 2007,
            "quarter": 3,
            "eps": 0.15,
            "eps_growth_year": 0,
            "eps_4q": -1.72,
            "eps_4q_growth_year": -573.75,
            "roe": 1.2,
            "roe_4q": -12.7,
            "gross_profit": 89463,
            "gross_margin": 9.78,
            "gross_margin_4q_avg": 2.58,
            "net_income": 28404,
            "revenue": 915184,
            "common_shares": 2030140,
            "book_valuer_per_share": 11.93,
            "book_valuer_per_share_4q_avg": 11.94,
            "equity": 2422306,
            "current_ratio": 103.71,
            "debt_ratio": 54.15,
            "inventory_turnover_ratio": 1.94,
            "account_receivable_turnover_ratio": null,
            "reinvestment_rate": null,
            "research_to_sale_ratio": null,
            "price_fair": 2.28,
            "eps_avg_yearly": 0.76,
            "eps_latest_yearly": 0.24,
            "eps_growth_yearly": -42.5
        },
        "20074": {
            "year_quarter": 20074,
            "year": 2007,
            "quarter": 4,
            "eps": -0.04,
            "eps_growth_year": null,
            "eps_4q": -1.04,
            "eps_4q_growth_year": null,
            "roe": -0.34,
            "roe_4q": -7.76,
            "gross_profit": 145751,
            "gross_margin": 14.45,
            "gross_margin_4q_avg": 5.93,
            "net_income": -8437,
            "revenue": 1008868,
            "common_shares": 2030140,
            "book_valuer_per_share": 11.91,
            "book_valuer_per_share_4q_avg": 11.8,
            "equity": 2598114,
            "current_ratio": 113.11,
            "debt_ratio": 56.93,
            "inventory_turnover_ratio": 1.74,
            "account_receivable_turnover_ratio": null,
            "reinvestment_rate": null,
            "research_to_sale_ratio": null,
            "price_fair": 2.28,
            "eps_avg_yearly": 0.76,
            "eps_latest_yearly": 0.24,
            "eps_growth_yearly": -42.5
        },
        "20081": {
            "year_quarter": 20081,
            "year": 2008,
            "quarter": 1,
            "eps": -0.11,
            "eps_growth_year": null,
            "eps_4q": -0.37,
            "eps_4q_growth_year": null,
            "roe": -0.93,
            "roe_4q": -3.37,
            "gross_profit": 132740,
            "gross_margin": 11.9,
            "gross_margin_4q_avg": 10.44,
            "net_income": -23858,
            "revenue": 1115878,
            "common_shares": 2030140,
            "book_valuer_per_share": 11.7,
            "book_valuer_per_share_4q_avg": 11.76,
            "equity": 2551809,
            "current_ratio": 111.45,
            "debt_ratio": 57.45,
            "inventory_turnover_ratio": 1.78,
            "account_receivable_turnover_ratio": null,
            "reinvestment_rate": null,
            "research_to_sale_ratio": null,
            "price_fair": 2.28,
            "eps_avg_yearly": 0.76,
            "eps_latest_yearly": 0.24,
            "eps_growth_yearly": -42.5
        },
        "20082": {
            "year_quarter": 20082,
            "year": 2008,
            "quarter": 2,
            "eps": 0.13,
            "eps_growth_year": null,
            "eps_4q": 0.13,
            "eps_4q_growth_year": null,
            "roe": 0.94,
            "roe_4q": 0.8699999999999999,
            "gross_profit": 131534,
            "gross_margin": 11.49,
            "gross_margin_4q_avg": 11.91,
            "net_income": 23949,
            "revenue": 1145093,
            "common_shares": 2030140,
            "book_valuer_per_share": 11.84,
            "book_valuer_per_share_4q_avg": 11.85,
            "equity": 2559831,
            "current_ratio": 98.49,
            "debt_ratio": 57.31,
            "inventory_turnover_ratio": 1.82,
            "account_receivable_turnover_ratio": null,
            "reinvestment_rate": null,
            "research_to_sale_ratio": null,
            "price_fair": 2.28,
            "eps_avg_yearly": 0.76,
            "eps_latest_yearly": 0.24,
            "eps_growth_yearly": -42.5
        },
        "20083": {
            "year_quarter": 20083,
            "year": 2008,
            "quarter": 3,
            "eps": 0.1,
            "eps_growth_year": -33.33,
            "eps_4q": 0.07,
            "eps_4q_growth_year": null,
            "roe": 0.75,
            "roe_4q": 0.4199999999999999,
            "gross_profit": 98744,
            "gross_margin": 8.21,
            "gross_margin_4q_avg": 11.51,
            "net_income": 19499,
            "revenue": 1203086,
            "common_shares": 2030140,
            "book_valuer_per_share": 12.05,
            "book_valuer_per_share_4q_avg": 11.88,
            "equity": 2607013,
            "current_ratio": 98.75,
            "debt_ratio": 57.65,
            "inventory_turnover_ratio": 2.03,
            "account_receivable_turnover_ratio": null,
            "reinvestment_rate": null,
            "research_to_sale_ratio": null,
            "price_fair": 1.92,
            "eps_avg_yearly": 0.64,
            "eps_latest_yearly": 0.4,
            "eps_growth_yearly": -59.1
        },
        "20084": {
            "year_quarter": 20084,
            "year": 2008,
            "quarter": 4,
            "eps": 0.16,
            "eps_growth_year": null,
            "eps_4q": 0.44,
            "eps_4q_growth_year": null,
            "roe": 0.74,
            "roe_4q": 1.4999999999999996,
            "gross_profit": 47615,
            "gross_margin": 4.44,
            "gross_margin_4q_avg": 9.01,
            "net_income": 18882,
            "revenue": 1071364,
            "common_shares": 2030140,
            "book_valuer_per_share": 11.8,
            "book_valuer_per_share_4q_avg": 11.85,
            "equity": 2501569,
            "current_ratio": 102.68,
            "debt_ratio": 54.51,
            "inventory_turnover_ratio": 2.06,
            "account_receivable_turnover_ratio": 1.55,
            "reinvestment_rate": null,
            "research_to_sale_ratio": null,
            "price_fair": 16.43,
            "eps_avg_yearly": 0.64,
            "eps_latest_yearly": 0.64,
            "eps_growth_yearly": 15.67
        },
        "20091": {
            "year_quarter": 20091,
            "year": 2009,
            "quarter": 1,
            "eps": 0.08,
            "eps_growth_year": null,
            "eps_4q": 0.58,
            "eps_4q_growth_year": null,
            "roe": 0.48,
            "roe_4q": 2.91,
            "gross_profit": 82277,
            "gross_margin": 8.52,
            "gross_margin_4q_avg": 8.17,
            "net_income": 12136,
            "revenue": 965885,
            "common_shares": 2012651,
            "book_valuer_per_share": 12.03,
            "book_valuer_per_share_4q_avg": 11.93,
            "equity": 2524613,
            "current_ratio": 97.1,
            "debt_ratio": 51.27,
            "inventory_turnover_ratio": 2.08,
            "account_receivable_turnover_ratio": 0.72,
            "reinvestment_rate": null,
            "research_to_sale_ratio": null,
            "price_fair": 1.73,
            "eps_avg_yearly": 0.58,
            "eps_latest_yearly": 0.32,
            "eps_growth_yearly": -27.46
        },
        "20092": {
            "year_quarter": 20092,
            "year": 2009,
            "quarter": 2,
            "eps": 0.12,
            "eps_growth_year": -7.69,
            "eps_4q": 0.38,
            "eps_4q_growth_year": 194.78,
            "roe": 1.08,
            "roe_4q": 3.05,
            "gross_profit": 145145,
            "gross_margin": 13.13,
            "gross_margin_4q_avg": 8.58,
            "net_income": 27265,
            "revenue": 1105839,
            "common_shares": 2012651,
            "book_valuer_per_share": 12.09,
            "book_valuer_per_share_4q_avg": 11.99,
            "equity": 2535198,
            "current_ratio": 97.54,
            "debt_ratio": 50.26,
            "inventory_turnover_ratio": 2.42,
            "account_receivable_turnover_ratio": 0.82,
            "reinvestment_rate": null,
            "research_to_sale_ratio": null,
            "price_fair": 11.45,
            "eps_avg_yearly": 0.56,
            "eps_latest_yearly": 0.48,
            "eps_growth_yearly": 10.45
        },
        "20093": {
            "year_quarter": 20093,
            "year": 2009,
            "quarter": 3,
            "eps": 0.27,
            "eps_growth_year": 170,
            "eps_4q": 0.56,
            "eps_4q_growth_year": 707.61,
            "roe": 2.25,
            "roe_4q": 4.55,
            "gross_profit": 161826,
            "gross_margin": 12.36,
            "gross_margin_4q_avg": 9.61,
            "net_income": 57601,
            "revenue": 1309155,
            "common_shares": 2012651,
            "book_valuer_per_share": 12.32,
            "book_valuer_per_share_4q_avg": 12.06,
            "equity": 2586862,
            "current_ratio": 106.03,
            "debt_ratio": 52.32,
            "inventory_turnover_ratio": 2.83,
            "account_receivable_turnover_ratio": 0.85,
            "reinvestment_rate": null,
            "research_to_sale_ratio": null,
            "price_fair": 22.2,
            "eps_avg_yearly": 0.63,
            "eps_latest_yearly": 1.08,
            "eps_growth_yearly": 80.38
        },
        "20094": {
            "year_quarter": 20094,
            "year": 2009,
            "quarter": 4,
            "eps": 0.04,
            "eps_growth_year": -75,
            "eps_4q": 0.51,
            "eps_4q_growth_year": 15.46,
            "roe": 0.4,
            "roe_4q": 4.21,
            "gross_profit": 164377,
            "gross_margin": 11.2,
            "gross_margin_4q_avg": 11.3,
            "net_income": 10269,
            "revenue": 1467446,
            "common_shares": 2012651,
            "book_valuer_per_share": 12.96,
            "book_valuer_per_share_4q_avg": 12.35,
            "equity": 2596527,
            "current_ratio": 105.09,
            "debt_ratio": 53.52,
            "inventory_turnover_ratio": 2.88,
            "account_receivable_turnover_ratio": 1.53,
            "reinvestment_rate": null,
            "research_to_sale_ratio": null,
            "price_fair": 1.42,
            "eps_avg_yearly": 0.47,
            "eps_latest_yearly": 0.16,
            "eps_growth_yearly": -2.58
        },
        "20101": {
            "year_quarter": 20101,
            "year": 2010,
            "quarter": 1,
            "eps": 0.35,
            "eps_growth_year": 337.5,
            "eps_4q": 0.78,
            "eps_4q_growth_year": 33.67,
            "roe": 2.64,
            "roe_4q": 6.37,
            "gross_profit": 199776,
            "gross_margin": 12.9,
            "gross_margin_4q_avg": 12.4,
            "net_income": 69369,
            "revenue": 1548285,
            "common_shares": 2012651,
            "book_valuer_per_share": 13.3,
            "book_valuer_per_share_4q_avg": 12.67,
            "equity": 2664329,
            "current_ratio": 105.14,
            "debt_ratio": 53.66,
            "inventory_turnover_ratio": 2.76,
            "account_receivable_turnover_ratio": 0.78,
            "reinvestment_rate": null,
            "research_to_sale_ratio": 0.8,
            "price_fair": 22.4,
            "eps_avg_yearly": 0.64,
            "eps_latest_yearly": 1.4,
            "eps_growth_yearly": 486.71
        },
        "20102": {
            "year_quarter": 20102,
            "year": 2010,
            "quarter": 2,
            "eps": 0.24,
            "eps_growth_year": 95.93,
            "eps_4q": 0.89,
            "eps_4q_growth_year": 135.89,
            "roe": 1.79,
            "roe_4q": 7.08,
            "gross_profit": 176003,
            "gross_margin": 11.21,
            "gross_margin_4q_avg": 11.92,
            "net_income": 47220,
            "revenue": 1570169,
            "common_shares": 2012651,
            "book_valuer_per_share": 13.1,
            "book_valuer_per_share_4q_avg": 12.92,
            "equity": 2614725,
            "current_ratio": 99.99,
            "debt_ratio": 55.13,
            "inventory_turnover_ratio": 2.81,
            "account_receivable_turnover_ratio": 0.76,
            "reinvestment_rate": null,
            "research_to_sale_ratio": 0.96,
            "price_fair": 23.8,
            "eps_avg_yearly": 0.68,
            "eps_latest_yearly": 0.96,
            "eps_growth_yearly": 410.15
        },
        "20103": {
            "year_quarter": 20103,
            "year": 2010,
            "quarter": 3,
            "eps": 0.57,
            "eps_growth_year": 112.39,
            "eps_4q": 1.2,
            "eps_4q_growth_year": 114.41,
            "roe": 4.26,
            "roe_4q": 9.09,
            "gross_profit": 262088,
            "gross_margin": 15.14,
            "gross_margin_4q_avg": 12.61,
            "net_income": 113836,
            "revenue": 1731267,
            "common_shares": 2012651,
            "book_valuer_per_share": 13.65,
            "book_valuer_per_share_4q_avg": 13.25,
            "equity": 2725802,
            "current_ratio": 103.91,
            "debt_ratio": 54.43,
            "inventory_turnover_ratio": 2.69,
            "account_receivable_turnover_ratio": 0.8,
            "reinvestment_rate": 1890.4,
            "research_to_sale_ratio": 1.35,
            "price_fair": 30.02,
            "eps_avg_yearly": 0.86,
            "eps_latest_yearly": 2.28,
            "eps_growth_yearly": 425.69
        },
        "20104": {
            "year_quarter": 20104,
            "year": 2010,
            "quarter": 4,
            "eps": 0.16,
            "eps_growth_year": 306.86,
            "eps_4q": 1.32,
            "eps_4q_growth_year": 160.51,
            "roe": 1.38,
            "roe_4q": 10.07,
            "gross_profit": 192103,
            "gross_margin": 10.84,
            "gross_margin_4q_avg": 12.52,
            "net_income": 37643,
            "revenue": 1772682,
            "common_shares": 2012651,
            "book_valuer_per_share": 13.73,
            "book_valuer_per_share_4q_avg": 13.45,
            "equity": 2746834,
            "current_ratio": 108.11,
            "debt_ratio": 54.36,
            "inventory_turnover_ratio": 2.69,
            "account_receivable_turnover_ratio": 0.79,
            "reinvestment_rate": 17.3,
            "research_to_sale_ratio": 0.77,
            "price_fair": 29.26,
            "eps_avg_yearly": 0.84,
            "eps_latest_yearly": 0.64,
            "eps_growth_yearly": 354.35
        },
        "20111": {
            "year_quarter": 20111,
            "year": 2011,
            "quarter": 1,
            "eps": 0.42,
            "eps_growth_year": 20,
            "eps_4q": 1.39,
            "eps_4q_growth_year": 79.43,
            "roe": 3.07,
            "roe_4q": 10.5,
            "gross_profit": 238337,
            "gross_margin": 13.95,
            "gross_margin_4q_avg": 12.79,
            "net_income": 85745,
            "revenue": 1708313,
            "common_shares": 2012651,
            "book_valuer_per_share": 14.16,
            "book_valuer_per_share_4q_avg": 13.66,
            "equity": 2834645,
            "current_ratio": 113.19,
            "debt_ratio": 53.2,
            "inventory_turnover_ratio": 2.33,
            "account_receivable_turnover_ratio": 0.77,
            "reinvestment_rate": 68.29,
            "research_to_sale_ratio": 0.98,
            "price_fair": 31.95,
            "eps_avg_yearly": 0.91,
            "eps_latest_yearly": 1.68,
            "eps_growth_yearly": 381.23
        },
        "20112": {
            "year_quarter": 20112,
            "year": 2011,
            "quarter": 2,
            "eps": 0.71,
            "eps_growth_year": 202.58,
            "eps_4q": 1.84,
            "eps_4q_growth_year": 106.34,
            "roe": 5.19,
            "roe_4q": 13.9,
            "gross_profit": 321425,
            "gross_margin": 15.63,
            "gross_margin_4q_avg": 13.89,
            "net_income": 146327,
            "revenue": 2057022,
            "common_shares": 2012651,
            "book_valuer_per_share": 14.03,
            "book_valuer_per_share_4q_avg": 13.89,
            "equity": 2804517,
            "current_ratio": 110.65,
            "debt_ratio": 56.18,
            "inventory_turnover_ratio": 2.41,
            "account_receivable_turnover_ratio": 0.88,
            "reinvestment_rate": 34.55,
            "research_to_sale_ratio": 0.62,
            "price_fair": 37.57,
            "eps_avg_yearly": 1.07,
            "eps_latest_yearly": 2.84,
            "eps_growth_yearly": 372.48
        },
        "20113": {
            "year_quarter": 20113,
            "year": 2011,
            "quarter": 3,
            "eps": 0.64,
            "eps_growth_year": 11.75,
            "eps_4q": 1.92,
            "eps_4q_growth_year": 60.75,
            "roe": 4.6,
            "roe_4q": 14.239999999999998,
            "gross_profit": 279057,
            "gross_margin": 13.43,
            "gross_margin_4q_avg": 13.46,
            "net_income": 132372,
            "revenue": 2077785,
            "common_shares": 2065750,
            "book_valuer_per_share": 14.41,
            "book_valuer_per_share_4q_avg": 14.08,
            "equity": 2953583,
            "current_ratio": 117.4,
            "debt_ratio": 54.59,
            "inventory_turnover_ratio": 2.4,
            "account_receivable_turnover_ratio": 0.82,
            "reinvestment_rate": 25.7,
            "research_to_sale_ratio": 0.63,
            "price_fair": 41.57,
            "eps_avg_yearly": 1.19,
            "eps_latest_yearly": 2.56,
            "eps_growth_yearly": 340.79
        },
        "20114": {
            "year_quarter": 20114,
            "year": 2011,
            "quarter": 4,
            "eps": 0.52,
            "eps_growth_year": 219.81,
            "eps_4q": 2.28,
            "eps_4q_growth_year": 73.36,
            "roe": 3.58,
            "roe_4q": 16.44,
            "gross_profit": 279340,
            "gross_margin": 14.24,
            "gross_margin_4q_avg": 14.31,
            "net_income": 107475,
            "revenue": 1961348,
            "common_shares": 2065750,
            "book_valuer_per_share": 14.84,
            "book_valuer_per_share_4q_avg": 14.36,
            "equity": 3042775,
            "current_ratio": 119.1,
            "debt_ratio": 52.31,
            "inventory_turnover_ratio": 2.35,
            "account_receivable_turnover_ratio": 0.8,
            "reinvestment_rate": -57.22,
            "research_to_sale_ratio": 0.94,
            "price_fair": 43.8,
            "eps_avg_yearly": 1.25,
            "eps_latest_yearly": 2.08,
            "eps_growth_yearly": 311.09
        },
        "20121": {
            "year_quarter": 20121,
            "year": 2012,
            "quarter": 1,
            "eps": 0.4,
            "eps_growth_year": -4.76,
            "eps_4q": 2.27,
            "eps_4q_growth_year": 63.03,
            "roe": 2.76,
            "roe_4q": 16.13,
            "gross_profit": 218146,
            "gross_margin": 12.09,
            "gross_margin_4q_avg": 13.85,
            "net_income": 85046,
            "revenue": 1804406,
            "common_shares": 2065750,
            "book_valuer_per_share": 15.21,
            "book_valuer_per_share_4q_avg": 14.62,
            "equity": 3122433,
            "current_ratio": 124.63,
            "debt_ratio": 50.13,
            "inventory_turnover_ratio": 2.41,
            "account_receivable_turnover_ratio": 0.78,
            "reinvestment_rate": -46,
            "research_to_sale_ratio": 0.84,
            "price_fair": 44.61,
            "eps_avg_yearly": 1.27,
            "eps_latest_yearly": 1.6,
            "eps_growth_yearly": 284.2
        },
        "20122": {
            "year_quarter": 20122,
            "year": 2012,
            "quarter": 2,
            "eps": 0.26,
            "eps_growth_year": -64.06,
            "eps_4q": 1.69,
            "eps_4q_growth_year": -8.21,
            "roe": 2.11,
            "roe_4q": 13.049999999999999,
            "gross_profit": 189842,
            "gross_margin": 10.41,
            "gross_margin_4q_avg": 12.54,
            "net_income": 64222,
            "revenue": 1823372,
            "common_shares": 2065750,
            "book_valuer_per_share": 14.45,
            "book_valuer_per_share_4q_avg": 14.73,
            "equity": 2962884,
            "current_ratio": 119.45,
            "debt_ratio": 51.92,
            "inventory_turnover_ratio": 2.86,
            "account_receivable_turnover_ratio": 0.77,
            "reinvestment_rate": -42.27,
            "research_to_sale_ratio": 0.95,
            "price_fair": 44.1,
            "eps_avg_yearly": 1.26,
            "eps_latest_yearly": 1.04,
            "eps_growth_yearly": 257.69
        },
        "20123": {
            "year_quarter": 20123,
            "year": 2012,
            "quarter": 3,
            "eps": 0.65,
            "eps_growth_year": 1.86,
            "eps_4q": 1.76,
            "eps_4q_growth_year": -8.68,
            "roe": 4.76,
            "roe_4q": 13.209999999999999,
            "gross_profit": 318336,
            "gross_margin": 16.22,
            "gross_margin_4q_avg": 13.24,
            "net_income": 144477,
            "revenue": 1963169,
            "common_shares": 2240963,
            "book_valuer_per_share": 14,
            "book_valuer_per_share_4q_avg": 14.63,
            "equity": 3112891,
            "current_ratio": 127.15,
            "debt_ratio": 50.36,
            "inventory_turnover_ratio": 3.17,
            "account_receivable_turnover_ratio": 0.79,
            "reinvestment_rate": -32.84,
            "research_to_sale_ratio": 0.7,
            "price_fair": 48.91,
            "eps_avg_yearly": 1.4,
            "eps_latest_yearly": 2.6,
            "eps_growth_yearly": 300.95
        },
        "20124": {
            "year_quarter": 20124,
            "year": 2012,
            "quarter": 4,
            "eps": 0.79,
            "eps_growth_year": 50.95,
            "eps_4q": 2.06,
            "eps_4q_growth_year": -9.76,
            "roe": 5.59,
            "roe_4q": 15.219999999999999,
            "gross_profit": 401920,
            "gross_margin": 19.79,
            "gross_margin_4q_avg": 14.63,
            "net_income": 180412,
            "revenue": 2031356,
            "common_shares": 2240963,
            "book_valuer_per_share": 15.04,
            "book_valuer_per_share_4q_avg": 14.68,
            "equity": 3346744,
            "current_ratio": 136.66,
            "debt_ratio": 47.28,
            "inventory_turnover_ratio": 2.89,
            "account_receivable_turnover_ratio": 0.79,
            "reinvestment_rate": 17.12,
            "research_to_sale_ratio": 0.88,
            "price_fair": 54.43,
            "eps_avg_yearly": 1.56,
            "eps_latest_yearly": 3.16,
            "eps_growth_yearly": 291.34
        },
        "20131": {
            "year_quarter": 20131,
            "year": 2013,
            "quarter": 1,
            "eps": 0.87,
            "eps_growth_year": 117.5,
            "eps_4q": 2.57,
            "eps_4q_growth_year": 13.01,
            "roe": 5.67,
            "roe_4q": 18.13,
            "gross_profit": 346066,
            "gross_margin": 17.67,
            "gross_margin_4q_avg": 16.02,
            "net_income": 194297,
            "revenue": 1958998,
            "common_shares": 2240963,
            "book_valuer_per_share": 15.74,
            "book_valuer_per_share_4q_avg": 14.81,
            "equity": 3501801,
            "current_ratio": 149.44,
            "debt_ratio": 43.77,
            "inventory_turnover_ratio": 2.95,
            "account_receivable_turnover_ratio": 0.79,
            "reinvestment_rate": -19.5,
            "research_to_sale_ratio": 0.82,
            "price_fair": 61.34,
            "eps_avg_yearly": 1.75,
            "eps_latest_yearly": 3.48,
            "eps_growth_yearly": 306.37
        },
        "20132": {
            "year_quarter": 20132,
            "year": 2013,
            "quarter": 2,
            "eps": 0.81,
            "eps_growth_year": 216.83,
            "eps_4q": 3.12,
            "eps_4q_growth_year": 84.96,
            "roe": 5.37,
            "roe_4q": 21.39,
            "gross_profit": 370758,
            "gross_margin": 19.55,
            "gross_margin_4q_avg": 18.31,
            "net_income": 180978,
            "revenue": 1896157,
            "common_shares": 2240963,
            "book_valuer_per_share": 14.62,
            "book_valuer_per_share_4q_avg": 14.85,
            "equity": 3237909,
            "current_ratio": 137.92,
            "debt_ratio": 46,
            "inventory_turnover_ratio": 3.2,
            "account_receivable_turnover_ratio": 0.79,
            "reinvestment_rate": -10.8,
            "research_to_sale_ratio": 1.02,
            "price_fair": 67.38,
            "eps_avg_yearly": 1.93,
            "eps_latest_yearly": 3.24,
            "eps_growth_yearly": 292.15
        },
        "20133": {
            "year_quarter": 20133,
            "year": 2013,
            "quarter": 3,
            "eps": 0.75,
            "eps_growth_year": 14.9,
            "eps_4q": 3.22,
            "eps_4q_growth_year": 83.33,
            "roe": 5.13,
            "roe_4q": 21.76,
            "gross_profit": 326028,
            "gross_margin": 16.93,
            "gross_margin_4q_avg": 18.49,
            "net_income": 170568,
            "revenue": 1925947,
            "common_shares": 2240963,
            "book_valuer_per_share": 15.37,
            "book_valuer_per_share_4q_avg": 15.19,
            "equity": 3408477,
            "current_ratio": 142.6,
            "debt_ratio": 43.33,
            "inventory_turnover_ratio": 3.31,
            "account_receivable_turnover_ratio": 0.8,
            "reinvestment_rate": -6.6,
            "research_to_sale_ratio": 0.91,
            "price_fair": 71.58,
            "eps_avg_yearly": 2.05,
            "eps_latest_yearly": 3,
            "eps_growth_yearly": 259.04
        },
        "20134": {
            "year_quarter": 20134,
            "year": 2013,
            "quarter": 4,
            "eps": 0.75,
            "eps_growth_year": -4.66,
            "eps_4q": 3.18,
            "eps_4q_growth_year": 54.35,
            "roe": 4.73,
            "roe_4q": 20.9,
            "gross_profit": 327758,
            "gross_margin": 16.68,
            "gross_margin_4q_avg": 17.71,
            "net_income": 165237,
            "revenue": 1964539,
            "common_shares": 2240963,
            "book_valuer_per_share": 16.13,
            "book_valuer_per_share_4q_avg": 15.47,
            "equity": 3575948,
            "current_ratio": 149.41,
            "debt_ratio": 42.04,
            "inventory_turnover_ratio": 3.44,
            "account_receivable_turnover_ratio": 0.82,
            "reinvestment_rate": -22.11,
            "research_to_sale_ratio": 1.27,
            "price_fair": 77.79,
            "eps_avg_yearly": 2.22,
            "eps_latest_yearly": 3,
            "eps_growth_yearly": 280.34
        },
        "20141": {
            "year_quarter": 20141,
            "year": 2014,
            "quarter": 1,
            "eps": 0.64,
            "eps_growth_year": -26.44,
            "eps_4q": 2.95,
            "eps_4q_growth_year": 15.02,
            "roe": 3.97,
            "roe_4q": 19.200000000000003,
            "gross_profit": 297109,
            "gross_margin": 15.75,
            "gross_margin_4q_avg": 17.23,
            "net_income": 144852,
            "revenue": 1885861,
            "common_shares": 2240963,
            "book_valuer_per_share": 16.77,
            "book_valuer_per_share_4q_avg": 15.72,
            "equity": 3720800,
            "current_ratio": 161.23,
            "debt_ratio": 39.46,
            "inventory_turnover_ratio": 3.52,
            "account_receivable_turnover_ratio": 0.73,
            "reinvestment_rate": -21.38,
            "research_to_sale_ratio": 0.97,
            "price_fair": 80.33,
            "eps_avg_yearly": 2.3,
            "eps_latest_yearly": 2.56,
            "eps_growth_yearly": 82.92
        },
        "20142": {
            "year_quarter": 20142,
            "year": 2014,
            "quarter": 2,
            "eps": 0.85,
            "eps_growth_year": 4.94,
            "eps_4q": 2.99,
            "eps_4q_growth_year": -4.18,
            "roe": 5.48,
            "roe_4q": 19.310000000000002,
            "gross_profit": 376023,
            "gross_margin": 19.29,
            "gross_margin_4q_avg": 17.16,
            "net_income": 192458,
            "revenue": 1949654,
            "common_shares": 2240963,
            "book_valuer_per_share": 14.92,
            "book_valuer_per_share_4q_avg": 15.8,
            "equity": 3304226,
            "current_ratio": 127.41,
            "debt_ratio": 47.51,
            "inventory_turnover_ratio": 3.26,
            "account_receivable_turnover_ratio": 0.76,
            "reinvestment_rate": -38.33,
            "research_to_sale_ratio": 0.85,
            "price_fair": 85.66,
            "eps_avg_yearly": 2.45,
            "eps_latest_yearly": 3.4,
            "eps_growth_yearly": 98.98
        },
        "20143": {
            "year_quarter": 20143,
            "year": 2014,
            "quarter": 3,
            "eps": 0.99,
            "eps_growth_year": 32,
            "eps_4q": 3.23,
            "eps_4q_growth_year": 0.28,
            "roe": 6.33,
            "roe_4q": 20.51,
            "gross_profit": 393133,
            "gross_margin": 19.26,
            "gross_margin_4q_avg": 17.75,
            "net_income": 216078,
            "revenue": 2041012,
            "common_shares": 2240963,
            "book_valuer_per_share": 15.91,
            "book_valuer_per_share_4q_avg": 15.93,
            "equity": 3520304,
            "current_ratio": 136.32,
            "debt_ratio": 43.96,
            "inventory_turnover_ratio": 2.83,
            "account_receivable_turnover_ratio": 0.81,
            "reinvestment_rate": -35.62,
            "research_to_sale_ratio": 0.8,
            "price_fair": 89.34,
            "eps_avg_yearly": 2.55,
            "eps_latest_yearly": 3.96,
            "eps_growth_yearly": 68.73
        },
        "20144": {
            "year_quarter": 20144,
            "year": 2014,
            "quarter": 4,
            "eps": 1.25,
            "eps_growth_year": 66.23,
            "eps_4q": 3.72,
            "eps_4q_growth_year": 17.02,
            "roe": 7.57,
            "roe_4q": 23.35,
            "gross_profit": 507455,
            "gross_margin": 21.99,
            "gross_margin_4q_avg": 19.07,
            "net_income": 276288,
            "revenue": 2307494,
            "common_shares": 2240963,
            "book_valuer_per_share": 17.09,
            "book_valuer_per_share_4q_avg": 16.17,
            "equity": 3783220,
            "current_ratio": 143.91,
            "debt_ratio": 45.24,
            "inventory_turnover_ratio": 2.47,
            "account_receivable_turnover_ratio": 0.82,
            "reinvestment_rate": -33.24,
            "research_to_sale_ratio": 0.81,
            "price_fair": 98.88,
            "eps_avg_yearly": 2.83,
            "eps_latest_yearly": 5,
            "eps_growth_yearly": 93.28
        },
        "20151": {
            "year_quarter": 20151,
            "year": 2015,
            "quarter": 1,
            "eps": 1.25,
            "eps_growth_year": 95.31,
            "eps_4q": 4.33,
            "eps_4q_growth_year": 46.79,
            "roe": 7.08,
            "roe_4q": 26.46,
            "gross_profit": 499924,
            "gross_margin": 21.23,
            "gross_margin_4q_avg": 20.44,
            "net_income": 277523,
            "revenue": 2354576,
            "common_shares": 2240963,
            "book_valuer_per_share": 18.35,
            "book_valuer_per_share_4q_avg": 16.57,
            "equity": 4060743,
            "current_ratio": 151.7,
            "debt_ratio": 42.71,
            "inventory_turnover_ratio": 2.32,
            "account_receivable_turnover_ratio": 0.78,
            "reinvestment_rate": -27.09,
            "research_to_sale_ratio": 1.06,
            "price_fair": 106.14,
            "eps_avg_yearly": 3.03,
            "eps_latest_yearly": 5,
            "eps_growth_yearly": 52.65
        },
        "20152": {
            "year_quarter": 20152,
            "year": 2015,
            "quarter": 2,
            "eps": 0.59,
            "eps_growth_year": -30.59,
            "eps_4q": 4.08,
            "eps_4q_growth_year": 36.27,
            "roe": 3.55,
            "roe_4q": 24.53,
            "gross_profit": 300623,
            "gross_margin": 15.65,
            "gross_margin_4q_avg": 19.53,
            "net_income": 134084,
            "revenue": 1920438,
            "common_shares": 2240963,
            "book_valuer_per_share": 15.8,
            "book_valuer_per_share_4q_avg": 16.79,
            "equity": 3486942,
            "current_ratio": 127.61,
            "debt_ratio": 46.58,
            "inventory_turnover_ratio": 2.3,
            "account_receivable_turnover_ratio": 0.69,
            "reinvestment_rate": -25.66,
            "research_to_sale_ratio": 1.64,
            "price_fair": 96.65,
            "eps_avg_yearly": 3,
            "eps_latest_yearly": 2.36,
            "eps_growth_yearly": 22.19
        },
        "20153": {
            "year_quarter": 20153,
            "year": 2015,
            "quarter": 3,
            "eps": 0.45,
            "eps_growth_year": -54.55,
            "eps_4q": 3.54,
            "eps_4q_growth_year": 9.71,
            "roe": 2.91,
            "roe_4q": 21.11,
            "gross_profit": 236994,
            "gross_margin": 14.31,
            "gross_margin_4q_avg": 18.3,
            "net_income": 103113,
            "revenue": 1656007,
            "common_shares": 2240963,
            "book_valuer_per_share": 16.25,
            "book_valuer_per_share_4q_avg": 16.87,
            "equity": 3590055,
            "current_ratio": 131.08,
            "debt_ratio": 43.14,
            "inventory_turnover_ratio": 2.33,
            "account_receivable_turnover_ratio": 0.66,
            "reinvestment_rate": -26.87,
            "research_to_sale_ratio": 1.52,
            "price_fair": 84.87,
            "eps_avg_yearly": 2.96,
            "eps_latest_yearly": 1.8,
            "eps_growth_yearly": 18.72
        },
        "20154": {
            "year_quarter": 20154,
            "year": 2015,
            "quarter": 4,
            "eps": 0.73,
            "eps_growth_year": -41,
            "eps_4q": 3.03,
            "eps_4q_growth_year": -18.62,
            "roe": 4.5,
            "roe_4q": 18.04,
            "gross_profit": 356493,
            "gross_margin": 19.55,
            "gross_margin_4q_avg": 17.69,
            "net_income": 165278,
            "revenue": 1823828,
            "common_shares": 2240963,
            "book_valuer_per_share": 17.01,
            "book_valuer_per_share_4q_avg": 16.85,
            "equity": 3760180,
            "current_ratio": 133.93,
            "debt_ratio": 43.69,
            "inventory_turnover_ratio": 2.32,
            "account_receivable_turnover_ratio": 0.74,
            "reinvestment_rate": -25.01,
            "research_to_sale_ratio": 1.38,
            "price_fair": 105.26,
            "eps_avg_yearly": 3.01,
            "eps_latest_yearly": 2.92,
            "eps_growth_yearly": 38.96
        },
        "20161": {
            "year_quarter": 20161,
            "year": 2016,
            "quarter": 1,
            "eps": 0.68,
            "eps_growth_year": -45.6,
            "eps_4q": 2.46,
            "eps_4q_growth_year": -43.24,
            "roe": 4.02,
            "roe_4q": 14.98,
            "gross_profit": 348106,
            "gross_margin": 18.09,
            "gross_margin_4q_avg": 16.9,
            "net_income": 154243,
            "revenue": 1923777,
            "common_shares": 2240963,
            "book_valuer_per_share": 17.68,
            "book_valuer_per_share_4q_avg": 16.69,
            "equity": 3913262,
            "current_ratio": 135.74,
            "debt_ratio": 42.46,
            "inventory_turnover_ratio": 2.32,
            "account_receivable_turnover_ratio": 0.76,
            "reinvestment_rate": -10.47,
            "research_to_sale_ratio": 1.46,
            "price_fair": 107.71,
            "eps_avg_yearly": 3.08,
            "eps_latest_yearly": 2.72,
            "eps_growth_yearly": 43.02
        },
        "20162": {
            "year_quarter": 20162,
            "year": 2016,
            "quarter": 2,
            "eps": 0.95,
            "eps_growth_year": 61.02,
            "eps_4q": 2.82,
            "eps_4q_growth_year": -30.87,
            "roe": 5.71,
            "roe_4q": 17.14,
            "gross_profit": 404249,
            "gross_margin": 18.24,
            "gross_margin_4q_avg": 17.55,
            "net_income": 212675,
            "revenue": 2216591,
            "common_shares": 2240963,
            "book_valuer_per_share": 16.03,
            "book_valuer_per_share_4q_avg": 16.74,
            "equity": 3540320,
            "current_ratio": 115.82,
            "debt_ratio": 52.11,
            "inventory_turnover_ratio": 2.53,
            "account_receivable_turnover_ratio": 0.8,
            "reinvestment_rate": -5.58,
            "research_to_sale_ratio": 1.75,
            "price_fair": 113.75,
            "eps_avg_yearly": 3.25,
            "eps_latest_yearly": 3.8,
            "eps_growth_yearly": 61.7
        },
        "20163": {
            "year_quarter": 20163,
            "year": 2016,
            "quarter": 3,
            "eps": -0.07,
            "eps_growth_year": -115.56,
            "eps_4q": 2.3,
            "eps_4q_growth_year": -35.11,
            "roe": -0.19,
            "roe_4q": 14.04,
            "gross_profit": 183149,
            "gross_margin": 10.64,
            "gross_margin_4q_avg": 16.63,
            "net_income": -6623,
            "revenue": 1720856,
            "common_shares": 2240963,
            "book_valuer_per_share": 15.96,
            "book_valuer_per_share_4q_avg": 16.67,
            "equity": 3532227,
            "current_ratio": 113.44,
            "debt_ratio": 49.92,
            "inventory_turnover_ratio": 2.17,
            "account_receivable_turnover_ratio": 0.65,
            "reinvestment_rate": -1.32,
            "research_to_sale_ratio": 1.96,
            "price_fair": 115.27,
            "eps_avg_yearly": 3.29,
            "eps_latest_yearly": 3.8,
            "eps_growth_yearly": 25.81
        },
        "20164": {
            "year_quarter": 20164,
            "year": 2016,
            "quarter": 4,
            "eps": -0.12,
            "eps_growth_year": -115.74,
            "eps_4q": 1.45,
            "eps_4q_growth_year": -52.24,
            "roe": -0.54,
            "roe_4q": 9,
            "gross_profit": 100525,
            "gross_margin": 6.69,
            "gross_margin_4q_avg": 13.42,
            "net_income": -19110,
            "revenue": 1501785,
            "common_shares": 2240963,
            "book_valuer_per_share": 15.83,
            "book_valuer_per_share_4q_avg": 16.38,
            "equity": 3509976,
            "current_ratio": 117.55,
            "debt_ratio": 49.28,
            "inventory_turnover_ratio": 1.97,
            "account_receivable_turnover_ratio": 0.68,
            "reinvestment_rate": -3.62,
            "research_to_sale_ratio": 1.56,
            "price_fair": 104.04,
            "eps_avg_yearly": 3.3,
            "eps_latest_yearly": 3.8,
            "eps_growth_yearly": 21.5
        },
        "20171": {
            "year_quarter": 20171,
            "year": 2017,
            "quarter": 1,
            "eps": -0.21,
            "eps_growth_year": -130.88,
            "eps_4q": 0.56,
            "eps_4q_growth_year": -77.34,
            "roe": -1.13,
            "roe_4q": 3.85,
            "gross_profit": 172282,
            "gross_margin": 11.57,
            "gross_margin_4q_avg": 11.79,
            "net_income": -39400,
            "revenue": 1489551,
            "common_shares": 2240963,
            "book_valuer_per_share": 15.63,
            "book_valuer_per_share_4q_avg": 15.86,
            "equity": 3470862,
            "current_ratio": 118.12,
            "debt_ratio": 47.67,
            "inventory_turnover_ratio": 1.59,
            "account_receivable_turnover_ratio": 0.76,
            "reinvestment_rate": 20.6,
            "research_to_sale_ratio": 2.28,
            "price_fair": 98.8,
            "eps_avg_yearly": 3.29,
            "eps_latest_yearly": 3.8,
            "eps_growth_yearly": 20.04
        },
        "20172": {
            "year_quarter": 20172,
            "year": 2017,
            "quarter": 2,
            "eps": 0.21,
            "eps_growth_year": -77.89,
            "eps_4q": -0.18,
            "eps_4q_growth_year": -106.23,
            "roe": 1.61,
            "roe_4q": -0.24999999999999983,
            "gross_profit": 223228,
            "gross_margin": 12.2,
            "gross_margin_4q_avg": 10.28,
            "net_income": 53942,
            "revenue": 1829102,
            "common_shares": 2240963,
            "book_valuer_per_share": 14.6,
            "book_valuer_per_share_4q_avg": 15.51,
            "equity": 3232240,
            "current_ratio": 106.31,
            "debt_ratio": 53.43,
            "inventory_turnover_ratio": 1.76,
            "account_receivable_turnover_ratio": 0.91,
            "reinvestment_rate": 22,
            "research_to_sale_ratio": 1.86,
            "price_fair": 112,
            "eps_avg_yearly": 3.29,
            "eps_latest_yearly": 3.8,
            "eps_growth_yearly": 24.01
        },
        "20173": {
            "year_quarter": 20173,
            "year": 2017,
            "quarter": 3,
            "eps": 0.02,
            "eps_growth_year": null,
            "eps_4q": -0.09,
            "eps_4q_growth_year": -103.95,
            "roe": 0.34,
            "roe_4q": 0.28000000000000025,
            "gross_profit": 168780,
            "gross_margin": 10.23,
            "gross_margin_4q_avg": 10.17,
            "net_income": 10958,
            "revenue": 1649160,
            "common_shares": 2240963,
            "book_valuer_per_share": 14.61,
            "book_valuer_per_share_4q_avg": 15.17,
            "equity": 3241012,
            "current_ratio": 105.24,
            "debt_ratio": 53.82,
            "inventory_turnover_ratio": 1.65,
            "account_receivable_turnover_ratio": 0.74,
            "reinvestment_rate": 25.38,
            "research_to_sale_ratio": 2.07,
            "price_fair": 9.15,
            "eps_avg_yearly": 3.05,
            "eps_latest_yearly": 0.08,
            "eps_growth_yearly": -3.68
        },
        "20174": {
            "year_quarter": 20174,
            "year": 2017,
            "quarter": 4,
            "eps": 0.18,
            "eps_growth_year": null,
            "eps_4q": 0.21,
            "eps_4q_growth_year": -85.64,
            "roe": 1.39,
            "roe_4q": 2.21,
            "gross_profit": 244126,
            "gross_margin": 13.06,
            "gross_margin_4q_avg": 11.77,
            "net_income": 45484,
            "revenue": 1869369,
            "common_shares": 2240963,
            "book_valuer_per_share": 14.82,
            "book_valuer_per_share_4q_avg": 14.92,
            "equity": 3291613,
            "current_ratio": 100.01,
            "debt_ratio": 55.02,
            "inventory_turnover_ratio": 1.88,
            "account_receivable_turnover_ratio": 0.78,
            "reinvestment_rate": 31.24,
            "research_to_sale_ratio": 1.57,
            "price_fair": 100.1,
            "eps_avg_yearly": 2.86,
            "eps_latest_yearly": 0.72,
            "eps_growth_yearly": 262.98
        },
        "20181": {
            "year_quarter": 20181,
            "year": 2018,
            "quarter": 1,
            "eps": -0.08,
            "eps_growth_year": null,
            "eps_4q": 0.34,
            "eps_4q_growth_year": -39.13,
            "roe": -0.35,
            "roe_4q": 2.99,
            "gross_profit": 174848,
            "gross_margin": 9.79,
            "gross_margin_4q_avg": 11.32,
            "net_income": -11594,
            "revenue": 1786203,
            "common_shares": 2240963,
            "book_valuer_per_share": 14.58,
            "book_valuer_per_share_4q_avg": 14.65,
            "equity": 3246385,
            "current_ratio": 103.27,
            "debt_ratio": 56.48,
            "inventory_turnover_ratio": 1.76,
            "account_receivable_turnover_ratio": 0.72,
            "reinvestment_rate": 30.54,
            "research_to_sale_ratio": 1.99,
            "price_fair": 101.05,
            "eps_avg_yearly": 2.89,
            "eps_latest_yearly": 0.72,
            "eps_growth_yearly": 292.23
        },
        "20182": {
            "year_quarter": 20182,
            "year": 2018,
            "quarter": 2,
            "eps": 0.3,
            "eps_growth_year": 42.86,
            "eps_4q": 0.43,
            "eps_4q_growth_year": null,
            "roe": 2.05,
            "roe_4q": 3.4299999999999997,
            "gross_profit": 140694,
            "gross_margin": 7.82,
            "gross_margin_4q_avg": 10.23,
            "net_income": 67004,
            "revenue": 1800298,
            "common_shares": 2240963,
            "book_valuer_per_share": 14.88,
            "book_valuer_per_share_4q_avg": 14.72,
            "equity": 3286094,
            "current_ratio": 104.91,
            "debt_ratio": 56.35,
            "inventory_turnover_ratio": 1.65,
            "account_receivable_turnover_ratio": 0.71,
            "reinvestment_rate": 38.77,
            "research_to_sale_ratio": 2.21,
            "price_fair": 99.26,
            "eps_avg_yearly": 2.84,
            "eps_latest_yearly": 0.72,
            "eps_growth_yearly": 308.32
        },
        "20183": {
            "year_quarter": 20183,
            "year": 2018,
            "quarter": 3,
            "eps": 0.22,
            "eps_growth_year": 1000,
            "eps_4q": 0.62,
            "eps_4q_growth_year": null,
            "roe": 1.56,
            "roe_4q": 4.6499999999999995,
            "gross_profit": 228364,
            "gross_margin": 11.62,
            "gross_margin_4q_avg": 10.57,
            "net_income": 51697,
            "revenue": 1965609,
            "common_shares": 2240963,
            "book_valuer_per_share": 15.1,
            "book_valuer_per_share_4q_avg": 14.85,
            "equity": 3337791,
            "current_ratio": 101.18,
            "debt_ratio": 58.61,
            "inventory_turnover_ratio": 1.67,
            "account_receivable_turnover_ratio": 0.72,
            "reinvestment_rate": 45.13,
            "research_to_sale_ratio": 1.88,
            "price_fair": 88.48,
            "eps_avg_yearly": 2.53,
            "eps_latest_yearly": 0.88,
            "eps_growth_yearly": 291.07
        },
        "20184": {
            "year_quarter": 20184,
            "year": 2018,
            "quarter": 4,
            "eps": 0.33,
            "eps_growth_year": 80.68,
            "eps_4q": 0.77,
            "eps_4q_growth_year": 271.4,
            "roe": 2.34,
            "roe_4q": 5.6,
            "gross_profit": 249564,
            "gross_margin": 12.09,
            "gross_margin_4q_avg": 10.33,
            "net_income": 79156,
            "revenue": 2064739,
            "common_shares": 2240963,
            "book_valuer_per_share": 15.48,
            "book_valuer_per_share_4q_avg": 15.01,
            "equity": 3428509,
            "current_ratio": 101.56,
            "debt_ratio": 59.16,
            "inventory_turnover_ratio": 1.62,
            "account_receivable_turnover_ratio": 0.71,
            "reinvestment_rate": 68.9,
            "research_to_sale_ratio": 1.69,
            "price_fair": 75.6,
            "eps_avg_yearly": 2.16,
            "eps_latest_yearly": 1.32,
            "eps_growth_yearly": 300.56
        },
        "20191": {
            "year_quarter": 20191,
            "year": 2019,
            "quarter": 1,
            "eps": 0.15,
            "eps_growth_year": null,
            "eps_4q": 1,
            "eps_4q_growth_year": 195.26,
            "roe": 1.08,
            "roe_4q": 7.03,
            "gross_profit": 197829,
            "gross_margin": 9.8,
            "gross_margin_4q_avg": 10.33,
            "net_income": 37177,
            "revenue": 2018278,
            "common_shares": 2240963,
            "book_valuer_per_share": 15.64,
            "book_valuer_per_share_4q_avg": 15.28,
            "equity": 3465686,
            "current_ratio": 100.01,
            "debt_ratio": 58.83,
            "inventory_turnover_ratio": 1.62,
            "account_receivable_turnover_ratio": 0.68,
            "reinvestment_rate": 94.62,
            "research_to_sale_ratio": 1.78,
            "price_fair": 60.2,
            "eps_avg_yearly": 1.72,
            "eps_latest_yearly": 0.6,
            "eps_growth_yearly": 278.74
        },
        "20192": {
            "year_quarter": 20192,
            "year": 2019,
            "quarter": 2,
            "eps": -0.31,
            "eps_growth_year": -203.33,
            "eps_4q": 0.39,
            "eps_4q_growth_year": -8.52,
            "roe": -1.69,
            "roe_4q": 3.29,
            "gross_profit": 78539,
            "gross_margin": 4.42,
            "gross_margin_4q_avg": 9.48,
            "net_income": -57916,
            "revenue": 1777886,
            "common_shares": 2240963,
            "book_valuer_per_share": 15.32,
            "book_valuer_per_share_4q_avg": 15.39,
            "equity": 3386586,
            "current_ratio": 96.99,
            "debt_ratio": 58.95,
            "inventory_turnover_ratio": 1.6,
            "account_receivable_turnover_ratio": 0.6,
            "reinvestment_rate": 148.28,
            "research_to_sale_ratio": 2.11,
            "price_fair": 57.71,
            "eps_avg_yearly": 1.65,
            "eps_latest_yearly": 0.6,
            "eps_growth_yearly": 333.18
        },
        "20193": {
            "year_quarter": 20193,
            "year": 2019,
            "quarter": 3,
            "eps": -0.81,
            "eps_growth_year": -468.18,
            "eps_4q": -0.64,
            "eps_4q_growth_year": -202.59,
            "roe": -5.07,
            "roe_4q": -3.34,
            "gross_profit": -53016,
            "gross_margin": -2.98,
            "gross_margin_4q_avg": 5.83,
            "net_income": -167391,
            "revenue": 1777418,
            "common_shares": 2240963,
            "book_valuer_per_share": 14.51,
            "book_valuer_per_share_4q_avg": 15.24,
            "equity": 3219195,
            "current_ratio": 92.19,
            "debt_ratio": 61.11,
            "inventory_turnover_ratio": 1.78,
            "account_receivable_turnover_ratio": 0.62,
            "reinvestment_rate": 260.83,
            "research_to_sale_ratio": 2.03,
            "price_fair": 57.05,
            "eps_avg_yearly": 1.63,
            "eps_latest_yearly": 0.6,
            "eps_growth_yearly": 386.7
        },
        "20194": {
            "year_quarter": 20194,
            "year": 2019,
            "quarter": 4,
            "eps": -0.86,
            "eps_growth_year": -360.61,
            "eps_4q": -1.83,
            "eps_4q_growth_year": -337.47,
            "roe": -5.66,
            "roe_4q": -11.34,
            "gross_profit": 20546,
            "gross_margin": 1.09,
            "gross_margin_4q_avg": 3.08,
            "net_income": -177023,
            "revenue": 1885365,
            "common_shares": 2240963,
            "book_valuer_per_share": 13.64,
            "book_valuer_per_share_4q_avg": 14.78,
            "equity": 3038996,
            "current_ratio": 89.85,
            "debt_ratio": 62.46,
            "inventory_turnover_ratio": 1.91,
            "account_receivable_turnover_ratio": 0.7,
            "reinvestment_rate": 977.63,
            "research_to_sale_ratio": 2.1,
            "price_fair": 50.6,
            "eps_avg_yearly": 1.45,
            "eps_latest_yearly": 0.6,
            "eps_growth_yearly": 406.38
        },
        "20201": {
            "year_quarter": 20201,
            "year": 2020,
            "quarter": 1,
            "eps": -0.67,
            "eps_growth_year": -546.67,
            "eps_4q": -2.65,
            "eps_4q_growth_year": -364.8,
            "roe": -4.61,
            "roe_4q": -17.03,
            "gross_profit": 28674,
            "gross_margin": 1.7,
            "gross_margin_4q_avg": 1.06,
            "net_income": -136872,
            "revenue": 1690393,
            "common_shares": 2240963,
            "book_valuer_per_share": 12.97,
            "book_valuer_per_share_4q_avg": 14.11,
            "equity": 2902124,
            "current_ratio": 85,
            "debt_ratio": 63.72,
            "inventory_turnover_ratio": 1.71,
            "account_receivable_turnover_ratio": 0.66,
            "reinvestment_rate": null,
            "research_to_sale_ratio": 2.05,
            "price_fair": 43.17,
            "eps_avg_yearly": 1.23,
            "eps_latest_yearly": 0.6,
            "eps_growth_yearly": 478.68
        },
        "20202": {
            "year_quarter": 20202,
            "year": 2020,
            "quarter": 2,
            "eps": -1.85,
            "eps_growth_year": null,
            "eps_4q": -4.19,
            "eps_4q_growth_year": -1178.52,
            "roe": -14.48,
            "roe_4q": -29.82,
            "gross_profit": -170970,
            "gross_margin": -12.52,
            "gross_margin_4q_avg": -3.18,
            "net_income": -389949,
            "revenue": 1365351,
            "common_shares": 2240963,
            "book_valuer_per_share": 11.12,
            "book_valuer_per_share_4q_avg": 13.06,
            "equity": 2485652,
            "current_ratio": 78.76,
            "debt_ratio": 68.31,
            "inventory_turnover_ratio": 1.44,
            "account_receivable_turnover_ratio": 0.55,
            "reinvestment_rate": null,
            "research_to_sale_ratio": 2.34,
            "price_fair": 25.2,
            "eps_avg_yearly": 0.72,
            "eps_latest_yearly": 0.6,
            "eps_growth_yearly": 542.65
        }
    },
    "months": {
        "2001-06": {
            "month": "2001-06",
            "price": "18.16",
            "revenue": 132767
        },
        "2001-07": {
            "month": "2001-07",
            "price": "12.31",
            "revenue": 118780
        },
        "2001-08": {
            "month": "2001-08",
            "price": "10.67",
            "revenue": 110758
        },
        "2001-09": {
            "month": "2001-09",
            "price": "8.46",
            "revenue": 121557
        },
        "2001-10": {
            "month": "2001-10",
            "price": "9.19",
            "revenue": 160564
        },
        "2001-11": {
            "month": "2001-11",
            "price": "12.18",
            "revenue": 202933
        },
        "2001-12": {
            "month": "2001-12",
            "price": "19.91",
            "revenue": 178140
        },
        "2002-01": {
            "month": "2002-01",
            "price": "29.79",
            "revenue": 220309
        },
        "2002-02": {
            "month": "2002-02",
            "price": "29.09",
            "revenue": 105668
        },
        "2002-03": {
            "month": "2002-03",
            "price": "23.91",
            "revenue": 145131
        },
        "2002-04": {
            "month": "2002-04",
            "price": "24.30",
            "revenue": 146160
        },
        "2002-05": {
            "month": "2002-05",
            "price": "17.93",
            "revenue": 80726
        },
        "2002-06": {
            "month": "2002-06",
            "price": "16.12",
            "revenue": 80377
        },
        "2002-07": {
            "month": "2002-07",
            "price": "13.11",
            "revenue": 90062
        },
        "2002-08": {
            "month": "2002-08",
            "price": "13.38",
            "revenue": 114764
        },
        "2002-09": {
            "month": "2002-09",
            "price": "11.92",
            "revenue": 137150
        },
        "2002-10": {
            "month": "2002-10",
            "price": "10.25",
            "revenue": 123028
        },
        "2002-11": {
            "month": "2002-11",
            "price": "9.93",
            "revenue": 122008
        },
        "2002-12": {
            "month": "2002-12",
            "price": "8.96",
            "revenue": 109382
        },
        "2003-01": {
            "month": "2003-01",
            "price": "9.95",
            "revenue": 117797
        },
        "2003-02": {
            "month": "2003-02",
            "price": "9.73",
            "revenue": 60589
        },
        "2003-03": {
            "month": "2003-03",
            "price": "8.75",
            "revenue": 98181
        },
        "2003-04": {
            "month": "2003-04",
            "price": "8.40",
            "revenue": 123080
        },
        "2003-05": {
            "month": "2003-05",
            "price": "7.69",
            "revenue": 120189
        },
        "2003-06": {
            "month": "2003-06",
            "price": "8.96",
            "revenue": 99310
        },
        "2003-07": {
            "month": "2003-07",
            "price": "10.84",
            "revenue": 114426
        },
        "2003-08": {
            "month": "2003-08",
            "price": "9.18",
            "revenue": 108126
        },
        "2003-09": {
            "month": "2003-09",
            "price": "8.28",
            "revenue": 110654
        },
        "2003-10": {
            "month": "2003-10",
            "price": "8.56",
            "revenue": 162075
        },
        "2003-11": {
            "month": "2003-11",
            "price": "10.34",
            "revenue": 186791
        },
        "2003-12": {
            "month": "2003-12",
            "price": "12.37",
            "revenue": 202417
        },
        "2004-01": {
            "month": "2004-01",
            "price": "14.35",
            "revenue": 181356
        },
        "2004-02": {
            "month": "2004-02",
            "price": "16.33",
            "revenue": 175450
        },
        "2004-03": {
            "month": "2004-03",
            "price": "14.38",
            "revenue": 174555
        },
        "2004-04": {
            "month": "2004-04",
            "price": "15.50",
            "revenue": 186149
        },
        "2004-05": {
            "month": "2004-05",
            "price": "12.89",
            "revenue": 185594
        },
        "2004-06": {
            "month": "2004-06",
            "price": "12.46",
            "revenue": 170308
        },
        "2004-07": {
            "month": "2004-07",
            "price": "10.83",
            "revenue": 200536
        },
        "2004-08": {
            "month": "2004-08",
            "price": "10.18",
            "revenue": 180936
        },
        "2004-09": {
            "month": "2004-09",
            "price": "9.54",
            "revenue": 207240
        },
        "2004-10": {
            "month": "2004-10",
            "price": "9.20",
            "revenue": 224767
        },
        "2004-11": {
            "month": "2004-11",
            "price": "8.87",
            "revenue": 202200
        },
        "2004-12": {
            "month": "2004-12",
            "price": "8.22",
            "revenue": 155595
        },
        "2005-01": {
            "month": "2005-01",
            "price": "7.29",
            "revenue": 202515
        },
        "2005-02": {
            "month": "2005-02",
            "price": "8.50",
            "revenue": 170753
        },
        "2005-03": {
            "month": "2005-03",
            "price": "10.93",
            "revenue": 247034
        },
        "2005-04": {
            "month": "2005-04",
            "price": "12.01",
            "revenue": 219748
        },
        "2005-05": {
            "month": "2005-05",
            "price": "11.68",
            "revenue": 180298
        },
        "2005-06": {
            "month": "2005-06",
            "price": "13.03",
            "revenue": 150889
        },
        "2005-07": {
            "month": "2005-07",
            "price": "12.96",
            "revenue": 157244
        },
        "2005-08": {
            "month": "2005-08",
            "price": "10.88",
            "revenue": 174332
        },
        "2005-09": {
            "month": "2005-09",
            "price": "9.25",
            "revenue": 255453
        },
        "2005-10": {
            "month": "2005-10",
            "price": "9.51",
            "revenue": 261105
        },
        "2005-11": {
            "month": "2005-11",
            "price": "9.92",
            "revenue": 300660
        },
        "2005-12": {
            "month": "2005-12",
            "price": "13.36",
            "revenue": 303016
        },
        "2006-01": {
            "month": "2006-01",
            "price": "13.57",
            "revenue": 209870
        },
        "2006-02": {
            "month": "2006-02",
            "price": "11.88",
            "revenue": 240613
        },
        "2006-03": {
            "month": "2006-03",
            "price": "10.96",
            "revenue": 297517
        },
        "2006-04": {
            "month": "2006-04",
            "price": "12.33",
            "revenue": 229721
        },
        "2006-05": {
            "month": "2006-05",
            "price": "11.31",
            "revenue": 255861
        },
        "2006-06": {
            "month": "2006-06",
            "price": "9.93",
            "revenue": 244671
        },
        "2006-07": {
            "month": "2006-07",
            "price": "9.79",
            "revenue": 259154
        },
        "2006-08": {
            "month": "2006-08",
            "price": "9.83",
            "revenue": 311063
        },
        "2006-09": {
            "month": "2006-09",
            "price": "9.77",
            "revenue": 326955
        },
        "2006-10": {
            "month": "2006-10",
            "price": "10.69",
            "revenue": 339624
        },
        "2006-11": {
            "month": "2006-11",
            "price": "11.42",
            "revenue": 251459
        },
        "2006-12": {
            "month": "2006-12",
            "price": "11.34",
            "revenue": 238929
        },
        "2007-01": {
            "month": "2007-01",
            "price": "10.97",
            "revenue": 215522
        },
        "2007-02": {
            "month": "2007-02",
            "price": "10.48",
            "revenue": 192981
        },
        "2007-03": {
            "month": "2007-03",
            "price": "10.11",
            "revenue": 218989
        },
        "2007-04": {
            "month": "2007-04",
            "price": "10.54",
            "revenue": 231570
        },
        "2007-05": {
            "month": "2007-05",
            "price": "9.62",
            "revenue": 304006
        },
        "2007-06": {
            "month": "2007-06",
            "price": "10.39",
            "revenue": 297696
        },
        "2007-07": {
            "month": "2007-07",
            "price": "12.53",
            "revenue": 283623
        },
        "2007-08": {
            "month": "2007-08",
            "price": "11.53",
            "revenue": 338773
        },
        "2007-09": {
            "month": "2007-09",
            "price": "10.74",
            "revenue": 284447
        },
        "2007-10": {
            "month": "2007-10",
            "price": "10.01",
            "revenue": 303373
        },
        "2007-11": {
            "month": "2007-11",
            "price": "8.73",
            "revenue": 363181
        },
        "2007-12": {
            "month": "2007-12",
            "price": "9.00",
            "revenue": 342025
        },
        "2008-01": {
            "month": "2008-01",
            "price": "8.06",
            "revenue": 335916
        },
        "2008-02": {
            "month": "2008-02",
            "price": "7.62",
            "revenue": 309059
        },
        "2008-03": {
            "month": "2008-03",
            "price": "8.63",
            "revenue": 374755
        },
        "2008-04": {
            "month": "2008-04",
            "price": "9.59",
            "revenue": 370277
        },
        "2008-05": {
            "month": "2008-05",
            "price": "9.71",
            "revenue": 331559
        },
        "2008-06": {
            "month": "2008-06",
            "price": "8.22",
            "revenue": 338439
        },
        "2008-07": {
            "month": "2008-07",
            "price": "6.47",
            "revenue": 339401
        },
        "2008-08": {
            "month": "2008-08",
            "price": "6.58",
            "revenue": 358396
        },
        "2008-09": {
            "month": "2008-09",
            "price": "5.97",
            "revenue": 382381
        },
        "2008-10": {
            "month": "2008-10",
            "price": "4.67",
            "revenue": 387345
        },
        "2008-11": {
            "month": "2008-11",
            "price": "3.35",
            "revenue": 359987
        },
        "2008-12": {
            "month": "2008-12",
            "price": "3.16",
            "revenue": 273160
        },
        "2009-01": {
            "month": "2009-01",
            "price": "3.07",
            "revenue": 230039
        },
        "2009-02": {
            "month": "2009-02",
            "price": "3.31",
            "revenue": 339382
        },
        "2009-03": {
            "month": "2009-03",
            "price": "4.49",
            "revenue": 352783
        },
        "2009-04": {
            "month": "2009-04",
            "price": "5.35",
            "revenue": 355298
        },
        "2009-05": {
            "month": "2009-05",
            "price": "7.07",
            "revenue": 346426
        },
        "2009-06": {
            "month": "2009-06",
            "price": "6.99",
            "revenue": 340932
        },
        "2009-07": {
            "month": "2009-07",
            "price": "7.18",
            "revenue": 373855
        },
        "2009-08": {
            "month": "2009-08",
            "price": "7.79",
            "revenue": 397640
        },
        "2009-09": {
            "month": "2009-09",
            "price": "10.85",
            "revenue": 440426
        },
        "2009-10": {
            "month": "2009-10",
            "price": "13.65",
            "revenue": 459196
        },
        "2009-11": {
            "month": "2009-11",
            "price": "13.19",
            "revenue": 472813
        },
        "2009-12": {
            "month": "2009-12",
            "price": "17.92",
            "revenue": 453476
        },
        "2010-01": {
            "month": "2010-01",
            "price": "18.23",
            "revenue": 510419
        },
        "2010-02": {
            "month": "2010-02",
            "price": "16.33",
            "revenue": 449826
        },
        "2010-03": {
            "month": "2010-03",
            "price": "18.32",
            "revenue": 514742
        },
        "2010-04": {
            "month": "2010-04",
            "price": "19.06",
            "revenue": 496340
        },
        "2010-05": {
            "month": "2010-05",
            "price": "16.81",
            "revenue": 506554
        },
        "2010-06": {
            "month": "2010-06",
            "price": "15.57",
            "revenue": 491730
        },
        "2010-07": {
            "month": "2010-07",
            "price": "15.78",
            "revenue": 534279
        },
        "2010-08": {
            "month": "2010-08",
            "price": "16.78",
            "revenue": 554251
        },
        "2010-09": {
            "month": "2010-09",
            "price": "15.93",
            "revenue": 556436
        },
        "2010-10": {
            "month": "2010-10",
            "price": "15.97",
            "revenue": 546399
        },
        "2010-11": {
            "month": "2010-11",
            "price": "15.00",
            "revenue": 575197
        },
        "2010-12": {
            "month": "2010-12",
            "price": "16.93",
            "revenue": 584456
        },
        "2011-01": {
            "month": "2011-01",
            "price": "17.50",
            "revenue": 545781
        },
        "2011-02": {
            "month": "2011-02",
            "price": "15.79",
            "revenue": 502387
        },
        "2011-03": {
            "month": "2011-03",
            "price": "15.20",
            "revenue": 611765
        },
        "2011-04": {
            "month": "2011-04",
            "price": "16.01",
            "revenue": 656030
        },
        "2011-05": {
            "month": "2011-05",
            "price": "22.38",
            "revenue": 668134
        },
        "2011-06": {
            "month": "2011-06",
            "price": "27.78",
            "revenue": 674734
        },
        "2011-07": {
            "month": "2011-07",
            "price": "28.28",
            "revenue": 677927
        },
        "2011-08": {
            "month": "2011-08",
            "price": "21.34",
            "revenue": 667739
        },
        "2011-09": {
            "month": "2011-09",
            "price": "18.88",
            "revenue": 657946
        },
        "2011-10": {
            "month": "2011-10",
            "price": "17.33",
            "revenue": 660139
        },
        "2011-11": {
            "month": "2011-11",
            "price": "17.88",
            "revenue": 632374
        },
        "2011-12": {
            "month": "2011-12",
            "price": "16.14",
            "revenue": 614158
        },
        "2012-01": {
            "month": "2012-01",
            "price": "17.34",
            "revenue": 562767
        },
        "2012-02": {
            "month": "2012-02",
            "price": "21.24",
            "revenue": 545175
        },
        "2012-03": {
            "month": "2012-03",
            "price": "23.87",
            "revenue": 651978
        },
        "2012-04": {
            "month": "2012-04",
            "price": "21.26",
            "revenue": 614336
        },
        "2012-05": {
            "month": "2012-05",
            "price": "20.85",
            "revenue": 593858
        },
        "2012-06": {
            "month": "2012-06",
            "price": "18.73",
            "revenue": 550555
        },
        "2012-07": {
            "month": "2012-07",
            "price": "18.90",
            "revenue": 577556
        },
        "2012-08": {
            "month": "2012-08",
            "price": "19.32",
            "revenue": 648234
        },
        "2012-09": {
            "month": "2012-09",
            "price": "18.71",
            "revenue": 660498
        },
        "2012-10": {
            "month": "2012-10",
            "price": "17.12",
            "revenue": 616086
        },
        "2012-11": {
            "month": "2012-11",
            "price": "17.20",
            "revenue": 669573
        },
        "2012-12": {
            "month": "2012-12",
            "price": "20.97",
            "revenue": 677402
        },
        "2013-01": {
            "month": "2013-01",
            "price": "22.14",
            "revenue": 702027
        },
        "2013-02": {
            "month": "2013-02",
            "price": "22.53",
            "revenue": 596317
        },
        "2013-03": {
            "month": "2013-03",
            "price": "21.51",
            "revenue": 655395
        },
        "2013-04": {
            "month": "2013-04",
            "price": "22.78",
            "revenue": 628295
        },
        "2013-05": {
            "month": "2013-05",
            "price": "27.33",
            "revenue": 643671
        },
        "2013-06": {
            "month": "2013-06",
            "price": "28.89",
            "revenue": 622866
        },
        "2013-07": {
            "month": "2013-07",
            "price": "33.45",
            "revenue": 615720
        },
        "2013-08": {
            "month": "2013-08",
            "price": "36.28",
            "revenue": 644620
        },
        "2013-09": {
            "month": "2013-09",
            "price": "38.14",
            "revenue": 662117
        },
        "2013-10": {
            "month": "2013-10",
            "price": "34.63",
            "revenue": 680686
        },
        "2013-11": {
            "month": "2013-11",
            "price": "33.30",
            "revenue": 652033
        },
        "2013-12": {
            "month": "2013-12",
            "price": "34.99",
            "revenue": 629698
        },
        "2014-01": {
            "month": "2014-01",
            "price": "36.69",
            "revenue": 644212
        },
        "2014-02": {
            "month": "2014-02",
            "price": "35.38",
            "revenue": 611187
        },
        "2014-03": {
            "month": "2014-03",
            "price": "35.77",
            "revenue": 635906
        },
        "2014-04": {
            "month": "2014-04",
            "price": "35.73",
            "revenue": 635996
        },
        "2014-05": {
            "month": "2014-05",
            "price": "33.31",
            "revenue": 658774
        },
        "2014-06": {
            "month": "2014-06",
            "price": "33.89",
            "revenue": 643708
        },
        "2014-07": {
            "month": "2014-07",
            "price": "33.57",
            "revenue": 644312
        },
        "2014-08": {
            "month": "2014-08",
            "price": "30.74",
            "revenue": 666369
        },
        "2014-09": {
            "month": "2014-09",
            "price": "32.02",
            "revenue": 729819
        },
        "2014-10": {
            "month": "2014-10",
            "price": "34.72",
            "revenue": 767664
        },
        "2014-11": {
            "month": "2014-11",
            "price": "37.88",
            "revenue": 768373
        },
        "2014-12": {
            "month": "2014-12",
            "price": "41.05",
            "revenue": 767039
        },
        "2015-01": {
            "month": "2015-01",
            "price": "42.64",
            "revenue": 826860
        },
        "2015-02": {
            "month": "2015-02",
            "price": "47.79",
            "revenue": 680246
        },
        "2015-03": {
            "month": "2015-03",
            "price": "53.06",
            "revenue": 843777
        },
        "2015-04": {
            "month": "2015-04",
            "price": "57.86",
            "revenue": 763663
        },
        "2015-05": {
            "month": "2015-05",
            "price": "48.44",
            "revenue": 650818
        },
        "2015-06": {
            "month": "2015-06",
            "price": "43.68",
            "revenue": 504855
        },
        "2015-07": {
            "month": "2015-07",
            "price": "35.76",
            "revenue": 525325
        },
        "2015-08": {
            "month": "2015-08",
            "price": "28.72",
            "revenue": 526654
        },
        "2015-09": {
            "month": "2015-09",
            "price": "31.43",
            "revenue": 605497
        },
        "2015-10": {
            "month": "2015-10",
            "price": "36.77",
            "revenue": 642005
        },
        "2015-11": {
            "month": "2015-11",
            "price": "37.29",
            "revenue": 628414
        },
        "2015-12": {
            "month": "2015-12",
            "price": "31.65",
            "revenue": 554951
        },
        "2016-01": {
            "month": "2016-01",
            "price": "27.97",
            "revenue": 654970
        },
        "2016-02": {
            "month": "2016-02",
            "price": "29.32",
            "revenue": 548469
        },
        "2016-03": {
            "month": "2016-03",
            "price": "33.64",
            "revenue": 718628
        },
        "2016-04": {
            "month": "2016-04",
            "price": "45.28",
            "revenue": 705172
        },
        "2016-05": {
            "month": "2016-05",
            "price": "42.94",
            "revenue": 755141
        },
        "2016-06": {
            "month": "2016-06",
            "price": "45.71",
            "revenue": 744139
        },
        "2016-07": {
            "month": "2016-07",
            "price": "45.13",
            "revenue": 697112
        },
        "2016-08": {
            "month": "2016-08",
            "price": "38.37",
            "revenue": 526293
        },
        "2016-09": {
            "month": "2016-09",
            "price": "36.09",
            "revenue": 483245
        },
        "2016-10": {
            "month": "2016-10",
            "price": "32.55",
            "revenue": 510443
        },
        "2016-11": {
            "month": "2016-11",
            "price": "29.95",
            "revenue": 525648
        },
        "2016-12": {
            "month": "2016-12",
            "price": "31.62",
            "revenue": 465905
        },
        "2017-01": {
            "month": "2017-01",
            "price": "30.42",
            "revenue": 401483
        },
        "2017-02": {
            "month": "2017-02",
            "price": "32.15",
            "revenue": 476431
        },
        "2017-03": {
            "month": "2017-03",
            "price": "31.28",
            "revenue": 611048
        },
        "2017-04": {
            "month": "2017-04",
            "price": "28.84",
            "revenue": 619329
        },
        "2017-05": {
            "month": "2017-05",
            "price": "27.18",
            "revenue": 616105
        },
        "2017-06": {
            "month": "2017-06",
            "price": "29.45",
            "revenue": 595274
        },
        "2017-07": {
            "month": "2017-07",
            "price": "28.55",
            "revenue": 532088
        },
        "2017-08": {
            "month": "2017-08",
            "price": "24.42",
            "revenue": 524374
        },
        "2017-09": {
            "month": "2017-09",
            "price": "24.01",
            "revenue": 592070
        },
        "2017-10": {
            "month": "2017-10",
            "price": "25.38",
            "revenue": 621542
        },
        "2017-11": {
            "month": "2017-11",
            "price": "27.97",
            "revenue": 644963
        },
        "2017-12": {
            "month": "2017-12",
            "price": "35.62",
            "revenue": 618805
        },
        "2018-01": {
            "month": "2018-01",
            "price": "35.62",
            "revenue": 621452
        },
        "2018-02": {
            "month": "2018-02",
            "price": "32.16",
            "revenue": 490942
        },
        "2018-03": {
            "month": "2018-03",
            "price": "29.81",
            "revenue": 652607
        },
        "2018-04": {
            "month": "2018-04",
            "price": "28.25",
            "revenue": 617671
        },
        "2018-05": {
            "month": "2018-05",
            "price": "26.82",
            "revenue": 622104
        },
        "2018-06": {
            "month": "2018-06",
            "price": "30.07",
            "revenue": 554541
        },
        "2018-07": {
            "month": "2018-07",
            "price": "28.95",
            "revenue": 649848
        },
        "2018-08": {
            "month": "2018-08",
            "price": "30.75",
            "revenue": 666138
        },
        "2018-09": {
            "month": "2018-09",
            "price": "29.78",
            "revenue": 672837
        },
        "2018-10": {
            "month": "2018-10",
            "price": "26.49",
            "revenue": 695617
        },
        "2018-11": {
            "month": "2018-11",
            "price": "30.40",
            "revenue": 676011
        },
        "2018-12": {
            "month": "2018-12",
            "price": "30.75",
            "revenue": 678251
        },
        "2019-01": {
            "month": "2019-01",
            "price": "33.00",
            "revenue": 732048
        },
        "2019-02": {
            "month": "2019-02",
            "price": "33.47",
            "revenue": 554811
        },
        "2019-03": {
            "month": "2019-03",
            "price": "33.04",
            "revenue": 737234
        },
        "2019-04": {
            "month": "2019-04",
            "price": "36.58",
            "revenue": 602962
        },
        "2019-05": {
            "month": "2019-05",
            "price": "29.56",
            "revenue": 618880
        },
        "2019-06": {
            "month": "2019-06",
            "price": "28.28",
            "revenue": 549266
        },
        "2019-07": {
            "month": "2019-07",
            "price": "30.36",
            "revenue": 646129
        },
        "2019-08": {
            "month": "2019-08",
            "price": "29.25",
            "revenue": 552059
        },
        "2019-09": {
            "month": "2019-09",
            "price": "29.12",
            "revenue": 580139
        },
        "2019-10": {
            "month": "2019-10",
            "price": "27.63",
            "revenue": 661327
        },
        "2019-11": {
            "month": "2019-11",
            "price": "25.93",
            "revenue": 598434
        },
        "2019-12": {
            "month": "2019-12",
            "price": "25.15",
            "revenue": 628914
        },
        "2020-01": {
            "month": "2020-01",
            "price": "24.25",
            "revenue": 542604
        },
        "2020-02": {
            "month": "2020-02",
            "price": "23.11",
            "revenue": 559047
        },
        "2020-03": {
            "month": "2020-03",
            "price": "19.00",
            "revenue": 598361
        },
        "2020-04": {
            "month": "2020-04",
            "price": "18.29",
            "revenue": 557259
        },
        "2020-05": {
            "month": "2020-05",
            "price": "21.31",
            "revenue": 505999
        },
        "2020-06": {
            "month": "2020-06",
            "price": "24.25",
            "revenue": 336346
        },
        "2020-07": {
            "month": "2020-07",
            "price": "25.41",
            "revenue": 353650
        },
        "2020-08": {
            "month": "2020-08",
            "price": "25.81",
            "revenue": 466227
        },
        "2020-09": {
            "month": "2020-09",
            "price": "24.92",
            "revenue": 552509
        }
    }
}
