{
    "summary": {
        "stock_name": "鈺創",
        "stock_id": "5351",
        "category": "半導體",
        "main_business": "研發、開發、生產、製造、測試、銷售半導體裝置。<br>前項產品有關之管理顧問、諮詢及技術移轉。<br>兼營本公司業務相關之進出口貿易業務。",
        "website_url": "https://www.etron.com",
        "ceo": "鄧茂松",
        "pe_ratio": -20,
        "report_year_from": 2001,
        "report_year_to": 2023,
        "age": 22,
        "eps_negative_percentage": 52,
        "eps_growth_avg": {
            "last_all": -0.44,
            "last_2y": -85.38,
            "last_4y": -85.38,
            "last_8y": -28.46,
            "last_12y": -17.08,
            "last_16y": -10.49,
            "last_20y": -0.44,
            "at_2006_last_3y": 33.87,
            "at_2007_last_3y": 45.25,
            "at_2008_last_3y": -4.75,
            "at_2009_last_3y": 0.49,
            "at_2010_last_3y": 26.47,
            "at_2011_last_3y": -33.33,
            "at_2012_last_3y": 0,
            "at_2013_last_3y": 0,
            "at_2014_last_3y": 0,
            "at_2015_last_3y": 0,
            "at_2016_last_3y": 0,
            "at_2017_last_3y": 0,
            "at_2018_last_3y": -100,
            "at_2019_last_3y": null,
            "at_2020_last_3y": null,
            "at_2021_last_3y": null,
            "at_2022_last_3y": -85.38,
            "at_2023_last_3y": -85.38,
            "at_2006_last_all": 33.87,
            "at_2007_last_all": 45.25,
            "at_2008_last_all": 16.2,
            "at_2009_last_all": 16.2,
            "at_2010_last_all": 30.17,
            "at_2011_last_all": 11.57,
            "at_2012_last_all": 11.57,
            "at_2013_last_all": 11.57,
            "at_2014_last_all": 22.62,
            "at_2015_last_all": 9,
            "at_2016_last_all": 9,
            "at_2017_last_all": 9,
            "at_2018_last_all": 9,
            "at_2019_last_all": 9,
            "at_2020_last_all": 9,
            "at_2021_last_all": 9,
            "at_2022_last_all": -0.44,
            "at_2023_last_all": -0.44
        },
        "latest_eps": -2.04,
        "latest_price": 41.25,
        "latest_roe": -15.91,
        "latest_gross_margin": -3.03,
        "latest_equity": 3983047,
        "latest_revenue": 741405,
        "latest_gross_profit": -22465,
        "latest_net_income": -160017,
        "latest_debt_ratio": 47.74,
        "latest_current_ratio": 243.71,
        "latest_account_receivable_turnover_ratio": 0.91,
        "latest_inventory_turnover_ratio": 0.22,
        "latest_reinvestment_rate": -153.38,
        "latest_research_to_sale_ratio": 24.11
    },
    "eps_dividends": {
        "1994": {
            "cash": 3.7,
            "stock": 3.7,
            "eps": 0
        },
        "1995": {
            "cash": 7.32,
            "stock": 7.32,
            "eps": 0
        },
        "1996": {
            "cash": 10,
            "stock": 10,
            "eps": 0
        },
        "1997": {
            "cash": 1.35,
            "stock": 1.35,
            "eps": 0
        },
        "1998": {
            "cash": 2.5,
            "stock": 2.5,
            "eps": 0
        },
        "1999": {
            "cash": 1.2,
            "stock": 1.2,
            "eps": 0
        },
        "2000": {
            "cash": 2,
            "stock": 2,
            "eps": 0
        },
        "2001": {
            "cash": 1.3,
            "stock": 1.3,
            "eps": -0.28
        },
        "2002": {
            "cash": 1,
            "stock": 1,
            "eps": -2.12
        },
        "2003": {
            "cash": 0,
            "stock": 0,
            "eps": 0.85
        },
        "2004": {
            "cash": 0,
            "stock": 0.43,
            "eps": 2.05
        },
        "2005": {
            "cash": 0,
            "stock": 0,
            "eps": 1.63
        },
        "2006": {
            "cash": 1.01,
            "stock": 0.4,
            "eps": 1.99
        },
        "2007": {
            "cash": 1.17,
            "stock": 0.6,
            "eps": 3.57
        },
        "2008": {
            "cash": 0.82,
            "stock": 1.23,
            "eps": -1.89
        },
        "2009": {
            "cash": 0,
            "stock": 0,
            "eps": 0.19
        },
        "2010": {
            "cash": 0.06,
            "stock": 0.09,
            "eps": 0.51
        },
        "2011": {
            "cash": 0.12,
            "stock": 0.2,
            "eps": -1.99
        },
        "2012": {
            "cash": 0,
            "stock": 0,
            "eps": -1.13
        },
        "2013": {
            "cash": 0,
            "stock": 0,
            "eps": 0.03
        },
        "2014": {
            "cash": 0,
            "stock": 0,
            "eps": 0.3
        },
        "2015": {
            "cash": 0.2,
            "stock": 0,
            "eps": -0.32
        },
        "2016": {
            "cash": 0,
            "stock": 0,
            "eps": -0.95
        },
        "2017": {
            "cash": 0,
            "stock": 0,
            "eps": -1.26
        },
        "2018": {
            "cash": 0,
            "stock": 0,
            "eps": -1.49
        },
        "2019": {
            "cash": 0,
            "stock": 0,
            "eps": -1.15
        },
        "2020": {
            "cash": 0,
            "stock": 0,
            "eps": -0.92
        },
        "2021": {
            "cash": 0,
            "stock": 0,
            "eps": 3.9
        },
        "2022": {
            "cash": 0.8,
            "stock": 0.5,
            "eps": 0.57
        },
        "2023": {
            "cash": 0.02,
            "stock": 0.14,
            "eps": -1.26
        }
    },
    "dividends": {
        "1994-04-17": {
            "cash": 3.7,
            "stock": 3.7
        },
        "1995-04-17": {
            "cash": 7.32,
            "stock": 7.32
        },
        "1996-05-20": {
            "cash": 10,
            "stock": 10
        },
        "1997-06-02": {
            "cash": 1.35,
            "stock": 1.35
        },
        "1998-04-11": {
            "cash": 2.5,
            "stock": 2.5
        },
        "1999-06-28": {
            "cash": 1.2,
            "stock": 1.2
        },
        "2000-04-20": {
            "cash": 2,
            "stock": 2
        },
        "2001-06-28": {
            "cash": 1.3,
            "stock": 1.3
        },
        "2002-06-27": {
            "cash": 1,
            "stock": 1
        },
        "2004-04-27": {
            "cash": 0,
            "stock": 0.43
        },
        "2006-05-02": {
            "cash": 1.01,
            "stock": 0.4
        },
        "2007-04-26": {
            "cash": 1.17,
            "stock": 0.6
        },
        "2008-04-29": {
            "cash": 0.82,
            "stock": 1.23
        },
        "2010-03-25": {
            "cash": 0.06,
            "stock": 0.09
        },
        "2011-04-29": {
            "cash": 0.12,
            "stock": 0.2
        },
        "2015-11-12": {
            "cash": 0.2,
            "stock": 0
        },
        "2022-10-19": {
            "cash": 0.8,
            "stock": 0.5
        },
        "2023-10-06": {
            "cash": 0.02,
            "stock": 0.14
        }
    },
    "prices": {
        "200101": "51.70",
        "200102": "64.08",
        "200103": "65.89",
        "200104": "59.10",
        "200105": "44.20",
        "200106": "41.73",
        "200107": "32.00",
        "200108": "29.96",
        "200109": "20.95",
        "200110": "18.47",
        "200111": "27.98",
        "200112": "50.19",
        "200201": "49.33",
        "200202": "46.76",
        "200203": "59.33",
        "200204": "52.24",
        "200205": "39.34",
        "200206": "32.62",
        "200207": "32.88",
        "200208": "33.83",
        "200209": "27.99",
        "200210": "24.25",
        "200211": "23.58",
        "200212": "20.96",
        "200301": "20.43",
        "200302": "17.34",
        "200303": "16.41",
        "200304": "16.39",
        "200305": "15.39",
        "200306": "21.66",
        "200307": "26.29",
        "200308": "23.69",
        "200309": "21.95",
        "200310": "21.74",
        "200311": "23.39",
        "200312": "25.57",
        "200401": "34.33",
        "200402": "41.58",
        "200403": "49.05",
        "200404": "60.09",
        "200405": "45.94",
        "200406": "35.12",
        "200407": "30.82",
        "200408": "28.80",
        "200409": "29.44",
        "200410": "25.42",
        "200411": "19.99",
        "200412": "19.17",
        "200501": "19.41",
        "200502": "22.33",
        "200503": "24.09",
        "200504": "21.51",
        "200505": "21.97",
        "200506": "27.38",
        "200507": "33.75",
        "200508": "30.35",
        "200509": "23.82",
        "200510": "21.82",
        "200511": "22.32",
        "200512": "28.38",
        "200601": "35.40",
        "200602": "37.83",
        "200603": "46.11",
        "200604": "41.57",
        "200605": "35.74",
        "200606": "29.96",
        "200607": "30.32",
        "200608": "31.89",
        "200609": "31.56",
        "200610": "32.02",
        "200611": "33.90",
        "200612": "31.91",
        "200701": "33.93",
        "200702": "31.93",
        "200703": "37.82",
        "200704": "39.79",
        "200705": "39.22",
        "200706": "36.56",
        "200707": "41.32",
        "200708": "39.27",
        "200709": "40.42",
        "200710": "38.50",
        "200711": "33.86",
        "200712": "28.96",
        "200801": "26.05",
        "200802": "24.84",
        "200803": "26.75",
        "200804": "27.50",
        "200805": "24.67",
        "200806": "20.55",
        "200807": "17.25",
        "200808": "17.81",
        "200809": "12.97",
        "200810": "10.03",
        "200811": "7.47",
        "200812": "7.19",
        "200901": "7.18",
        "200902": "8.25",
        "200903": "9.47",
        "200904": "13.96",
        "200905": "15.16",
        "200906": "12.59",
        "200907": "13.56",
        "200908": "13.71",
        "200909": "14.92",
        "200910": "16.08",
        "200911": "20.03",
        "200912": "22.53",
        "201001": "25.64",
        "201002": "22.38",
        "201003": "25.49",
        "201004": "27.17",
        "201005": "25.65",
        "201006": "26.35",
        "201007": "24.78",
        "201008": "23.32",
        "201009": "23.19",
        "201010": "23.18",
        "201011": "22.25",
        "201012": "23.52",
        "201101": "23.46",
        "201102": "21.80",
        "201103": "19.09",
        "201104": "17.93",
        "201105": "17.67",
        "201106": "17.30",
        "201107": "14.13",
        "201108": "12.03",
        "201109": "10.85",
        "201110": "10.82",
        "201111": "10.55",
        "201112": "9.19",
        "201201": "9.73",
        "201202": "11.92",
        "201203": "11.32",
        "201204": "9.58",
        "201205": "9.41",
        "201206": "9.50",
        "201207": "9.57",
        "201208": "9.45",
        "201209": "9.72",
        "201210": "8.19",
        "201211": "7.65",
        "201212": "8.17",
        "201301": "8.64",
        "201302": "8.70",
        "201303": "9.26",
        "201304": "10.91",
        "201305": "12.89",
        "201306": "15.53",
        "201307": "13.26",
        "201308": "11.50",
        "201309": "12.44",
        "201310": "13.30",
        "201311": "12.55",
        "201312": "12.97",
        "201401": "14.18",
        "201402": "13.70",
        "201403": "14.45",
        "201404": "16.09",
        "201405": "15.43",
        "201406": "16.86",
        "201407": "16.15",
        "201408": "15.94",
        "201409": "16.28",
        "201410": "14.74",
        "201411": "14.42",
        "201412": "16.39",
        "201501": "18.93",
        "201502": "18.61",
        "201503": "20.00",
        "201504": "20.02",
        "201505": "16.82",
        "201506": "17.32",
        "201507": "15.92",
        "201508": "11.53",
        "201509": "13.13",
        "201510": "14.26",
        "201511": "12.83",
        "201512": "13.23",
        "201601": "12.69",
        "201602": "13.03",
        "201603": "13.25",
        "201604": "12.64",
        "201605": "11.47",
        "201606": "12.30",
        "201607": "12.69",
        "201608": "13.06",
        "201609": "13.25",
        "201610": "12.49",
        "201611": "11.45",
        "201612": "12.08",
        "201701": "12.47",
        "201702": "12.71",
        "201703": "12.36",
        "201704": "12.40",
        "201705": "11.69",
        "201706": "12.05",
        "201707": "12.00",
        "201708": "11.83",
        "201709": "12.20",
        "201710": "13.87",
        "201711": "15.50",
        "201712": "14.58",
        "201801": "15.63",
        "201802": "13.98",
        "201803": "12.75",
        "201804": "11.48",
        "201805": "12.20",
        "201806": "14.00",
        "201807": "13.25",
        "201808": "12.83",
        "201809": "11.68",
        "201810": "9.74",
        "201811": "8.84",
        "201812": "9.71",
        "201901": "9.37",
        "201902": "10.04",
        "201903": "10.59",
        "201904": "10.09",
        "201905": "9.93",
        "201906": "10.87",
        "201907": "11.17",
        "201908": "10.68",
        "201909": "10.76",
        "201910": "10.09",
        "201911": "9.25",
        "201912": "10.14",
        "202001": "10.25",
        "202002": "8.94",
        "202003": "5.36",
        "202004": "5.92",
        "202005": "6.36",
        "202006": "7.87",
        "202007": "10.57",
        "202008": "9.98",
        "202009": "11.22",
        "202010": "17.83",
        "202011": "17.47",
        "202012": "23.84",
        "202101": "22.07",
        "202102": "22.31",
        "202103": "23.07",
        "202104": "26.82",
        "202105": "24.16",
        "202106": "26.58",
        "202107": "39.19",
        "202108": "43.90",
        "202109": "44.61",
        "202110": "46.18",
        "202111": "83.76",
        "202112": "89.50",
        "202201": "79.28",
        "202202": "79.98",
        "202203": "80.15",
        "202204": "68.55",
        "202205": "65.55",
        "202206": "62.94",
        "202207": "50.48",
        "202208": "50.36",
        "202209": "41.70",
        "202210": "32.71",
        "202211": "39.74",
        "202212": "41.79",
        "202301": "42.67",
        "202302": "47.16",
        "202303": "45.87",
        "202304": "45.46",
        "202305": "42.07",
        "202306": "43.78",
        "202307": "42.23",
        "202308": "40.10",
        "202309": "42.16",
        "202310": "42.10"
    },
    "quarters": {
        "20011": {
            "year_quarter": 20011,
            "year": 2001,
            "quarter": 1,
            "eps": 0.12,
            "eps_growth_year": null,
            "eps_4q": 2.39,
            "eps_4q_growth_year": 240.2,
            "roe": 0.58,
            "roe_4q": 0.58,
            "gross_profit": 139204,
            "gross_margin": 20.94,
            "gross_margin_4q_avg": 20.94,
            "net_income": 20027,
            "net_income_4q": null,
            "revenue": 664721,
            "revenue_4q": null,
            "common_shares": 1727995,
            "book_valuer_per_share": 20.98,
            "book_valuer_per_share_4q_avg": 20.98,
            "equity": 3625834,
            "current_ratio": 234.9,
            "debt_ratio": 43.99,
            "inventory_turnover_ratio": 0.32,
            "account_receivable_turnover_ratio": null,
            "reinvestment_rate": null,
            "research_to_sale_ratio": null,
            "price_fair": 0,
            "eps_avg_yearly": 0,
            "eps_latest_yearly": 0,
            "eps_growth_yearly": 0
        },
        "20012": {
            "year_quarter": 20012,
            "year": 2001,
            "quarter": 2,
            "eps": 0.09,
            "eps_growth_year": -88.16,
            "eps_4q": 1.93,
            "eps_4q_growth_year": 44.85,
            "roe": 0.41,
            "roe_4q": 0.99,
            "gross_profit": 47853,
            "gross_margin": 8.2,
            "gross_margin_4q_avg": 14.57,
            "net_income": 14826,
            "net_income_4q": null,
            "revenue": 583735,
            "revenue_4q": null,
            "common_shares": 1727995,
            "book_valuer_per_share": 20.7,
            "book_valuer_per_share_4q_avg": 20.84,
            "equity": 3576255,
            "current_ratio": 213.99,
            "debt_ratio": 45.7,
            "inventory_turnover_ratio": 0.31,
            "account_receivable_turnover_ratio": null,
            "reinvestment_rate": null,
            "research_to_sale_ratio": null,
            "price_fair": 0,
            "eps_avg_yearly": 0,
            "eps_latest_yearly": 0,
            "eps_growth_yearly": 0
        },
        "20013": {
            "year_quarter": 20013,
            "year": 2001,
            "quarter": 3,
            "eps": -0.21,
            "eps_growth_year": -126.92,
            "eps_4q": 0.9,
            "eps_4q_growth_year": -51.77,
            "roe": -1.2,
            "roe_4q": -0.21000000000000008,
            "gross_profit": 57762,
            "gross_margin": 8.18,
            "gross_margin_4q_avg": 12.44,
            "net_income": -42279,
            "net_income_4q": null,
            "revenue": 706325,
            "revenue_4q": null,
            "common_shares": 1981206,
            "book_valuer_per_share": 17.46,
            "book_valuer_per_share_4q_avg": 19.71,
            "equity": 3458974,
            "current_ratio": 131.46,
            "debt_ratio": 45.93,
            "inventory_turnover_ratio": 0.38,
            "account_receivable_turnover_ratio": null,
            "reinvestment_rate": null,
            "research_to_sale_ratio": null,
            "price_fair": 0,
            "eps_avg_yearly": 0,
            "eps_latest_yearly": 0,
            "eps_growth_yearly": 0
        },
        "20014": {
            "year_quarter": 20014,
            "year": 2001,
            "quarter": 4,
            "eps": -0.28,
            "eps_growth_year": -123.33,
            "eps_4q": -0.31,
            "eps_4q_growth_year": -115.04,
            "roe": -1.58,
            "roe_4q": -1.79,
            "gross_profit": 144697,
            "gross_margin": 19.08,
            "gross_margin_4q_avg": 14.1,
            "net_income": -54392,
            "net_income_4q": null,
            "revenue": 758298,
            "revenue_4q": null,
            "common_shares": 1985121,
            "book_valuer_per_share": 17.33,
            "book_valuer_per_share_4q_avg": 19.12,
            "equity": 3439327,
            "current_ratio": 158.49,
            "debt_ratio": 46.96,
            "inventory_turnover_ratio": 0.38,
            "account_receivable_turnover_ratio": null,
            "reinvestment_rate": null,
            "research_to_sale_ratio": null,
            "price_fair": 0,
            "eps_avg_yearly": 0,
            "eps_latest_yearly": 0,
            "eps_growth_yearly": 0
        },
        "20021": {
            "year_quarter": 20021,
            "year": 2002,
            "quarter": 1,
            "eps": 0.13,
            "eps_growth_year": 8.33,
            "eps_4q": -0.28,
            "eps_4q_growth_year": -111.81,
            "roe": 0.74,
            "roe_4q": -1.6300000000000001,
            "gross_profit": 130323,
            "gross_margin": 13.57,
            "gross_margin_4q_avg": 12.26,
            "net_income": 25841,
            "net_income_4q": null,
            "revenue": 960618,
            "revenue_4q": null,
            "common_shares": 1985353,
            "book_valuer_per_share": 17.86,
            "book_valuer_per_share_4q_avg": 18.34,
            "equity": 3546349,
            "current_ratio": 182.75,
            "debt_ratio": 45.25,
            "inventory_turnover_ratio": 0.5,
            "account_receivable_turnover_ratio": null,
            "reinvestment_rate": null,
            "research_to_sale_ratio": null,
            "price_fair": 0,
            "eps_avg_yearly": 0,
            "eps_latest_yearly": 0,
            "eps_growth_yearly": 0
        },
        "20022": {
            "year_quarter": 20022,
            "year": 2002,
            "quarter": 2,
            "eps": -0.63,
            "eps_growth_year": -800,
            "eps_4q": -0.99,
            "eps_4q_growth_year": -151.31,
            "roe": -3.61,
            "roe_4q": -5.65,
            "gross_profit": 40366,
            "gross_margin": 6.71,
            "gross_margin_4q_avg": 11.89,
            "net_income": -125838,
            "net_income_4q": null,
            "revenue": 601238,
            "revenue_4q": null,
            "common_shares": 1985353,
            "book_valuer_per_share": 17.26,
            "book_valuer_per_share_4q_avg": 17.48,
            "equity": 3426790,
            "current_ratio": 171.52,
            "debt_ratio": 47.06,
            "inventory_turnover_ratio": 0.31,
            "account_receivable_turnover_ratio": null,
            "reinvestment_rate": null,
            "research_to_sale_ratio": null,
            "price_fair": 0,
            "eps_avg_yearly": 0,
            "eps_latest_yearly": 0,
            "eps_growth_yearly": 0
        },
        "20023": {
            "year_quarter": 20023,
            "year": 2002,
            "quarter": 3,
            "eps": -0.78,
            "eps_growth_year": null,
            "eps_4q": -1.48,
            "eps_4q_growth_year": -264.66,
            "roe": -5.11,
            "roe_4q": -9.56,
            "gross_profit": -20808,
            "gross_margin": -2.89,
            "gross_margin_4q_avg": 9.12,
            "net_income": -169541,
            "net_income_4q": null,
            "revenue": 720952,
            "revenue_4q": null,
            "common_shares": 2184536,
            "book_valuer_per_share": 14.67,
            "book_valuer_per_share_4q_avg": 16.78,
            "equity": 3205787,
            "current_ratio": 192.3,
            "debt_ratio": 50.17,
            "inventory_turnover_ratio": 0.39,
            "account_receivable_turnover_ratio": null,
            "reinvestment_rate": null,
            "research_to_sale_ratio": null,
            "price_fair": 0,
            "eps_avg_yearly": 0,
            "eps_latest_yearly": 0,
            "eps_growth_yearly": 0
        },
        "20024": {
            "year_quarter": 20024,
            "year": 2002,
            "quarter": 4,
            "eps": -0.84,
            "eps_growth_year": null,
            "eps_4q": -2.08,
            "eps_4q_growth_year": null,
            "roe": -5.9,
            "roe_4q": -13.88,
            "gross_profit": 6934,
            "gross_margin": 0.9,
            "gross_margin_4q_avg": 4.57,
            "net_income": -184309,
            "net_income_4q": null,
            "revenue": 773620,
            "revenue_4q": null,
            "common_shares": 2184536,
            "book_valuer_per_share": 13.9,
            "book_valuer_per_share_4q_avg": 15.92,
            "equity": 3036664,
            "current_ratio": 178.12,
            "debt_ratio": 51.09,
            "inventory_turnover_ratio": 0.41,
            "account_receivable_turnover_ratio": null,
            "reinvestment_rate": null,
            "research_to_sale_ratio": null,
            "price_fair": 0,
            "eps_avg_yearly": 0,
            "eps_latest_yearly": 0,
            "eps_growth_yearly": 0
        },
        "20031": {
            "year_quarter": 20031,
            "year": 2003,
            "quarter": 1,
            "eps": 0.08,
            "eps_growth_year": -38.46,
            "eps_4q": -2.02,
            "eps_4q_growth_year": null,
            "roe": 0.6,
            "roe_4q": -14.02,
            "gross_profit": 134592,
            "gross_margin": 15.82,
            "gross_margin_4q_avg": 5.14,
            "net_income": 18282,
            "net_income_4q": null,
            "revenue": 850529,
            "revenue_4q": null,
            "common_shares": 2184536,
            "book_valuer_per_share": 13.98,
            "book_valuer_per_share_4q_avg": 14.95,
            "equity": 3053644,
            "current_ratio": 197.91,
            "debt_ratio": 48.88,
            "inventory_turnover_ratio": 0.41,
            "account_receivable_turnover_ratio": null,
            "reinvestment_rate": null,
            "research_to_sale_ratio": null,
            "price_fair": 0,
            "eps_avg_yearly": 0,
            "eps_latest_yearly": 0,
            "eps_growth_yearly": 0
        },
        "20032": {
            "year_quarter": 20032,
            "year": 2003,
            "quarter": 2,
            "eps": 0.1,
            "eps_growth_year": null,
            "eps_4q": -1.47,
            "eps_4q_growth_year": null,
            "roe": 0.7,
            "roe_4q": -9.71,
            "gross_profit": 126530,
            "gross_margin": 13.17,
            "gross_margin_4q_avg": 6.75,
            "net_income": 21341,
            "net_income_4q": null,
            "revenue": 960716,
            "revenue_4q": null,
            "common_shares": 2184536,
            "book_valuer_per_share": 14.03,
            "book_valuer_per_share_4q_avg": 14.15,
            "equity": 3065240,
            "current_ratio": 283.7,
            "debt_ratio": 51.55,
            "inventory_turnover_ratio": 0.48,
            "account_receivable_turnover_ratio": null,
            "reinvestment_rate": null,
            "research_to_sale_ratio": null,
            "price_fair": 14,
            "eps_avg_yearly": 0.4,
            "eps_latest_yearly": 0.4,
            "eps_growth_yearly": 100
        },
        "20033": {
            "year_quarter": 20033,
            "year": 2003,
            "quarter": 3,
            "eps": 0.17,
            "eps_growth_year": null,
            "eps_4q": -0.5,
            "eps_4q_growth_year": null,
            "roe": 1.2,
            "roe_4q": -3.4000000000000004,
            "gross_profit": 155529,
            "gross_margin": 13.63,
            "gross_margin_4q_avg": 10.88,
            "net_income": 36826,
            "net_income_4q": null,
            "revenue": 1141017,
            "revenue_4q": null,
            "common_shares": 2184536,
            "book_valuer_per_share": 14.18,
            "book_valuer_per_share_4q_avg": 14.02,
            "equity": 3097185,
            "current_ratio": 314.42,
            "debt_ratio": 52.95,
            "inventory_turnover_ratio": 0.57,
            "account_receivable_turnover_ratio": null,
            "reinvestment_rate": null,
            "research_to_sale_ratio": null,
            "price_fair": 18.9,
            "eps_avg_yearly": 0.54,
            "eps_latest_yearly": 0.68,
            "eps_growth_yearly": 190
        },
        "20034": {
            "year_quarter": 20034,
            "year": 2003,
            "quarter": 4,
            "eps": 0.5,
            "eps_growth_year": null,
            "eps_4q": 0.85,
            "eps_4q_growth_year": null,
            "roe": 3.45,
            "roe_4q": 5.95,
            "gross_profit": 254001,
            "gross_margin": 17.52,
            "gross_margin_4q_avg": 15.04,
            "net_income": 109258,
            "net_income_4q": null,
            "revenue": 1450101,
            "revenue_4q": null,
            "common_shares": 2184536,
            "book_valuer_per_share": 14.84,
            "book_valuer_per_share_4q_avg": 14.26,
            "equity": 3240884,
            "current_ratio": 245.62,
            "debt_ratio": 53,
            "inventory_turnover_ratio": 0.7,
            "account_receivable_turnover_ratio": null,
            "reinvestment_rate": null,
            "research_to_sale_ratio": null,
            "price_fair": 35.93,
            "eps_avg_yearly": 1.03,
            "eps_latest_yearly": 2,
            "eps_growth_yearly": 385.49
        },
        "20041": {
            "year_quarter": 20041,
            "year": 2004,
            "quarter": 1,
            "eps": 1.72,
            "eps_growth_year": 2050,
            "eps_4q": 2.49,
            "eps_4q_growth_year": null,
            "roe": 10.93,
            "roe_4q": 16.279999999999998,
            "gross_profit": 449708,
            "gross_margin": 26.27,
            "gross_margin_4q_avg": 17.65,
            "net_income": 376111,
            "net_income_4q": null,
            "revenue": 1711743,
            "revenue_4q": null,
            "common_shares": 2196761,
            "book_valuer_per_share": 16.58,
            "book_valuer_per_share_4q_avg": 14.91,
            "equity": 3641452,
            "current_ratio": 261.41,
            "debt_ratio": 49.88,
            "inventory_turnover_ratio": 0.78,
            "account_receivable_turnover_ratio": null,
            "reinvestment_rate": -38.58,
            "research_to_sale_ratio": null,
            "price_fair": 87.15,
            "eps_avg_yearly": 2.49,
            "eps_latest_yearly": 6.88,
            "eps_growth_yearly": 533.12
        },
        "20042": {
            "year_quarter": 20042,
            "year": 2004,
            "quarter": 2,
            "eps": 1.74,
            "eps_growth_year": 1640,
            "eps_4q": 4.06,
            "eps_4q_growth_year": null,
            "roe": 9.39,
            "roe_4q": 24.97,
            "gross_profit": 709896,
            "gross_margin": 36.01,
            "gross_margin_4q_avg": 23.36,
            "net_income": 391524,
            "net_income_4q": null,
            "revenue": 1971204,
            "revenue_4q": null,
            "common_shares": 2557109,
            "book_valuer_per_share": 18.38,
            "book_valuer_per_share_4q_avg": 16,
            "equity": 4699660,
            "current_ratio": 325.72,
            "debt_ratio": 36.08,
            "inventory_turnover_ratio": 0.8,
            "account_receivable_turnover_ratio": null,
            "reinvestment_rate": -31.12,
            "research_to_sale_ratio": null,
            "price_fair": 118.44,
            "eps_avg_yearly": 3.38,
            "eps_latest_yearly": 6.96,
            "eps_growth_yearly": 427.42
        },
        "20043": {
            "year_quarter": 20043,
            "year": 2004,
            "quarter": 3,
            "eps": 0.21,
            "eps_growth_year": 23.53,
            "eps_4q": 3.7,
            "eps_4q_growth_year": null,
            "roe": 1.12,
            "roe_4q": 24.89,
            "gross_profit": 261675,
            "gross_margin": 15.03,
            "gross_margin_4q_avg": 23.71,
            "net_income": 52725,
            "net_income_4q": null,
            "revenue": 1740949,
            "revenue_4q": null,
            "common_shares": 2695988,
            "book_valuer_per_share": 17.58,
            "book_valuer_per_share_4q_avg": 16.85,
            "equity": 4739601,
            "current_ratio": 270,
            "debt_ratio": 38.24,
            "inventory_turnover_ratio": 0.82,
            "account_receivable_turnover_ratio": null,
            "reinvestment_rate": -11.56,
            "research_to_sale_ratio": null,
            "price_fair": 103.6,
            "eps_avg_yearly": 2.96,
            "eps_latest_yearly": 0.84,
            "eps_growth_yearly": 297.57
        },
        "20044": {
            "year_quarter": 20044,
            "year": 2004,
            "quarter": 4,
            "eps": -1.62,
            "eps_growth_year": -424,
            "eps_4q": 1.62,
            "eps_4q_growth_year": 90.62,
            "roe": -9.07,
            "roe_4q": 12.370000000000001,
            "gross_profit": 21214,
            "gross_margin": 2.34,
            "gross_margin_4q_avg": 19.91,
            "net_income": -409190,
            "net_income_4q": null,
            "revenue": 907231,
            "revenue_4q": null,
            "common_shares": 2725139,
            "book_valuer_per_share": 15.72,
            "book_valuer_per_share_4q_avg": 17.07,
            "equity": 4283150,
            "current_ratio": 269.93,
            "debt_ratio": 36.93,
            "inventory_turnover_ratio": 0.45,
            "account_receivable_turnover_ratio": null,
            "reinvestment_rate": -125.59,
            "research_to_sale_ratio": null,
            "price_fair": 103.6,
            "eps_avg_yearly": 2.96,
            "eps_latest_yearly": 0.84,
            "eps_growth_yearly": 297.57
        },
        "20051": {
            "year_quarter": 20051,
            "year": 2005,
            "quarter": 1,
            "eps": -0.45,
            "eps_growth_year": -126.16,
            "eps_4q": -0.32,
            "eps_4q_growth_year": -112.86,
            "roe": -2.86,
            "roe_4q": -1.4199999999999982,
            "gross_profit": 87412,
            "gross_margin": 7.63,
            "gross_margin_4q_avg": 15.25,
            "net_income": -121112,
            "net_income_4q": null,
            "revenue": 1146239,
            "revenue_4q": null,
            "common_shares": 2725894,
            "book_valuer_per_share": 15.32,
            "book_valuer_per_share_4q_avg": 16.75,
            "equity": 4175842,
            "current_ratio": 299.07,
            "debt_ratio": 35.31,
            "inventory_turnover_ratio": 0.54,
            "account_receivable_turnover_ratio": null,
            "reinvestment_rate": null,
            "research_to_sale_ratio": null,
            "price_fair": 103.6,
            "eps_avg_yearly": 2.96,
            "eps_latest_yearly": 0.84,
            "eps_growth_yearly": 297.57
        },
        "20052": {
            "year_quarter": 20052,
            "year": 2005,
            "quarter": 2,
            "eps": 0.07,
            "eps_growth_year": -95.98,
            "eps_4q": -1.6,
            "eps_4q_growth_year": -139.35,
            "roe": 0.47,
            "roe_4q": -10.34,
            "gross_profit": 112405,
            "gross_margin": 8.05,
            "gross_margin_4q_avg": 8.26,
            "net_income": 20045,
            "net_income_4q": null,
            "revenue": 1395857,
            "revenue_4q": null,
            "common_shares": 2802620,
            "book_valuer_per_share": 15.54,
            "book_valuer_per_share_4q_avg": 16.04,
            "equity": 4355883,
            "current_ratio": 212.69,
            "debt_ratio": 35.49,
            "inventory_turnover_ratio": 0.65,
            "account_receivable_turnover_ratio": null,
            "reinvestment_rate": null,
            "research_to_sale_ratio": null,
            "price_fair": 103.6,
            "eps_avg_yearly": 2.96,
            "eps_latest_yearly": 0.84,
            "eps_growth_yearly": 297.57
        },
        "20053": {
            "year_quarter": 20053,
            "year": 2005,
            "quarter": 3,
            "eps": 0.61,
            "eps_growth_year": 190.48,
            "eps_4q": -1.1,
            "eps_4q_growth_year": -129.74,
            "roe": 3.98,
            "roe_4q": -7.48,
            "gross_profit": 319254,
            "gross_margin": 18.02,
            "gross_margin_4q_avg": 9.01,
            "net_income": 181917,
            "net_income_4q": null,
            "revenue": 1771424,
            "revenue_4q": null,
            "common_shares": 2981411,
            "book_valuer_per_share": 16.02,
            "book_valuer_per_share_4q_avg": 15.65,
            "equity": 4775429,
            "current_ratio": 243.87,
            "debt_ratio": 32.08,
            "inventory_turnover_ratio": 0.71,
            "account_receivable_turnover_ratio": null,
            "reinvestment_rate": -156.34,
            "research_to_sale_ratio": null,
            "price_fair": 101,
            "eps_avg_yearly": 2.89,
            "eps_latest_yearly": 2.44,
            "eps_growth_yearly": 695.87
        },
        "20054": {
            "year_quarter": 20054,
            "year": 2005,
            "quarter": 4,
            "eps": 1.4,
            "eps_growth_year": null,
            "eps_4q": 1.66,
            "eps_4q_growth_year": 2.7,
            "roe": 8.51,
            "roe_4q": 10.100000000000001,
            "gross_profit": 638234,
            "gross_margin": 26.69,
            "gross_margin_4q_avg": 15.1,
            "net_income": 429072,
            "net_income_4q": null,
            "revenue": 2391634,
            "revenue_4q": null,
            "common_shares": 3289861,
            "book_valuer_per_share": 15.95,
            "book_valuer_per_share_4q_avg": 15.71,
            "equity": 5307170,
            "current_ratio": 269.23,
            "debt_ratio": 37.09,
            "inventory_turnover_ratio": 0.8,
            "account_receivable_turnover_ratio": null,
            "reinvestment_rate": -37.24,
            "research_to_sale_ratio": null,
            "price_fair": 112.88,
            "eps_avg_yearly": 3.23,
            "eps_latest_yearly": 5.6,
            "eps_growth_yearly": 673.64
        },
        "20061": {
            "year_quarter": 20061,
            "year": 2006,
            "quarter": 1,
            "eps": 0.92,
            "eps_growth_year": null,
            "eps_4q": 2.87,
            "eps_4q_growth_year": null,
            "roe": 5.22,
            "roe_4q": 18.18,
            "gross_profit": 363396,
            "gross_margin": 14.21,
            "gross_margin_4q_avg": 16.74,
            "net_income": 298077,
            "net_income_4q": null,
            "revenue": 2557824,
            "revenue_4q": null,
            "common_shares": 3322461,
            "book_valuer_per_share": 18.39,
            "book_valuer_per_share_4q_avg": 16.48,
            "equity": 6109544,
            "current_ratio": 295.32,
            "debt_ratio": 29.33,
            "inventory_turnover_ratio": 1.1,
            "account_receivable_turnover_ratio": null,
            "reinvestment_rate": -36.3,
            "research_to_sale_ratio": null,
            "price_fair": 114.64,
            "eps_avg_yearly": 3.28,
            "eps_latest_yearly": 3.68,
            "eps_growth_yearly": 583.56
        },
        "20062": {
            "year_quarter": 20062,
            "year": 2006,
            "quarter": 2,
            "eps": -0.36,
            "eps_growth_year": -614.29,
            "eps_4q": 2.37,
            "eps_4q_growth_year": null,
            "roe": -2.02,
            "roe_4q": 15.69,
            "gross_profit": 84833,
            "gross_margin": 4.3,
            "gross_margin_4q_avg": 15.81,
            "net_income": -117207,
            "net_income_4q": null,
            "revenue": 1972658,
            "revenue_4q": null,
            "common_shares": 3336776,
            "book_valuer_per_share": 16.49,
            "book_valuer_per_share_4q_avg": 16.71,
            "equity": 5501649,
            "current_ratio": 215,
            "debt_ratio": 36.4,
            "inventory_turnover_ratio": 0.98,
            "account_receivable_turnover_ratio": null,
            "reinvestment_rate": -36.4,
            "research_to_sale_ratio": null,
            "price_fair": 114.64,
            "eps_avg_yearly": 3.28,
            "eps_latest_yearly": 3.68,
            "eps_growth_yearly": 583.56
        },
        "20063": {
            "year_quarter": 20063,
            "year": 2006,
            "quarter": 3,
            "eps": 0.71,
            "eps_growth_year": 16.39,
            "eps_4q": 2.48,
            "eps_4q_growth_year": null,
            "roe": 4.37,
            "roe_4q": 16.08,
            "gross_profit": 405010,
            "gross_margin": 14.98,
            "gross_margin_4q_avg": 15.05,
            "net_income": 244790,
            "net_income_4q": null,
            "revenue": 2704556,
            "revenue_4q": null,
            "common_shares": 3336816,
            "book_valuer_per_share": 17.09,
            "book_valuer_per_share_4q_avg": 16.98,
            "equity": 5703235,
            "current_ratio": 319.09,
            "debt_ratio": 43.91,
            "inventory_turnover_ratio": 1.02,
            "account_receivable_turnover_ratio": null,
            "reinvestment_rate": -27.74,
            "research_to_sale_ratio": null,
            "price_fair": 114.64,
            "eps_avg_yearly": 3.28,
            "eps_latest_yearly": 3.68,
            "eps_growth_yearly": 583.56
        },
        "20064": {
            "year_quarter": 20064,
            "year": 2006,
            "quarter": 4,
            "eps": 0.72,
            "eps_growth_year": -48.57,
            "eps_4q": 1.96,
            "eps_4q_growth_year": 17.74,
            "roe": 4.14,
            "roe_4q": 11.71,
            "gross_profit": 548468,
            "gross_margin": 16.89,
            "gross_margin_4q_avg": 12.6,
            "net_income": 247381,
            "net_income_4q": null,
            "revenue": 3246443,
            "revenue_4q": null,
            "common_shares": 3517104,
            "book_valuer_per_share": 17.61,
            "book_valuer_per_share_4q_avg": 17.4,
            "equity": 6258190,
            "current_ratio": 320.62,
            "debt_ratio": 43.95,
            "inventory_turnover_ratio": 1.1,
            "account_receivable_turnover_ratio": null,
            "reinvestment_rate": -14.34,
            "research_to_sale_ratio": null,
            "price_fair": 113.26,
            "eps_avg_yearly": 3.24,
            "eps_latest_yearly": 2.88,
            "eps_growth_yearly": 525.76
        },
        "20071": {
            "year_quarter": 20071,
            "year": 2007,
            "quarter": 1,
            "eps": 0.65,
            "eps_growth_year": -29.35,
            "eps_4q": 1.73,
            "eps_4q_growth_year": -39.6,
            "roe": 3.44,
            "roe_4q": 9.93,
            "gross_profit": 488389,
            "gross_margin": 16.98,
            "gross_margin_4q_avg": 13.29,
            "net_income": 225256,
            "net_income_4q": null,
            "revenue": 2875500,
            "revenue_4q": null,
            "common_shares": 3529969,
            "book_valuer_per_share": 19.37,
            "book_valuer_per_share_4q_avg": 17.64,
            "equity": 6838276,
            "current_ratio": 370.56,
            "debt_ratio": 37.58,
            "inventory_turnover_ratio": 0.93,
            "account_receivable_turnover_ratio": null,
            "reinvestment_rate": -18.24,
            "research_to_sale_ratio": null,
            "price_fair": 111.24,
            "eps_avg_yearly": 3.18,
            "eps_latest_yearly": 2.6,
            "eps_growth_yearly": 474.43
        },
        "20072": {
            "year_quarter": 20072,
            "year": 2007,
            "quarter": 2,
            "eps": 0.87,
            "eps_growth_year": null,
            "eps_4q": 2.95,
            "eps_4q_growth_year": 24.45,
            "roe": 4.4,
            "roe_4q": 16.35,
            "gross_profit": 608587,
            "gross_margin": 19,
            "gross_margin_4q_avg": 16.96,
            "net_income": 299597,
            "net_income_4q": null,
            "revenue": 3203761,
            "revenue_4q": null,
            "common_shares": 3538254,
            "book_valuer_per_share": 19.21,
            "book_valuer_per_share_4q_avg": 18.32,
            "equity": 6795310,
            "current_ratio": 255.43,
            "debt_ratio": 43.86,
            "inventory_turnover_ratio": 0.99,
            "account_receivable_turnover_ratio": null,
            "reinvestment_rate": -15.09,
            "research_to_sale_ratio": null,
            "price_fair": 121.04,
            "eps_avg_yearly": 3.46,
            "eps_latest_yearly": 3.48,
            "eps_growth_yearly": 477.65
        },
        "20073": {
            "year_quarter": 20073,
            "year": 2007,
            "quarter": 3,
            "eps": 1.18,
            "eps_growth_year": 66.2,
            "eps_4q": 3.26,
            "eps_4q_growth_year": 31.52,
            "roe": 6.34,
            "roe_4q": 18.32,
            "gross_profit": 726582,
            "gross_margin": 19.63,
            "gross_margin_4q_avg": 18.13,
            "net_income": 437979,
            "net_income_4q": null,
            "revenue": 3701111,
            "revenue_4q": null,
            "common_shares": 3546964,
            "book_valuer_per_share": 19.78,
            "book_valuer_per_share_4q_avg": 18.99,
            "equity": 7017241,
            "current_ratio": 243.75,
            "debt_ratio": 43.35,
            "inventory_turnover_ratio": 1.2,
            "account_receivable_turnover_ratio": null,
            "reinvestment_rate": -14.22,
            "research_to_sale_ratio": null,
            "price_fair": 133.89,
            "eps_avg_yearly": 3.83,
            "eps_latest_yearly": 4.72,
            "eps_growth_yearly": 465.15
        },
        "20074": {
            "year_quarter": 20074,
            "year": 2007,
            "quarter": 4,
            "eps": 0.87,
            "eps_growth_year": 20.83,
            "eps_4q": 3.46,
            "eps_4q_growth_year": 76.89,
            "roe": 4.45,
            "roe_4q": 18.63,
            "gross_profit": 317321,
            "gross_margin": 9.23,
            "gross_margin_4q_avg": 16.21,
            "net_income": 322800,
            "net_income_4q": null,
            "revenue": 3438491,
            "revenue_4q": null,
            "common_shares": 3806987,
            "book_valuer_per_share": 18.72,
            "book_valuer_per_share_4q_avg": 19.27,
            "equity": 7504609,
            "current_ratio": 344.13,
            "debt_ratio": 38.26,
            "inventory_turnover_ratio": 1.22,
            "account_receivable_turnover_ratio": null,
            "reinvestment_rate": -9.63,
            "research_to_sale_ratio": null,
            "price_fair": 138.6,
            "eps_avg_yearly": 3.96,
            "eps_latest_yearly": 3.48,
            "eps_growth_yearly": 385.01
        },
        "20081": {
            "year_quarter": 20081,
            "year": 2008,
            "quarter": 1,
            "eps": -0.56,
            "eps_growth_year": -186.15,
            "eps_4q": 2.07,
            "eps_4q_growth_year": 19.77,
            "roe": -3.16,
            "roe_4q": 12.030000000000001,
            "gross_profit": -21818,
            "gross_margin": -0.88,
            "gross_margin_4q_avg": 11.75,
            "net_income": -229472,
            "net_income_4q": null,
            "revenue": 2466942,
            "revenue_4q": null,
            "common_shares": 3811747,
            "book_valuer_per_share": 17.48,
            "book_valuer_per_share_4q_avg": 18.8,
            "equity": 7041623,
            "current_ratio": 399.8,
            "debt_ratio": 34.75,
            "inventory_turnover_ratio": 0.97,
            "account_receivable_turnover_ratio": null,
            "reinvestment_rate": -10.48,
            "research_to_sale_ratio": null,
            "price_fair": 128.38,
            "eps_avg_yearly": 3.67,
            "eps_latest_yearly": 3.48,
            "eps_growth_yearly": 325.91
        },
        "20082": {
            "year_quarter": 20082,
            "year": 2008,
            "quarter": 2,
            "eps": -0.47,
            "eps_growth_year": -154.02,
            "eps_4q": 0.99,
            "eps_4q_growth_year": -66.62,
            "roe": -2.85,
            "roe_4q": 4.78,
            "gross_profit": 120264,
            "gross_margin": 6.04,
            "gross_margin_4q_avg": 8.51,
            "net_income": -192819,
            "net_income_4q": null,
            "revenue": 1991795,
            "revenue_4q": null,
            "common_shares": 3814647,
            "book_valuer_per_share": 16.13,
            "book_valuer_per_share_4q_avg": 18.03,
            "equity": 6508311,
            "current_ratio": 346.6,
            "debt_ratio": 38.06,
            "inventory_turnover_ratio": 0.87,
            "account_receivable_turnover_ratio": null,
            "reinvestment_rate": -8.69,
            "research_to_sale_ratio": null,
            "price_fair": 115.58,
            "eps_avg_yearly": 3.3,
            "eps_latest_yearly": 3.48,
            "eps_growth_yearly": 361.61
        },
        "20083": {
            "year_quarter": 20083,
            "year": 2008,
            "quarter": 3,
            "eps": -0.18,
            "eps_growth_year": -115.25,
            "eps_4q": -0.36,
            "eps_4q_growth_year": -111.19,
            "roe": -1.5,
            "roe_4q": -3.0599999999999996,
            "gross_profit": 130534,
            "gross_margin": 6.32,
            "gross_margin_4q_avg": 5.18,
            "net_income": -95672,
            "net_income_4q": null,
            "revenue": 2066392,
            "revenue_4q": null,
            "common_shares": 3814667,
            "book_valuer_per_share": 15.42,
            "book_valuer_per_share_4q_avg": 16.94,
            "equity": 6219685,
            "current_ratio": 319.19,
            "debt_ratio": 37.92,
            "inventory_turnover_ratio": 0.99,
            "account_receivable_turnover_ratio": null,
            "reinvestment_rate": -17.11,
            "research_to_sale_ratio": null,
            "price_fair": 126.35,
            "eps_avg_yearly": 3.61,
            "eps_latest_yearly": 3.48,
            "eps_growth_yearly": 450.77
        },
        "20084": {
            "year_quarter": 20084,
            "year": 2008,
            "quarter": 4,
            "eps": -0.68,
            "eps_growth_year": -178.16,
            "eps_4q": -1.61,
            "eps_4q_growth_year": -146.43,
            "roe": -5.2,
            "roe_4q": -12.71,
            "gross_profit": 44521,
            "gross_margin": 3.44,
            "gross_margin_4q_avg": 3.73,
            "net_income": -307930,
            "net_income_4q": null,
            "revenue": 1294289,
            "revenue_4q": null,
            "common_shares": 4231648,
            "book_valuer_per_share": 12.58,
            "book_valuer_per_share_4q_avg": 15.4,
            "equity": 5628044,
            "current_ratio": 370.03,
            "debt_ratio": 35.62,
            "inventory_turnover_ratio": 0.66,
            "account_receivable_turnover_ratio": 3.76,
            "reinvestment_rate": -15.53,
            "research_to_sale_ratio": null,
            "price_fair": 126.35,
            "eps_avg_yearly": 3.61,
            "eps_latest_yearly": 3.48,
            "eps_growth_yearly": 450.77
        },
        "20091": {
            "year_quarter": 20091,
            "year": 2009,
            "quarter": 1,
            "eps": -0.35,
            "eps_growth_year": null,
            "eps_4q": -1.65,
            "eps_4q_growth_year": -179.42,
            "roe": -2.94,
            "roe_4q": -12.49,
            "gross_profit": 70065,
            "gross_margin": 5.74,
            "gross_margin_4q_avg": 5.39,
            "net_income": -164499,
            "net_income_4q": null,
            "revenue": 1219906,
            "revenue_4q": null,
            "common_shares": 4179967,
            "book_valuer_per_share": 12.67,
            "book_valuer_per_share_4q_avg": 14.2,
            "equity": 5580230,
            "current_ratio": 348.11,
            "debt_ratio": 33.75,
            "inventory_turnover_ratio": 0.7,
            "account_receivable_turnover_ratio": 1.58,
            "reinvestment_rate": -18.26,
            "research_to_sale_ratio": null,
            "price_fair": 126.35,
            "eps_avg_yearly": 3.61,
            "eps_latest_yearly": 3.48,
            "eps_growth_yearly": 450.77
        },
        "20092": {
            "year_quarter": 20092,
            "year": 2009,
            "quarter": 2,
            "eps": -0.3,
            "eps_growth_year": null,
            "eps_4q": -1.53,
            "eps_4q_growth_year": -254.71,
            "roe": -2.46,
            "roe_4q": -12.100000000000001,
            "gross_profit": 217182,
            "gross_margin": 12.11,
            "gross_margin_4q_avg": 6.9,
            "net_income": -135474,
            "net_income_4q": null,
            "revenue": 1793503,
            "revenue_4q": null,
            "common_shares": 4179967,
            "book_valuer_per_share": 12.35,
            "book_valuer_per_share_4q_avg": 13.26,
            "equity": 5433538,
            "current_ratio": 348.85,
            "debt_ratio": 33.67,
            "inventory_turnover_ratio": 1.25,
            "account_receivable_turnover_ratio": 1.85,
            "reinvestment_rate": -20.35,
            "research_to_sale_ratio": null,
            "price_fair": 126.35,
            "eps_avg_yearly": 3.61,
            "eps_latest_yearly": 3.48,
            "eps_growth_yearly": 450.77
        },
        "20093": {
            "year_quarter": 20093,
            "year": 2009,
            "quarter": 3,
            "eps": 0.36,
            "eps_growth_year": null,
            "eps_4q": -1.07,
            "eps_4q_growth_year": null,
            "roe": 2.47,
            "roe_4q": -8.129999999999999,
            "gross_profit": 441257,
            "gross_margin": 21.33,
            "gross_margin_4q_avg": 10.66,
            "net_income": 137937,
            "net_income_4q": null,
            "revenue": 2068877,
            "revenue_4q": null,
            "common_shares": 4180347,
            "book_valuer_per_share": 13.06,
            "book_valuer_per_share_4q_avg": 12.67,
            "equity": 5741370,
            "current_ratio": 362.44,
            "debt_ratio": 38.35,
            "inventory_turnover_ratio": 1.29,
            "account_receivable_turnover_ratio": 1.7,
            "reinvestment_rate": -3.72,
            "research_to_sale_ratio": null,
            "price_fair": 132.2,
            "eps_avg_yearly": 3.78,
            "eps_latest_yearly": 3.48,
            "eps_growth_yearly": 74.35
        },
        "20094": {
            "year_quarter": 20094,
            "year": 2009,
            "quarter": 4,
            "eps": 0.48,
            "eps_growth_year": null,
            "eps_4q": 0.19,
            "eps_4q_growth_year": null,
            "roe": 3.18,
            "roe_4q": 0.25000000000000044,
            "gross_profit": 551148,
            "gross_margin": 22.53,
            "gross_margin_4q_avg": 15.43,
            "net_income": 189540,
            "net_income_4q": null,
            "revenue": 2446701,
            "revenue_4q": null,
            "common_shares": 4173637,
            "book_valuer_per_share": 14.3,
            "book_valuer_per_share_4q_avg": 13.1,
            "equity": 6170421,
            "current_ratio": 302.73,
            "debt_ratio": 40.09,
            "inventory_turnover_ratio": 1.13,
            "account_receivable_turnover_ratio": 3.39,
            "reinvestment_rate": 106.36,
            "research_to_sale_ratio": null,
            "price_fair": 95.58,
            "eps_avg_yearly": 3.25,
            "eps_latest_yearly": 1.92,
            "eps_growth_yearly": 19.39
        },
        "20101": {
            "year_quarter": 20101,
            "year": 2010,
            "quarter": 1,
            "eps": 0.37,
            "eps_growth_year": null,
            "eps_4q": 0.91,
            "eps_4q_growth_year": null,
            "roe": 2.32,
            "roe_4q": 5.510000000000001,
            "gross_profit": 445745,
            "gross_margin": 18.9,
            "gross_margin_4q_avg": 18.72,
            "net_income": 144666,
            "net_income_4q": null,
            "revenue": 2358797,
            "revenue_4q": null,
            "common_shares": 4182932,
            "book_valuer_per_share": 14.65,
            "book_valuer_per_share_4q_avg": 13.59,
            "equity": 6327310,
            "current_ratio": 335.71,
            "debt_ratio": 37.89,
            "inventory_turnover_ratio": 0.96,
            "account_receivable_turnover_ratio": 1.57,
            "reinvestment_rate": 121.59,
            "research_to_sale_ratio": 6.93,
            "price_fair": 102.8,
            "eps_avg_yearly": 2.94,
            "eps_latest_yearly": 1.48,
            "eps_growth_yearly": 25.89
        },
        "20102": {
            "year_quarter": 20102,
            "year": 2010,
            "quarter": 2,
            "eps": 0.57,
            "eps_growth_year": null,
            "eps_4q": 1.77,
            "eps_4q_growth_year": null,
            "roe": 3.64,
            "roe_4q": 11.610000000000001,
            "gross_profit": 635071,
            "gross_margin": 22.82,
            "gross_margin_4q_avg": 21.4,
            "net_income": 233724,
            "net_income_4q": null,
            "revenue": 2783098,
            "revenue_4q": null,
            "common_shares": 4184932,
            "book_valuer_per_share": 15.07,
            "book_valuer_per_share_4q_avg": 14.27,
            "equity": 6500731,
            "current_ratio": 297.29,
            "debt_ratio": 40.28,
            "inventory_turnover_ratio": 0.96,
            "account_receivable_turnover_ratio": 1.7,
            "reinvestment_rate": 78.89,
            "research_to_sale_ratio": 7.26,
            "price_fair": 99.93,
            "eps_avg_yearly": 2.86,
            "eps_latest_yearly": 2.28,
            "eps_growth_yearly": 49.68
        },
        "20103": {
            "year_quarter": 20103,
            "year": 2010,
            "quarter": 3,
            "eps": 0.07,
            "eps_growth_year": -81.72,
            "eps_4q": 1.39,
            "eps_4q_growth_year": null,
            "roe": 0.3,
            "roe_4q": 9.44,
            "gross_profit": 236372,
            "gross_margin": 12.62,
            "gross_margin_4q_avg": 19.22,
            "net_income": 20441,
            "net_income_4q": null,
            "revenue": 1873315,
            "revenue_4q": null,
            "common_shares": 4392912,
            "book_valuer_per_share": 15.19,
            "book_valuer_per_share_4q_avg": 14.8,
            "equity": 6932868,
            "current_ratio": 310.84,
            "debt_ratio": 33.82,
            "inventory_turnover_ratio": 0.63,
            "account_receivable_turnover_ratio": 1.17,
            "reinvestment_rate": 105.93,
            "research_to_sale_ratio": 9.36,
            "price_fair": 38.98,
            "eps_avg_yearly": 2.57,
            "eps_latest_yearly": 0.28,
            "eps_growth_yearly": 5.18
        },
        "20104": {
            "year_quarter": 20104,
            "year": 2010,
            "quarter": 4,
            "eps": -0.5,
            "eps_growth_year": -203.17,
            "eps_4q": 0.45,
            "eps_4q_growth_year": 135.5,
            "roe": -3.45,
            "roe_4q": 2.8099999999999996,
            "gross_profit": -20066,
            "gross_margin": -1.47,
            "gross_margin_4q_avg": 13.22,
            "net_income": -233586,
            "net_income_4q": null,
            "revenue": 1366866,
            "revenue_4q": null,
            "common_shares": 4434875,
            "book_valuer_per_share": 14.4,
            "book_valuer_per_share_4q_avg": 14.83,
            "equity": 6627438,
            "current_ratio": 426.53,
            "debt_ratio": 27.73,
            "inventory_turnover_ratio": 0.5,
            "account_receivable_turnover_ratio": 1.06,
            "reinvestment_rate": 174.29,
            "research_to_sale_ratio": 12.46,
            "price_fair": 38.25,
            "eps_avg_yearly": 2.53,
            "eps_latest_yearly": 0.28,
            "eps_growth_yearly": 5.12
        },
        "20111": {
            "year_quarter": 20111,
            "year": 2011,
            "quarter": 1,
            "eps": -0.62,
            "eps_growth_year": -267.57,
            "eps_4q": -0.51,
            "eps_4q_growth_year": -156.2,
            "roe": -4.51,
            "roe_4q": -4.02,
            "gross_profit": 4934,
            "gross_margin": 0.31,
            "gross_margin_4q_avg": 8.57,
            "net_income": -290063,
            "net_income_4q": null,
            "revenue": 1594804,
            "revenue_4q": null,
            "common_shares": 4435665,
            "book_valuer_per_share": 13.55,
            "book_valuer_per_share_4q_avg": 14.55,
            "equity": 6233341,
            "current_ratio": 421.78,
            "debt_ratio": 36.89,
            "inventory_turnover_ratio": 0.61,
            "account_receivable_turnover_ratio": 1.41,
            "reinvestment_rate": 566.55,
            "research_to_sale_ratio": 11.13,
            "price_fair": 53.94,
            "eps_avg_yearly": 2.52,
            "eps_latest_yearly": 0.28,
            "eps_growth_yearly": 11.4
        },
        "20112": {
            "year_quarter": 20112,
            "year": 2011,
            "quarter": 2,
            "eps": 0.04,
            "eps_growth_year": -93.85,
            "eps_4q": -1,
            "eps_4q_growth_year": -156.34,
            "roe": 0.06,
            "roe_4q": -7.6000000000000005,
            "gross_profit": 173509,
            "gross_margin": 9.29,
            "gross_margin_4q_avg": 5.19,
            "net_income": 3643,
            "net_income_4q": null,
            "revenue": 1868645,
            "revenue_4q": null,
            "common_shares": 4436265,
            "book_valuer_per_share": 13.19,
            "book_valuer_per_share_4q_avg": 14.08,
            "equity": 6055321,
            "current_ratio": 350.85,
            "debt_ratio": 36.55,
            "inventory_turnover_ratio": 0.69,
            "account_receivable_turnover_ratio": 1.59,
            "reinvestment_rate": null,
            "research_to_sale_ratio": 9.83,
            "price_fair": 7.08,
            "eps_avg_yearly": 2.36,
            "eps_latest_yearly": 0.28,
            "eps_growth_yearly": -9.26
        },
        "20113": {
            "year_quarter": 20113,
            "year": 2011,
            "quarter": 3,
            "eps": -0.68,
            "eps_growth_year": -1131.84,
            "eps_4q": -1.75,
            "eps_4q_growth_year": -225.45,
            "roe": -5.35,
            "roe_4q": -13.25,
            "gross_profit": -48006,
            "gross_margin": -3.82,
            "gross_margin_4q_avg": 1.08,
            "net_income": -312366,
            "net_income_4q": null,
            "revenue": 1258036,
            "revenue_4q": null,
            "common_shares": 4437265,
            "book_valuer_per_share": 12.3,
            "book_valuer_per_share_4q_avg": 13.36,
            "equity": 5614881,
            "current_ratio": 377.84,
            "debt_ratio": 36.2,
            "inventory_turnover_ratio": 0.56,
            "account_receivable_turnover_ratio": 1.17,
            "reinvestment_rate": null,
            "research_to_sale_ratio": 15.5,
            "price_fair": 5.66,
            "eps_avg_yearly": 1.89,
            "eps_latest_yearly": 0.28,
            "eps_growth_yearly": -39.62
        },
        "20114": {
            "year_quarter": 20114,
            "year": 2011,
            "quarter": 4,
            "eps": -0.73,
            "eps_growth_year": null,
            "eps_4q": -2.01,
            "eps_4q_growth_year": -545.04,
            "roe": -6.08,
            "roe_4q": -15.879999999999999,
            "gross_profit": -3645,
            "gross_margin": -0.29,
            "gross_margin_4q_avg": 1.37,
            "net_income": -327775,
            "net_income_4q": null,
            "revenue": 1262315,
            "revenue_4q": null,
            "common_shares": 4525918,
            "book_valuer_per_share": 11.34,
            "book_valuer_per_share_4q_avg": 12.6,
            "equity": 5165850,
            "current_ratio": 398.39,
            "debt_ratio": 36.34,
            "inventory_turnover_ratio": 0.62,
            "account_receivable_turnover_ratio": 1.41,
            "reinvestment_rate": null,
            "research_to_sale_ratio": 14.25,
            "price_fair": 4.47,
            "eps_avg_yearly": 1.49,
            "eps_latest_yearly": 0.28,
            "eps_growth_yearly": -23.25
        },
        "20121": {
            "year_quarter": 20121,
            "year": 2012,
            "quarter": 1,
            "eps": -0.62,
            "eps_growth_year": null,
            "eps_4q": -2.02,
            "eps_4q_growth_year": null,
            "roe": -5.61,
            "roe_4q": -16.98,
            "gross_profit": 52062,
            "gross_margin": 3.67,
            "gross_margin_4q_avg": 2.21,
            "net_income": -282078,
            "net_income_4q": null,
            "revenue": 1419075,
            "revenue_4q": null,
            "common_shares": 4472848,
            "book_valuer_per_share": 10.81,
            "book_valuer_per_share_4q_avg": 11.91,
            "equity": 4892430,
            "current_ratio": 336.09,
            "debt_ratio": 38.45,
            "inventory_turnover_ratio": 0.75,
            "account_receivable_turnover_ratio": 1.59,
            "reinvestment_rate": null,
            "research_to_sale_ratio": 13.43,
            "price_fair": 4.47,
            "eps_avg_yearly": 1.49,
            "eps_latest_yearly": 0.28,
            "eps_growth_yearly": -23.25
        },
        "20122": {
            "year_quarter": 20122,
            "year": 2012,
            "quarter": 2,
            "eps": -0.36,
            "eps_growth_year": -1124.88,
            "eps_4q": -2.46,
            "eps_4q_growth_year": null,
            "roe": -3.43,
            "roe_4q": -20.47,
            "gross_profit": 159339,
            "gross_margin": 9.76,
            "gross_margin_4q_avg": 2.33,
            "net_income": -163015,
            "net_income_4q": null,
            "revenue": 1632191,
            "revenue_4q": null,
            "common_shares": 4472848,
            "book_valuer_per_share": 10.41,
            "book_valuer_per_share_4q_avg": 11.22,
            "equity": 4625722,
            "current_ratio": 404.03,
            "debt_ratio": 42.28,
            "inventory_turnover_ratio": 0.88,
            "account_receivable_turnover_ratio": 1.55,
            "reinvestment_rate": null,
            "research_to_sale_ratio": 11.45,
            "price_fair": 4.47,
            "eps_avg_yearly": 1.49,
            "eps_latest_yearly": 0.28,
            "eps_growth_yearly": -23.25
        },
        "20123": {
            "year_quarter": 20123,
            "year": 2012,
            "quarter": 3,
            "eps": -0.27,
            "eps_growth_year": null,
            "eps_4q": -2.01,
            "eps_4q_growth_year": null,
            "roe": -2.75,
            "roe_4q": -17.869999999999997,
            "gross_profit": 175860,
            "gross_margin": 10.63,
            "gross_margin_4q_avg": 5.94,
            "net_income": -125378,
            "net_income_4q": null,
            "revenue": 1654991,
            "revenue_4q": null,
            "common_shares": 4392848,
            "book_valuer_per_share": 10.14,
            "book_valuer_per_share_4q_avg": 10.68,
            "equity": 4501710,
            "current_ratio": 428.31,
            "debt_ratio": 40.85,
            "inventory_turnover_ratio": 0.92,
            "account_receivable_turnover_ratio": 1.58,
            "reinvestment_rate": null,
            "research_to_sale_ratio": 11.54,
            "price_fair": 4.47,
            "eps_avg_yearly": 1.49,
            "eps_latest_yearly": 0.28,
            "eps_growth_yearly": -23.25
        },
        "20124": {
            "year_quarter": 20124,
            "year": 2012,
            "quarter": 4,
            "eps": 0.12,
            "eps_growth_year": null,
            "eps_4q": -1.14,
            "eps_4q_growth_year": null,
            "roe": 0.97,
            "roe_4q": -10.82,
            "gross_profit": 227122,
            "gross_margin": 14.09,
            "gross_margin_4q_avg": 9.54,
            "net_income": 43360,
            "net_income_4q": null,
            "revenue": 1611410,
            "revenue_4q": null,
            "common_shares": 4392848,
            "book_valuer_per_share": 10.01,
            "book_valuer_per_share_4q_avg": 10.34,
            "equity": 4437074,
            "current_ratio": 447.1,
            "debt_ratio": 40.82,
            "inventory_turnover_ratio": 0.84,
            "account_receivable_turnover_ratio": 1.58,
            "reinvestment_rate": null,
            "research_to_sale_ratio": 9.55,
            "price_fair": 4.47,
            "eps_avg_yearly": 1.49,
            "eps_latest_yearly": 0.28,
            "eps_growth_yearly": -23.25
        },
        "20131": {
            "year_quarter": 20131,
            "year": 2013,
            "quarter": 1,
            "eps": -0.27,
            "eps_growth_year": null,
            "eps_4q": -0.77,
            "eps_4q_growth_year": null,
            "roe": -2.9,
            "roe_4q": -8.11,
            "gross_profit": 150119,
            "gross_margin": 9.87,
            "gross_margin_4q_avg": 11.09,
            "net_income": -128087,
            "net_income_4q": null,
            "revenue": 1520475,
            "revenue_4q": null,
            "common_shares": 4467848,
            "book_valuer_per_share": 9.71,
            "book_valuer_per_share_4q_avg": 10.07,
            "equity": 4384415,
            "current_ratio": 360.56,
            "debt_ratio": 40.19,
            "inventory_turnover_ratio": 0.81,
            "account_receivable_turnover_ratio": 1.58,
            "reinvestment_rate": null,
            "research_to_sale_ratio": 11.17,
            "price_fair": 4.47,
            "eps_avg_yearly": 1.49,
            "eps_latest_yearly": 0.28,
            "eps_growth_yearly": -23.25
        },
        "20132": {
            "year_quarter": 20132,
            "year": 2013,
            "quarter": 2,
            "eps": 0.11,
            "eps_growth_year": null,
            "eps_4q": -0.31,
            "eps_4q_growth_year": null,
            "roe": 0.88,
            "roe_4q": -3.8,
            "gross_profit": 304723,
            "gross_margin": 17.1,
            "gross_margin_4q_avg": 12.92,
            "net_income": 38747,
            "net_income_4q": null,
            "revenue": 1782258,
            "revenue_4q": null,
            "common_shares": 4467848,
            "book_valuer_per_share": 9.89,
            "book_valuer_per_share_4q_avg": 9.94,
            "equity": 4462567,
            "current_ratio": 315.02,
            "debt_ratio": 41.69,
            "inventory_turnover_ratio": 0.91,
            "account_receivable_turnover_ratio": 1.81,
            "reinvestment_rate": null,
            "research_to_sale_ratio": 9.54,
            "price_fair": 4.47,
            "eps_avg_yearly": 1.49,
            "eps_latest_yearly": 0.28,
            "eps_growth_yearly": -23.25
        },
        "20133": {
            "year_quarter": 20133,
            "year": 2013,
            "quarter": 3,
            "eps": 0.02,
            "eps_growth_year": null,
            "eps_4q": -0.03,
            "eps_4q_growth_year": null,
            "roe": 0.24,
            "roe_4q": -0.8099999999999998,
            "gross_profit": 259986,
            "gross_margin": 15.94,
            "gross_margin_4q_avg": 14.25,
            "net_income": 10578,
            "net_income_4q": null,
            "revenue": 1631447,
            "revenue_4q": null,
            "common_shares": 4467848,
            "book_valuer_per_share": 9.9,
            "book_valuer_per_share_4q_avg": 9.88,
            "equity": 4472224,
            "current_ratio": 310.29,
            "debt_ratio": 39.99,
            "inventory_turnover_ratio": 0.88,
            "account_receivable_turnover_ratio": 1.44,
            "reinvestment_rate": null,
            "research_to_sale_ratio": 11.04,
            "price_fair": 3.62,
            "eps_avg_yearly": 1.21,
            "eps_latest_yearly": 0.08,
            "eps_growth_yearly": -84.05
        },
        "20134": {
            "year_quarter": 20134,
            "year": 2013,
            "quarter": 4,
            "eps": 0.17,
            "eps_growth_year": 40.83,
            "eps_4q": 0.03,
            "eps_4q_growth_year": null,
            "roe": 1.36,
            "roe_4q": -0.41999999999999993,
            "gross_profit": 285155,
            "gross_margin": 16.17,
            "gross_margin_4q_avg": 14.77,
            "net_income": 61829,
            "net_income_4q": null,
            "revenue": 1763593,
            "revenue_4q": null,
            "common_shares": 4458668,
            "book_valuer_per_share": 10.23,
            "book_valuer_per_share_4q_avg": 9.93,
            "equity": 4602146,
            "current_ratio": 302.6,
            "debt_ratio": 40.52,
            "inventory_turnover_ratio": 1,
            "account_receivable_turnover_ratio": 1.34,
            "reinvestment_rate": null,
            "research_to_sale_ratio": 6.3,
            "price_fair": 33.6,
            "eps_avg_yearly": 0.96,
            "eps_latest_yearly": 0.68,
            "eps_growth_yearly": 489.28
        },
        "20141": {
            "year_quarter": 20141,
            "year": 2014,
            "quarter": 1,
            "eps": 0.04,
            "eps_growth_year": null,
            "eps_4q": 0.34,
            "eps_4q_growth_year": null,
            "roe": 0.16,
            "roe_4q": 2.64,
            "gross_profit": 232182,
            "gross_margin": 13.94,
            "gross_margin_4q_avg": 15.79,
            "net_income": 7323,
            "net_income_4q": null,
            "revenue": 1665625,
            "revenue_4q": null,
            "common_shares": 4458668,
            "book_valuer_per_share": 10.43,
            "book_valuer_per_share_4q_avg": 10.11,
            "equity": 4679820,
            "current_ratio": 256.13,
            "debt_ratio": 41.94,
            "inventory_turnover_ratio": 0.85,
            "account_receivable_turnover_ratio": 1.15,
            "reinvestment_rate": null,
            "research_to_sale_ratio": 8.77,
            "price_fair": 24.36,
            "eps_avg_yearly": 0.7,
            "eps_latest_yearly": 0.16,
            "eps_growth_yearly": 446.44
        },
        "20142": {
            "year_quarter": 20142,
            "year": 2014,
            "quarter": 2,
            "eps": 0.05,
            "eps_growth_year": -54.55,
            "eps_4q": 0.28,
            "eps_4q_growth_year": null,
            "roe": 0.31,
            "roe_4q": 2.0700000000000003,
            "gross_profit": 252998,
            "gross_margin": 14.06,
            "gross_margin_4q_avg": 15.03,
            "net_income": 14258,
            "net_income_4q": null,
            "revenue": 1798975,
            "revenue_4q": null,
            "common_shares": 4449188,
            "book_valuer_per_share": 10.4,
            "book_valuer_per_share_4q_avg": 10.24,
            "equity": 4659653,
            "current_ratio": 281.79,
            "debt_ratio": 40.14,
            "inventory_turnover_ratio": 0.79,
            "account_receivable_turnover_ratio": 1.35,
            "reinvestment_rate": null,
            "research_to_sale_ratio": 6.82,
            "price_fair": 9.8,
            "eps_avg_yearly": 0.28,
            "eps_latest_yearly": 0.2,
            "eps_growth_yearly": 423.19
        },
        "20143": {
            "year_quarter": 20143,
            "year": 2014,
            "quarter": 3,
            "eps": 0.13,
            "eps_growth_year": 550,
            "eps_4q": 0.39,
            "eps_4q_growth_year": null,
            "roe": 1.1,
            "roe_4q": 2.93,
            "gross_profit": 324077,
            "gross_margin": 15.34,
            "gross_margin_4q_avg": 14.88,
            "net_income": 52109,
            "net_income_4q": null,
            "revenue": 2112300,
            "revenue_4q": null,
            "common_shares": 4449188,
            "book_valuer_per_share": 10.65,
            "book_valuer_per_share_4q_avg": 10.43,
            "equity": 4782091,
            "current_ratio": 254.6,
            "debt_ratio": 40.32,
            "inventory_turnover_ratio": 1.01,
            "account_receivable_turnover_ratio": 1.49,
            "reinvestment_rate": null,
            "research_to_sale_ratio": 7.72,
            "price_fair": 11.48,
            "eps_avg_yearly": 0.33,
            "eps_latest_yearly": 0.52,
            "eps_growth_yearly": 621.37
        },
        "20144": {
            "year_quarter": 20144,
            "year": 2014,
            "quarter": 4,
            "eps": 0.08,
            "eps_growth_year": -54.31,
            "eps_4q": 0.29,
            "eps_4q_growth_year": 1045.42,
            "roe": 0.68,
            "roe_4q": 2.2500000000000004,
            "gross_profit": 287215,
            "gross_margin": 14.13,
            "gross_margin_4q_avg": 14.37,
            "net_income": 32798,
            "net_income_4q": null,
            "revenue": 2032354,
            "revenue_4q": null,
            "common_shares": 4354748,
            "book_valuer_per_share": 10.79,
            "book_valuer_per_share_4q_avg": 10.57,
            "equity": 4859258,
            "current_ratio": 227.24,
            "debt_ratio": 42.05,
            "inventory_turnover_ratio": 1.03,
            "account_receivable_turnover_ratio": 1.26,
            "reinvestment_rate": null,
            "research_to_sale_ratio": 7.83,
            "price_fair": 11.43,
            "eps_avg_yearly": 0.33,
            "eps_latest_yearly": 0.32,
            "eps_growth_yearly": 492.17
        },
        "20151": {
            "year_quarter": 20151,
            "year": 2015,
            "quarter": 1,
            "eps": 0.06,
            "eps_growth_year": 50,
            "eps_4q": 0.31,
            "eps_4q_growth_year": -7.96,
            "roe": 0.48,
            "roe_4q": 2.5700000000000003,
            "gross_profit": 273158,
            "gross_margin": 13.97,
            "gross_margin_4q_avg": 14.38,
            "net_income": 23637,
            "net_income_4q": null,
            "revenue": 1954777,
            "revenue_4q": null,
            "common_shares": 4370828,
            "book_valuer_per_share": 10.82,
            "book_valuer_per_share_4q_avg": 10.67,
            "equity": 4888457,
            "current_ratio": 293.89,
            "debt_ratio": 43.37,
            "inventory_turnover_ratio": 0.91,
            "account_receivable_turnover_ratio": 1.19,
            "reinvestment_rate": null,
            "research_to_sale_ratio": 7.52,
            "price_fair": 11,
            "eps_avg_yearly": 0.31,
            "eps_latest_yearly": 0.24,
            "eps_growth_yearly": 407.57
        },
        "20152": {
            "year_quarter": 20152,
            "year": 2015,
            "quarter": 2,
            "eps": 0,
            "eps_growth_year": -100,
            "eps_4q": 0.26,
            "eps_4q_growth_year": -5.49,
            "roe": 0.02,
            "roe_4q": 2.2800000000000002,
            "gross_profit": 292923,
            "gross_margin": 14.67,
            "gross_margin_4q_avg": 14.53,
            "net_income": 747,
            "net_income_4q": null,
            "revenue": 1997230,
            "revenue_4q": null,
            "common_shares": 4370828,
            "book_valuer_per_share": 10.51,
            "book_valuer_per_share_4q_avg": 10.69,
            "equity": 4750678,
            "current_ratio": 275.27,
            "debt_ratio": 44.82,
            "inventory_turnover_ratio": 0.81,
            "account_receivable_turnover_ratio": 1.21,
            "reinvestment_rate": null,
            "research_to_sale_ratio": 7.35,
            "price_fair": 11,
            "eps_avg_yearly": 0.31,
            "eps_latest_yearly": 0.24,
            "eps_growth_yearly": 407.57
        },
        "20153": {
            "year_quarter": 20153,
            "year": 2015,
            "quarter": 3,
            "eps": -0.16,
            "eps_growth_year": -223.08,
            "eps_4q": -0.02,
            "eps_4q_growth_year": -105.7,
            "roe": -1.48,
            "roe_4q": -0.29999999999999993,
            "gross_profit": 172124,
            "gross_margin": 9.95,
            "gross_margin_4q_avg": 13.18,
            "net_income": -69897,
            "net_income_4q": null,
            "revenue": 1729552,
            "revenue_4q": null,
            "common_shares": 4370393,
            "book_valuer_per_share": 10.45,
            "book_valuer_per_share_4q_avg": 10.64,
            "equity": 4724042,
            "current_ratio": 279.22,
            "debt_ratio": 43.72,
            "inventory_turnover_ratio": 0.71,
            "account_receivable_turnover_ratio": 1.03,
            "reinvestment_rate": null,
            "research_to_sale_ratio": 8.81,
            "price_fair": 11,
            "eps_avg_yearly": 0.31,
            "eps_latest_yearly": 0.24,
            "eps_growth_yearly": 407.57
        },
        "20154": {
            "year_quarter": 20154,
            "year": 2015,
            "quarter": 4,
            "eps": -0.22,
            "eps_growth_year": -383.1,
            "eps_4q": -0.32,
            "eps_4q_growth_year": -209,
            "roe": -2.16,
            "roe_4q": -3.14,
            "gross_profit": 219703,
            "gross_margin": 12.66,
            "gross_margin_4q_avg": 12.81,
            "net_income": -100481,
            "net_income_4q": null,
            "revenue": 1735122,
            "revenue_4q": null,
            "common_shares": 4370393,
            "book_valuer_per_share": 10.2,
            "book_valuer_per_share_4q_avg": 10.5,
            "equity": 4595062,
            "current_ratio": 307.86,
            "debt_ratio": 44.3,
            "inventory_turnover_ratio": 0.7,
            "account_receivable_turnover_ratio": 1.08,
            "reinvestment_rate": null,
            "research_to_sale_ratio": 9.14,
            "price_fair": 11,
            "eps_avg_yearly": 0.31,
            "eps_latest_yearly": 0.24,
            "eps_growth_yearly": 407.57
        },
        "20161": {
            "year_quarter": 20161,
            "year": 2016,
            "quarter": 1,
            "eps": -0.16,
            "eps_growth_year": -366.67,
            "eps_4q": -0.53,
            "eps_4q_growth_year": -271.87,
            "roe": -1.67,
            "roe_4q": -5.290000000000001,
            "gross_profit": 226745,
            "gross_margin": 13.35,
            "gross_margin_4q_avg": 12.66,
            "net_income": -75544,
            "net_income_4q": null,
            "revenue": 1698819,
            "revenue_4q": null,
            "common_shares": 4370393,
            "book_valuer_per_share": 9.96,
            "book_valuer_per_share_4q_avg": 10.28,
            "equity": 4477662,
            "current_ratio": 310.31,
            "debt_ratio": 44.49,
            "inventory_turnover_ratio": 0.67,
            "account_receivable_turnover_ratio": 1.15,
            "reinvestment_rate": null,
            "research_to_sale_ratio": 9.89,
            "price_fair": 11,
            "eps_avg_yearly": 0.31,
            "eps_latest_yearly": 0.24,
            "eps_growth_yearly": 407.57
        },
        "20162": {
            "year_quarter": 20162,
            "year": 2016,
            "quarter": 2,
            "eps": -0.16,
            "eps_growth_year": null,
            "eps_4q": -0.69,
            "eps_4q_growth_year": -360.34,
            "roe": -1.69,
            "roe_4q": -7,
            "gross_profit": 225484,
            "gross_margin": 13.89,
            "gross_margin_4q_avg": 12.46,
            "net_income": -75201,
            "net_income_4q": null,
            "revenue": 1623527,
            "revenue_4q": null,
            "common_shares": 4370348,
            "book_valuer_per_share": 9.78,
            "book_valuer_per_share_4q_avg": 10.1,
            "equity": 4400234,
            "current_ratio": 300.79,
            "debt_ratio": 45.12,
            "inventory_turnover_ratio": 0.67,
            "account_receivable_turnover_ratio": 1.06,
            "reinvestment_rate": null,
            "research_to_sale_ratio": 10.97,
            "price_fair": 11,
            "eps_avg_yearly": 0.31,
            "eps_latest_yearly": 0.24,
            "eps_growth_yearly": 407.57
        },
        "20163": {
            "year_quarter": 20163,
            "year": 2016,
            "quarter": 3,
            "eps": -0.36,
            "eps_growth_year": null,
            "eps_4q": -0.89,
            "eps_4q_growth_year": null,
            "roe": -3.77,
            "roe_4q": -9.29,
            "gross_profit": 180161,
            "gross_margin": 11.48,
            "gross_margin_4q_avg": 12.85,
            "net_income": -162804,
            "net_income_4q": null,
            "revenue": 1569444,
            "revenue_4q": null,
            "common_shares": 4370073,
            "book_valuer_per_share": 9.43,
            "book_valuer_per_share_4q_avg": 9.84,
            "equity": 4235633,
            "current_ratio": 263.76,
            "debt_ratio": 47.13,
            "inventory_turnover_ratio": 0.72,
            "account_receivable_turnover_ratio": 0.95,
            "reinvestment_rate": null,
            "research_to_sale_ratio": 10.88,
            "price_fair": 11,
            "eps_avg_yearly": 0.31,
            "eps_latest_yearly": 0.24,
            "eps_growth_yearly": 407.57
        },
        "20164": {
            "year_quarter": 20164,
            "year": 2016,
            "quarter": 4,
            "eps": -0.27,
            "eps_growth_year": null,
            "eps_4q": -0.94,
            "eps_4q_growth_year": null,
            "roe": -3.02,
            "roe_4q": -10.15,
            "gross_profit": 220807,
            "gross_margin": 13.95,
            "gross_margin_4q_avg": 13.17,
            "net_income": -126208,
            "net_income_4q": null,
            "revenue": 1583261,
            "revenue_4q": null,
            "common_shares": 4370053,
            "book_valuer_per_share": 9.19,
            "book_valuer_per_share_4q_avg": 9.59,
            "equity": 4126998,
            "current_ratio": 259.88,
            "debt_ratio": 49.23,
            "inventory_turnover_ratio": 0.74,
            "account_receivable_turnover_ratio": 0.93,
            "reinvestment_rate": null,
            "research_to_sale_ratio": 11.27,
            "price_fair": 11,
            "eps_avg_yearly": 0.31,
            "eps_latest_yearly": 0.24,
            "eps_growth_yearly": 407.57
        },
        "20171": {
            "year_quarter": 20171,
            "year": 2017,
            "quarter": 1,
            "eps": -0.51,
            "eps_growth_year": null,
            "eps_4q": -1.29,
            "eps_4q_growth_year": null,
            "roe": -5.73,
            "roe_4q": -14.209999999999999,
            "gross_profit": 180882,
            "gross_margin": 12.08,
            "gross_margin_4q_avg": 12.85,
            "net_income": -228662,
            "net_income_4q": null,
            "revenue": 1497698,
            "revenue_4q": null,
            "common_shares": 4370053,
            "book_valuer_per_share": 8.56,
            "book_valuer_per_share_4q_avg": 9.24,
            "equity": 3849166,
            "current_ratio": 241.82,
            "debt_ratio": 49.73,
            "inventory_turnover_ratio": 0.73,
            "account_receivable_turnover_ratio": 0.92,
            "reinvestment_rate": null,
            "research_to_sale_ratio": 11.5,
            "price_fair": 11,
            "eps_avg_yearly": 0.31,
            "eps_latest_yearly": 0.24,
            "eps_growth_yearly": 407.57
        },
        "20172": {
            "year_quarter": 20172,
            "year": 2017,
            "quarter": 2,
            "eps": -0.3,
            "eps_growth_year": null,
            "eps_4q": -1.44,
            "eps_4q_growth_year": null,
            "roe": -3.64,
            "roe_4q": -16.16,
            "gross_profit": 161881,
            "gross_margin": 10.64,
            "gross_margin_4q_avg": 12.04,
            "net_income": -137690,
            "net_income_4q": null,
            "revenue": 1521156,
            "revenue_4q": null,
            "common_shares": 4369398,
            "book_valuer_per_share": 8.29,
            "book_valuer_per_share_4q_avg": 8.87,
            "equity": 3719838,
            "current_ratio": 269.65,
            "debt_ratio": 50.32,
            "inventory_turnover_ratio": 0.76,
            "account_receivable_turnover_ratio": 0.97,
            "reinvestment_rate": null,
            "research_to_sale_ratio": 10.87,
            "price_fair": 11,
            "eps_avg_yearly": 0.31,
            "eps_latest_yearly": 0.24,
            "eps_growth_yearly": 407.57
        },
        "20173": {
            "year_quarter": 20173,
            "year": 2017,
            "quarter": 3,
            "eps": -0.23,
            "eps_growth_year": null,
            "eps_4q": -1.31,
            "eps_4q_growth_year": null,
            "roe": -3,
            "roe_4q": -15.39,
            "gross_profit": 188192,
            "gross_margin": 12.23,
            "gross_margin_4q_avg": 12.23,
            "net_income": -110518,
            "net_income_4q": null,
            "revenue": 1538849,
            "revenue_4q": null,
            "common_shares": 4369398,
            "book_valuer_per_share": 8.08,
            "book_valuer_per_share_4q_avg": 8.53,
            "equity": 3639322,
            "current_ratio": 219.31,
            "debt_ratio": 50.69,
            "inventory_turnover_ratio": 0.79,
            "account_receivable_turnover_ratio": 0.95,
            "reinvestment_rate": null,
            "research_to_sale_ratio": 11.86,
            "price_fair": 12.37,
            "eps_avg_yearly": 0.35,
            "eps_latest_yearly": 0.24,
            "eps_growth_yearly": 530.05
        },
        "20174": {
            "year_quarter": 20174,
            "year": 2017,
            "quarter": 4,
            "eps": -0.22,
            "eps_growth_year": null,
            "eps_4q": -1.26,
            "eps_4q_growth_year": null,
            "roe": -3.05,
            "roe_4q": -15.42,
            "gross_profit": 228239,
            "gross_margin": 14.18,
            "gross_margin_4q_avg": 12.28,
            "net_income": -110011,
            "net_income_4q": null,
            "revenue": 1609443,
            "revenue_4q": null,
            "common_shares": 4369398,
            "book_valuer_per_share": 7.92,
            "book_valuer_per_share_4q_avg": 8.21,
            "equity": 3566988,
            "current_ratio": 207.42,
            "debt_ratio": 52.72,
            "inventory_turnover_ratio": 0.82,
            "account_receivable_turnover_ratio": 0.94,
            "reinvestment_rate": null,
            "research_to_sale_ratio": 11.43,
            "price_fair": 10.08,
            "eps_avg_yearly": 0.29,
            "eps_latest_yearly": 0.24,
            "eps_growth_yearly": 36.05
        },
        "20181": {
            "year_quarter": 20181,
            "year": 2018,
            "quarter": 1,
            "eps": -0.37,
            "eps_growth_year": null,
            "eps_4q": -1.12,
            "eps_4q_growth_year": null,
            "roe": -4.96,
            "roe_4q": -14.65,
            "gross_profit": 144790,
            "gross_margin": 10.58,
            "gross_margin_4q_avg": 11.91,
            "net_income": -173127,
            "net_income_4q": null,
            "revenue": 1369012,
            "revenue_4q": null,
            "common_shares": 4369398,
            "book_valuer_per_share": 7.54,
            "book_valuer_per_share_4q_avg": 7.96,
            "equity": 3408272,
            "current_ratio": 220.77,
            "debt_ratio": 55.78,
            "inventory_turnover_ratio": 0.68,
            "account_receivable_turnover_ratio": 0.77,
            "reinvestment_rate": null,
            "research_to_sale_ratio": 12.42,
            "price_fair": 11.2,
            "eps_avg_yearly": 0.32,
            "eps_latest_yearly": 0.24,
            "eps_growth_yearly": 121.54
        },
        "20182": {
            "year_quarter": 20182,
            "year": 2018,
            "quarter": 2,
            "eps": -0.16,
            "eps_growth_year": null,
            "eps_4q": -0.98,
            "eps_4q_growth_year": null,
            "roe": -2.3,
            "roe_4q": -13.309999999999999,
            "gross_profit": 214145,
            "gross_margin": 15.36,
            "gross_margin_4q_avg": 13.09,
            "net_income": -77816,
            "net_income_4q": null,
            "revenue": 1393860,
            "revenue_4q": null,
            "common_shares": 4369398,
            "book_valuer_per_share": 7.44,
            "book_valuer_per_share_4q_avg": 7.75,
            "equity": 3358226,
            "current_ratio": 201.99,
            "debt_ratio": 57.74,
            "inventory_turnover_ratio": 0.61,
            "account_receivable_turnover_ratio": 0.75,
            "reinvestment_rate": null,
            "research_to_sale_ratio": 12.82,
            "price_fair": 12.6,
            "eps_avg_yearly": 0.36,
            "eps_latest_yearly": 0.24,
            "eps_growth_yearly": 128.72
        },
        "20183": {
            "year_quarter": 20183,
            "year": 2018,
            "quarter": 3,
            "eps": -0.23,
            "eps_growth_year": null,
            "eps_4q": -0.98,
            "eps_4q_growth_year": null,
            "roe": -3.31,
            "roe_4q": -13.620000000000001,
            "gross_profit": 226609,
            "gross_margin": 19.12,
            "gross_margin_4q_avg": 14.81,
            "net_income": -108851,
            "net_income_4q": null,
            "revenue": 1185123,
            "revenue_4q": null,
            "common_shares": 4369398,
            "book_valuer_per_share": 7.16,
            "book_valuer_per_share_4q_avg": 7.52,
            "equity": 3226705,
            "current_ratio": 197.57,
            "debt_ratio": 58.2,
            "inventory_turnover_ratio": 0.46,
            "account_receivable_turnover_ratio": 0.67,
            "reinvestment_rate": null,
            "research_to_sale_ratio": 12.46,
            "price_fair": 0.84,
            "eps_avg_yearly": 0.28,
            "eps_latest_yearly": 0.24,
            "eps_growth_yearly": -126.92
        },
        "20184": {
            "year_quarter": 20184,
            "year": 2018,
            "quarter": 4,
            "eps": -0.73,
            "eps_growth_year": null,
            "eps_4q": -1.49,
            "eps_4q_growth_year": null,
            "roe": -10.87,
            "roe_4q": -21.44,
            "gross_profit": 101734,
            "gross_margin": 11.4,
            "gross_margin_4q_avg": 14.12,
            "net_income": -329343,
            "net_income_4q": null,
            "revenue": 892166,
            "revenue_4q": null,
            "common_shares": 4369398,
            "book_valuer_per_share": 6.28,
            "book_valuer_per_share_4q_avg": 7.11,
            "equity": 2834020,
            "current_ratio": 209.92,
            "debt_ratio": 59.27,
            "inventory_turnover_ratio": 0.36,
            "account_receivable_turnover_ratio": 0.65,
            "reinvestment_rate": null,
            "research_to_sale_ratio": 21.49,
            "price_fair": 0.72,
            "eps_avg_yearly": 0.24,
            "eps_latest_yearly": 0.24,
            "eps_growth_yearly": -100
        },
        "20191": {
            "year_quarter": 20191,
            "year": 2019,
            "quarter": 1,
            "eps": -0.45,
            "eps_growth_year": null,
            "eps_4q": -1.57,
            "eps_4q_growth_year": null,
            "roe": -7.53,
            "roe_4q": -24.009999999999998,
            "gross_profit": 92289,
            "gross_margin": 12.1,
            "gross_margin_4q_avg": 14.5,
            "net_income": -206483,
            "net_income_4q": null,
            "revenue": 762520,
            "revenue_4q": null,
            "common_shares": 4369398,
            "book_valuer_per_share": 5.89,
            "book_valuer_per_share_4q_avg": 6.69,
            "equity": 2653597,
            "current_ratio": 189.34,
            "debt_ratio": 60.64,
            "inventory_turnover_ratio": 0.32,
            "account_receivable_turnover_ratio": 0.69,
            "reinvestment_rate": null,
            "research_to_sale_ratio": 20.8,
            "price_fair": 0,
            "eps_avg_yearly": 0,
            "eps_latest_yearly": 0,
            "eps_growth_yearly": 0
        },
        "20192": {
            "year_quarter": 20192,
            "year": 2019,
            "quarter": 2,
            "eps": -0.32,
            "eps_growth_year": null,
            "eps_4q": -1.73,
            "eps_4q_growth_year": null,
            "roe": -5.51,
            "roe_4q": -27.219999999999995,
            "gross_profit": 110087,
            "gross_margin": 11.91,
            "gross_margin_4q_avg": 13.63,
            "net_income": -145078,
            "net_income_4q": null,
            "revenue": 924424,
            "revenue_4q": null,
            "common_shares": 4352398,
            "book_valuer_per_share": 5.75,
            "book_valuer_per_share_4q_avg": 6.27,
            "equity": 2615916,
            "current_ratio": 184,
            "debt_ratio": 61.35,
            "inventory_turnover_ratio": 0.4,
            "account_receivable_turnover_ratio": 0.88,
            "reinvestment_rate": null,
            "research_to_sale_ratio": 16.8,
            "price_fair": 0,
            "eps_avg_yearly": 0,
            "eps_latest_yearly": 0,
            "eps_growth_yearly": 0
        },
        "20193": {
            "year_quarter": 20193,
            "year": 2019,
            "quarter": 3,
            "eps": -0.18,
            "eps_growth_year": null,
            "eps_4q": -1.68,
            "eps_4q_growth_year": null,
            "roe": -3.33,
            "roe_4q": -27.240000000000002,
            "gross_profit": 154386,
            "gross_margin": 15.81,
            "gross_margin_4q_avg": 12.81,
            "net_income": -85455,
            "net_income_4q": null,
            "revenue": 976471,
            "revenue_4q": null,
            "common_shares": 4352398,
            "book_valuer_per_share": 5.54,
            "book_valuer_per_share_4q_avg": 5.87,
            "equity": 2517577,
            "current_ratio": 174.26,
            "debt_ratio": 61.81,
            "inventory_turnover_ratio": 0.42,
            "account_receivable_turnover_ratio": 0.96,
            "reinvestment_rate": null,
            "research_to_sale_ratio": 13.58,
            "price_fair": 0,
            "eps_avg_yearly": 0,
            "eps_latest_yearly": 0,
            "eps_growth_yearly": 0
        },
        "20194": {
            "year_quarter": 20194,
            "year": 2019,
            "quarter": 4,
            "eps": -0.2,
            "eps_growth_year": null,
            "eps_4q": -1.15,
            "eps_4q_growth_year": null,
            "roe": -4,
            "roe_4q": -20.37,
            "gross_profit": 113944,
            "gross_margin": 11.19,
            "gross_margin_4q_avg": 12.75,
            "net_income": -96898,
            "net_income_4q": null,
            "revenue": 1018053,
            "revenue_4q": null,
            "common_shares": 4352398,
            "book_valuer_per_share": 5.29,
            "book_valuer_per_share_4q_avg": 5.62,
            "equity": 2332232,
            "current_ratio": 192.66,
            "debt_ratio": 62.46,
            "inventory_turnover_ratio": 0.49,
            "account_receivable_turnover_ratio": 1.08,
            "reinvestment_rate": null,
            "research_to_sale_ratio": 11.84,
            "price_fair": 0,
            "eps_avg_yearly": 0,
            "eps_latest_yearly": 0,
            "eps_growth_yearly": 0
        },
        "20201": {
            "year_quarter": 20201,
            "year": 2020,
            "quarter": 1,
            "eps": -0.19,
            "eps_growth_year": null,
            "eps_4q": -0.89,
            "eps_4q_growth_year": null,
            "roe": -3.88,
            "roe_4q": -16.72,
            "gross_profit": 114724,
            "gross_margin": 13.48,
            "gross_margin_4q_avg": 13.1,
            "net_income": -88949,
            "net_income_4q": null,
            "revenue": 851236,
            "revenue_4q": null,
            "common_shares": 4352398,
            "book_valuer_per_share": 5.11,
            "book_valuer_per_share_4q_avg": 5.42,
            "equity": 2248634,
            "current_ratio": 179.9,
            "debt_ratio": 60.32,
            "inventory_turnover_ratio": 0.42,
            "account_receivable_turnover_ratio": 1.02,
            "reinvestment_rate": null,
            "research_to_sale_ratio": 14.64,
            "price_fair": 0,
            "eps_avg_yearly": 0,
            "eps_latest_yearly": 0,
            "eps_growth_yearly": 0
        },
        "20202": {
            "year_quarter": 20202,
            "year": 2020,
            "quarter": 2,
            "eps": -0.3,
            "eps_growth_year": null,
            "eps_4q": -1.44,
            "eps_4q_growth_year": null,
            "roe": -3.1,
            "roe_4q": -14.31,
            "gross_profit": 148312,
            "gross_margin": 16.57,
            "gross_margin_4q_avg": 14.26,
            "net_income": -69098,
            "net_income_4q": null,
            "revenue": 895198,
            "revenue_4q": null,
            "common_shares": 2177073,
            "book_valuer_per_share": 10.06,
            "book_valuer_per_share_4q_avg": 6.5,
            "equity": 2211509,
            "current_ratio": 181.07,
            "debt_ratio": 60.59,
            "inventory_turnover_ratio": 0.43,
            "account_receivable_turnover_ratio": 1.12,
            "reinvestment_rate": null,
            "research_to_sale_ratio": 13.27,
            "price_fair": 0,
            "eps_avg_yearly": 0,
            "eps_latest_yearly": 0,
            "eps_growth_yearly": 0
        },
        "20203": {
            "year_quarter": 20203,
            "year": 2020,
            "quarter": 3,
            "eps": -0.16,
            "eps_growth_year": null,
            "eps_4q": -1.24,
            "eps_4q_growth_year": null,
            "roe": -1.57,
            "roe_4q": -12.55,
            "gross_profit": 159200,
            "gross_margin": 18.24,
            "gross_margin_4q_avg": 14.87,
            "net_income": -34895,
            "net_income_4q": null,
            "revenue": 872952,
            "revenue_4q": null,
            "common_shares": 2177073,
            "book_valuer_per_share": 10.12,
            "book_valuer_per_share_4q_avg": 7.65,
            "equity": 2238935,
            "current_ratio": 178.46,
            "debt_ratio": 59.67,
            "inventory_turnover_ratio": 0.42,
            "account_receivable_turnover_ratio": 1.09,
            "reinvestment_rate": null,
            "research_to_sale_ratio": 13.5,
            "price_fair": 0,
            "eps_avg_yearly": 0,
            "eps_latest_yearly": 0,
            "eps_growth_yearly": 0
        },
        "20204": {
            "year_quarter": 20204,
            "year": 2020,
            "quarter": 4,
            "eps": -0.27,
            "eps_growth_year": null,
            "eps_4q": -0.95,
            "eps_4q_growth_year": null,
            "roe": -2.93,
            "roe_4q": -11.48,
            "gross_profit": 143237,
            "gross_margin": 15.38,
            "gross_margin_4q_avg": 15.92,
            "net_income": -75502,
            "net_income_4q": null,
            "revenue": 931158,
            "revenue_4q": null,
            "common_shares": 2677073,
            "book_valuer_per_share": 10.76,
            "book_valuer_per_share_4q_avg": 9.01,
            "equity": 2917124,
            "current_ratio": 225.77,
            "debt_ratio": 52.79,
            "inventory_turnover_ratio": 0.48,
            "account_receivable_turnover_ratio": 1.16,
            "reinvestment_rate": null,
            "research_to_sale_ratio": 12.99,
            "price_fair": 0,
            "eps_avg_yearly": 0,
            "eps_latest_yearly": 0,
            "eps_growth_yearly": 0
        },
        "20211": {
            "year_quarter": 20211,
            "year": 2021,
            "quarter": 1,
            "eps": 0.2,
            "eps_growth_year": null,
            "eps_4q": -0.44,
            "eps_4q_growth_year": null,
            "roe": 1.6,
            "roe_4q": -6,
            "gross_profit": 237883,
            "gross_margin": 22.66,
            "gross_margin_4q_avg": 18.21,
            "net_income": 48224,
            "net_income_4q": null,
            "revenue": 1049605,
            "revenue_4q": null,
            "common_shares": 2677073,
            "book_valuer_per_share": 11.33,
            "book_valuer_per_share_4q_avg": 10.57,
            "equity": 3093571,
            "current_ratio": 205.32,
            "debt_ratio": 48.89,
            "inventory_turnover_ratio": 0.5,
            "account_receivable_turnover_ratio": 1.2,
            "reinvestment_rate": null,
            "research_to_sale_ratio": 10.52,
            "price_fair": 0,
            "eps_avg_yearly": 0,
            "eps_latest_yearly": 0,
            "eps_growth_yearly": 0
        },
        "20212": {
            "year_quarter": 20212,
            "year": 2021,
            "quarter": 2,
            "eps": 0.56,
            "eps_growth_year": null,
            "eps_4q": 0.36,
            "eps_4q_growth_year": null,
            "roe": 4.36,
            "roe_4q": 1.4600000000000006,
            "gross_profit": 381521,
            "gross_margin": 29.9,
            "gross_margin_4q_avg": 21.55,
            "net_income": 138173,
            "net_income_4q": null,
            "revenue": 1276180,
            "revenue_4q": null,
            "common_shares": 2677073,
            "book_valuer_per_share": 11.82,
            "book_valuer_per_share_4q_avg": 11.01,
            "equity": 3248322,
            "current_ratio": 206.14,
            "debt_ratio": 48.31,
            "inventory_turnover_ratio": 0.56,
            "account_receivable_turnover_ratio": 1.37,
            "reinvestment_rate": null,
            "research_to_sale_ratio": 10.46,
            "price_fair": 78.4,
            "eps_avg_yearly": 2.24,
            "eps_latest_yearly": 2.24,
            "eps_growth_yearly": 720
        },
        "20213": {
            "year_quarter": 20213,
            "year": 2021,
            "quarter": 3,
            "eps": 1.55,
            "eps_growth_year": null,
            "eps_4q": 2.01,
            "eps_4q_growth_year": null,
            "roe": 11.66,
            "roe_4q": 14.690000000000001,
            "gross_profit": 715367,
            "gross_margin": 39.9,
            "gross_margin_4q_avg": 26.96,
            "net_income": 409122,
            "net_income_4q": null,
            "revenue": 1792750,
            "revenue_4q": null,
            "common_shares": 2677073,
            "book_valuer_per_share": 13.68,
            "book_valuer_per_share_4q_avg": 11.9,
            "equity": 3769419,
            "current_ratio": 205.76,
            "debt_ratio": 42.49,
            "inventory_turnover_ratio": 0.64,
            "account_receivable_turnover_ratio": 1.62,
            "reinvestment_rate": null,
            "research_to_sale_ratio": 8.99,
            "price_fair": 147.7,
            "eps_avg_yearly": 4.22,
            "eps_latest_yearly": 6.2,
            "eps_growth_yearly": 713.57
        },
        "20214": {
            "year_quarter": 20214,
            "year": 2021,
            "quarter": 4,
            "eps": 1.59,
            "eps_growth_year": null,
            "eps_4q": 3.89,
            "eps_4q_growth_year": null,
            "roe": 10.47,
            "roe_4q": 28.090000000000003,
            "gross_profit": 786898,
            "gross_margin": 38.8,
            "gross_margin_4q_avg": 32.82,
            "net_income": 419516,
            "net_income_4q": null,
            "revenue": 2027871,
            "revenue_4q": null,
            "common_shares": 2698693,
            "book_valuer_per_share": 15.34,
            "book_valuer_per_share_4q_avg": 13.04,
            "equity": 4243597,
            "current_ratio": 203.84,
            "debt_ratio": 41.1,
            "inventory_turnover_ratio": 0.7,
            "account_receivable_turnover_ratio": 1.49,
            "reinvestment_rate": null,
            "research_to_sale_ratio": 9.58,
            "price_fair": 172.67,
            "eps_avg_yearly": 4.93,
            "eps_latest_yearly": 6.36,
            "eps_growth_yearly": 479.16
        },
        "20221": {
            "year_quarter": 20221,
            "year": 2022,
            "quarter": 1,
            "eps": 0.81,
            "eps_growth_year": 305,
            "eps_4q": 4.49,
            "eps_4q_growth_year": null,
            "roe": 4.56,
            "roe_4q": 31.05,
            "gross_profit": 489839,
            "gross_margin": 30.04,
            "gross_margin_4q_avg": 34.66,
            "net_income": 199973,
            "net_income_4q": null,
            "revenue": 1630721,
            "revenue_4q": null,
            "common_shares": 2699293,
            "book_valuer_per_share": 16.35,
            "book_valuer_per_share_4q_avg": 14.3,
            "equity": 4526103,
            "current_ratio": 187.9,
            "debt_ratio": 37.58,
            "inventory_turnover_ratio": 0.61,
            "account_receivable_turnover_ratio": 1.18,
            "reinvestment_rate": -2515.7,
            "research_to_sale_ratio": 10.29,
            "price_fair": 157.85,
            "eps_avg_yearly": 4.51,
            "eps_latest_yearly": 3.24,
            "eps_growth_yearly": 310.31
        },
        "20222": {
            "year_quarter": 20222,
            "year": 2022,
            "quarter": 2,
            "eps": 0.57,
            "eps_growth_year": 1.79,
            "eps_4q": 4.29,
            "eps_4q_growth_year": 1076.74,
            "roe": 3.1,
            "roe_4q": 29.790000000000003,
            "gross_profit": 449402,
            "gross_margin": 32.27,
            "gross_margin_4q_avg": 35.25,
            "net_income": 139795,
            "net_income_4q": null,
            "revenue": 1392480,
            "revenue_4q": null,
            "common_shares": 2702793,
            "book_valuer_per_share": 16.27,
            "book_valuer_per_share_4q_avg": 15.41,
            "equity": 4491677,
            "current_ratio": 248.8,
            "debt_ratio": 39.67,
            "inventory_turnover_ratio": 0.43,
            "account_receivable_turnover_ratio": 1.07,
            "reinvestment_rate": -294.95,
            "research_to_sale_ratio": 12.78,
            "price_fair": 142.24,
            "eps_avg_yearly": 4.06,
            "eps_latest_yearly": 2.28,
            "eps_growth_yearly": 224.54
        },
        "20223": {
            "year_quarter": 20223,
            "year": 2022,
            "quarter": 3,
            "eps": 0.01,
            "eps_growth_year": -99.35,
            "eps_4q": 2.83,
            "eps_4q_growth_year": 41.05,
            "roe": -0.36,
            "roe_4q": 17.77,
            "gross_profit": 236254,
            "gross_margin": 24.21,
            "gross_margin_4q_avg": 31.33,
            "net_income": -16491,
            "net_income_4q": null,
            "revenue": 975938,
            "revenue_4q": null,
            "common_shares": 2838538,
            "book_valuer_per_share": 15.79,
            "book_valuer_per_share_4q_avg": 15.94,
            "equity": 4578332,
            "current_ratio": 266.77,
            "debt_ratio": 44.08,
            "inventory_turnover_ratio": 0.26,
            "account_receivable_turnover_ratio": 0.79,
            "reinvestment_rate": -197.85,
            "research_to_sale_ratio": 16.97,
            "price_fair": 118.77,
            "eps_avg_yearly": 3.39,
            "eps_latest_yearly": 0.04,
            "eps_growth_yearly": 121.62
        },
        "20224": {
            "year_quarter": 20224,
            "year": 2022,
            "quarter": 4,
            "eps": -0.82,
            "eps_growth_year": -151.19,
            "eps_4q": 0.5,
            "eps_4q_growth_year": -87.18,
            "roe": -5.62,
            "roe_4q": 1.6799999999999993,
            "gross_profit": 24781,
            "gross_margin": 3.62,
            "gross_margin_4q_avg": 22.54,
            "net_income": -249077,
            "net_income_4q": null,
            "revenue": 685450,
            "revenue_4q": null,
            "common_shares": 2840618,
            "book_valuer_per_share": 14.72,
            "book_valuer_per_share_4q_avg": 15.78,
            "equity": 4282081,
            "current_ratio": 243.48,
            "debt_ratio": 47.93,
            "inventory_turnover_ratio": 0.2,
            "account_receivable_turnover_ratio": 0.64,
            "reinvestment_rate": -158.58,
            "research_to_sale_ratio": 22.57,
            "price_fair": 118.77,
            "eps_avg_yearly": 3.39,
            "eps_latest_yearly": 0.04,
            "eps_growth_yearly": 121.62
        },
        "20231": {
            "year_quarter": 20231,
            "year": 2023,
            "quarter": 1,
            "eps": -0.78,
            "eps_growth_year": -196.3,
            "eps_4q": -1.05,
            "eps_4q_growth_year": -123.37,
            "roe": -5.93,
            "roe_4q": -8.81,
            "gross_profit": 13010,
            "gross_margin": 2.32,
            "gross_margin_4q_avg": 15.61,
            "net_income": -248470,
            "net_income_4q": null,
            "revenue": 561920,
            "revenue_4q": null,
            "common_shares": 2842118,
            "book_valuer_per_share": 14.11,
            "book_valuer_per_share_4q_avg": 15.22,
            "equity": 4096952,
            "current_ratio": 243.19,
            "debt_ratio": 48.06,
            "inventory_turnover_ratio": 0.15,
            "account_receivable_turnover_ratio": 0.64,
            "reinvestment_rate": -166.82,
            "research_to_sale_ratio": 30.25,
            "price_fair": 118.77,
            "eps_avg_yearly": 3.39,
            "eps_latest_yearly": 0.04,
            "eps_growth_yearly": 121.62
        },
        "20232": {
            "year_quarter": 20232,
            "year": 2023,
            "quarter": 2,
            "eps": -0.48,
            "eps_growth_year": -184.21,
            "eps_4q": -2.04,
            "eps_4q_growth_year": -147.54,
            "roe": -3.96,
            "roe_4q": -15.870000000000001,
            "gross_profit": -22465,
            "gross_margin": -3.03,
            "gross_margin_4q_avg": 6.78,
            "net_income": -160017,
            "net_income_4q": null,
            "revenue": 741405,
            "revenue_4q": null,
            "common_shares": 2844618,
            "book_valuer_per_share": 13.73,
            "book_valuer_per_share_4q_avg": 14.59,
            "equity": 3983047,
            "current_ratio": 243.71,
            "debt_ratio": 47.74,
            "inventory_turnover_ratio": 0.22,
            "account_receivable_turnover_ratio": 0.91,
            "reinvestment_rate": -153.38,
            "research_to_sale_ratio": 24.11,
            "price_fair": 118.77,
            "eps_avg_yearly": 3.39,
            "eps_latest_yearly": 0.04,
            "eps_growth_yearly": 121.62
        }
    },
    "months": {
        "2001-06": {
            "month": "2001-06",
            "price": "41.73",
            "revenue": 172716
        },
        "2001-07": {
            "month": "2001-07",
            "price": "32.00",
            "revenue": 214722
        },
        "2001-08": {
            "month": "2001-08",
            "price": "29.96",
            "revenue": 241207
        },
        "2001-09": {
            "month": "2001-09",
            "price": "20.95",
            "revenue": 250396
        },
        "2001-10": {
            "month": "2001-10",
            "price": "18.47",
            "revenue": 220068
        },
        "2001-11": {
            "month": "2001-11",
            "price": "27.98",
            "revenue": 305107
        },
        "2001-12": {
            "month": "2001-12",
            "price": "50.19",
            "revenue": 233123
        },
        "2002-01": {
            "month": "2002-01",
            "price": "49.33",
            "revenue": 290049
        },
        "2002-02": {
            "month": "2002-02",
            "price": "46.76",
            "revenue": 320145
        },
        "2002-03": {
            "month": "2002-03",
            "price": "59.33",
            "revenue": 350424
        },
        "2002-04": {
            "month": "2002-04",
            "price": "52.24",
            "revenue": 210309
        },
        "2002-05": {
            "month": "2002-05",
            "price": "39.34",
            "revenue": 180559
        },
        "2002-06": {
            "month": "2002-06",
            "price": "32.62",
            "revenue": 210371
        },
        "2002-07": {
            "month": "2002-07",
            "price": "32.88",
            "revenue": 220192
        },
        "2002-08": {
            "month": "2002-08",
            "price": "33.83",
            "revenue": 250133
        },
        "2002-09": {
            "month": "2002-09",
            "price": "27.99",
            "revenue": 250627
        },
        "2002-10": {
            "month": "2002-10",
            "price": "24.25",
            "revenue": 220139
        },
        "2002-11": {
            "month": "2002-11",
            "price": "23.58",
            "revenue": 270034
        },
        "2002-12": {
            "month": "2002-12",
            "price": "20.96",
            "revenue": 283463
        },
        "2003-01": {
            "month": "2003-01",
            "price": "20.43",
            "revenue": 300044
        },
        "2003-02": {
            "month": "2003-02",
            "price": "17.34",
            "revenue": 250233
        },
        "2003-03": {
            "month": "2003-03",
            "price": "16.41",
            "revenue": 300252
        },
        "2003-04": {
            "month": "2003-04",
            "price": "16.39",
            "revenue": 270509
        },
        "2003-05": {
            "month": "2003-05",
            "price": "15.39",
            "revenue": 330053
        },
        "2003-06": {
            "month": "2003-06",
            "price": "21.66",
            "revenue": 360155
        },
        "2003-07": {
            "month": "2003-07",
            "price": "26.29",
            "revenue": 330254
        },
        "2003-08": {
            "month": "2003-08",
            "price": "23.69",
            "revenue": 400160
        },
        "2003-09": {
            "month": "2003-09",
            "price": "21.95",
            "revenue": 410602
        },
        "2003-10": {
            "month": "2003-10",
            "price": "21.74",
            "revenue": 450003
        },
        "2003-11": {
            "month": "2003-11",
            "price": "23.39",
            "revenue": 480009
        },
        "2003-12": {
            "month": "2003-12",
            "price": "25.57",
            "revenue": 520089
        },
        "2004-01": {
            "month": "2004-01",
            "price": "34.33",
            "revenue": 544516
        },
        "2004-02": {
            "month": "2004-02",
            "price": "41.58",
            "revenue": 560071
        },
        "2004-03": {
            "month": "2004-03",
            "price": "49.05",
            "revenue": 607157
        },
        "2004-04": {
            "month": "2004-04",
            "price": "60.09",
            "revenue": 621281
        },
        "2004-05": {
            "month": "2004-05",
            "price": "45.94",
            "revenue": 667098
        },
        "2004-06": {
            "month": "2004-06",
            "price": "35.12",
            "revenue": 682824
        },
        "2004-07": {
            "month": "2004-07",
            "price": "30.82",
            "revenue": 684160
        },
        "2004-08": {
            "month": "2004-08",
            "price": "28.80",
            "revenue": 554683
        },
        "2004-09": {
            "month": "2004-09",
            "price": "29.44",
            "revenue": 502106
        },
        "2004-10": {
            "month": "2004-10",
            "price": "25.42",
            "revenue": 373819
        },
        "2004-11": {
            "month": "2004-11",
            "price": "19.99",
            "revenue": 262703
        },
        "2004-12": {
            "month": "2004-12",
            "price": "19.17",
            "revenue": 270709
        },
        "2005-01": {
            "month": "2005-01",
            "price": "19.41",
            "revenue": 352331
        },
        "2005-02": {
            "month": "2005-02",
            "price": "22.33",
            "revenue": 371986
        },
        "2005-03": {
            "month": "2005-03",
            "price": "24.09",
            "revenue": 421923
        },
        "2005-04": {
            "month": "2005-04",
            "price": "21.51",
            "revenue": 440879
        },
        "2005-05": {
            "month": "2005-05",
            "price": "21.97",
            "revenue": 451046
        },
        "2005-06": {
            "month": "2005-06",
            "price": "27.38",
            "revenue": 503931
        },
        "2005-07": {
            "month": "2005-07",
            "price": "33.75",
            "revenue": 521404
        },
        "2005-08": {
            "month": "2005-08",
            "price": "30.35",
            "revenue": 577566
        },
        "2005-09": {
            "month": "2005-09",
            "price": "23.82",
            "revenue": 672454
        },
        "2005-10": {
            "month": "2005-10",
            "price": "21.82",
            "revenue": 745778
        },
        "2005-11": {
            "month": "2005-11",
            "price": "22.32",
            "revenue": 803065
        },
        "2005-12": {
            "month": "2005-12",
            "price": "28.38",
            "revenue": 842791
        },
        "2006-01": {
            "month": "2006-01",
            "price": "35.40",
            "revenue": 870010
        },
        "2006-02": {
            "month": "2006-02",
            "price": "37.83",
            "revenue": 827175
        },
        "2006-03": {
            "month": "2006-03",
            "price": "46.11",
            "revenue": 860638
        },
        "2006-04": {
            "month": "2006-04",
            "price": "41.57",
            "revenue": 760134
        },
        "2006-05": {
            "month": "2006-05",
            "price": "35.74",
            "revenue": 670143
        },
        "2006-06": {
            "month": "2006-06",
            "price": "29.96",
            "revenue": 542382
        },
        "2006-07": {
            "month": "2006-07",
            "price": "30.32",
            "revenue": 704113
        },
        "2006-08": {
            "month": "2006-08",
            "price": "31.89",
            "revenue": 900361
        },
        "2006-09": {
            "month": "2006-09",
            "price": "31.56",
            "revenue": 1100082
        },
        "2006-10": {
            "month": "2006-10",
            "price": "32.02",
            "revenue": 1153635
        },
        "2006-11": {
            "month": "2006-11",
            "price": "33.90",
            "revenue": 1105108
        },
        "2006-12": {
            "month": "2006-12",
            "price": "31.91",
            "revenue": 987289
        },
        "2007-01": {
            "month": "2007-01",
            "price": "33.93",
            "revenue": 882112
        },
        "2007-02": {
            "month": "2007-02",
            "price": "31.93",
            "revenue": 949426
        },
        "2007-03": {
            "month": "2007-03",
            "price": "37.82",
            "revenue": 1043962
        },
        "2007-04": {
            "month": "2007-04",
            "price": "39.79",
            "revenue": 1042057
        },
        "2007-05": {
            "month": "2007-05",
            "price": "39.22",
            "revenue": 1059771
        },
        "2007-06": {
            "month": "2007-06",
            "price": "36.56",
            "revenue": 1101934
        },
        "2007-07": {
            "month": "2007-07",
            "price": "41.32",
            "revenue": 1164603
        },
        "2007-08": {
            "month": "2007-08",
            "price": "39.27",
            "revenue": 1250955
        },
        "2007-09": {
            "month": "2007-09",
            "price": "40.42",
            "revenue": 1285552
        },
        "2007-10": {
            "month": "2007-10",
            "price": "38.50",
            "revenue": 1301246
        },
        "2007-11": {
            "month": "2007-11",
            "price": "33.86",
            "revenue": 1135326
        },
        "2007-12": {
            "month": "2007-12",
            "price": "28.96",
            "revenue": 1001919
        },
        "2008-01": {
            "month": "2008-01",
            "price": "26.05",
            "revenue": 890092
        },
        "2008-02": {
            "month": "2008-02",
            "price": "24.84",
            "revenue": 740477
        },
        "2008-03": {
            "month": "2008-03",
            "price": "26.75",
            "revenue": 760332
        },
        "2008-04": {
            "month": "2008-04",
            "price": "27.50",
            "revenue": 630666
        },
        "2008-05": {
            "month": "2008-05",
            "price": "24.67",
            "revenue": 673764
        },
        "2008-06": {
            "month": "2008-06",
            "price": "20.55",
            "revenue": 625493
        },
        "2008-07": {
            "month": "2008-07",
            "price": "17.25",
            "revenue": 641315
        },
        "2008-08": {
            "month": "2008-08",
            "price": "17.81",
            "revenue": 655862
        },
        "2008-09": {
            "month": "2008-09",
            "price": "12.97",
            "revenue": 700215
        },
        "2008-10": {
            "month": "2008-10",
            "price": "10.03",
            "revenue": 570562
        },
        "2008-11": {
            "month": "2008-11",
            "price": "7.47",
            "revenue": 405672
        },
        "2008-12": {
            "month": "2008-12",
            "price": "7.19",
            "revenue": 265454
        },
        "2009-01": {
            "month": "2009-01",
            "price": "7.18",
            "revenue": 301691
        },
        "2009-02": {
            "month": "2009-02",
            "price": "8.25",
            "revenue": 331241
        },
        "2009-03": {
            "month": "2009-03",
            "price": "9.47",
            "revenue": 540467
        },
        "2009-04": {
            "month": "2009-04",
            "price": "13.96",
            "revenue": 566251
        },
        "2009-05": {
            "month": "2009-05",
            "price": "15.16",
            "revenue": 574229
        },
        "2009-06": {
            "month": "2009-06",
            "price": "12.59",
            "revenue": 583563
        },
        "2009-07": {
            "month": "2009-07",
            "price": "13.56",
            "revenue": 641960
        },
        "2009-08": {
            "month": "2009-08",
            "price": "13.71",
            "revenue": 661304
        },
        "2009-09": {
            "month": "2009-09",
            "price": "14.92",
            "revenue": 712248
        },
        "2009-10": {
            "month": "2009-10",
            "price": "16.08",
            "revenue": 802544
        },
        "2009-11": {
            "month": "2009-11",
            "price": "20.03",
            "revenue": 811260
        },
        "2009-12": {
            "month": "2009-12",
            "price": "22.53",
            "revenue": 770700
        },
        "2010-01": {
            "month": "2010-01",
            "price": "25.64",
            "revenue": 781804
        },
        "2010-02": {
            "month": "2010-02",
            "price": "22.38",
            "revenue": 739247
        },
        "2010-03": {
            "month": "2010-03",
            "price": "25.49",
            "revenue": 773149
        },
        "2010-04": {
            "month": "2010-04",
            "price": "27.17",
            "revenue": 903097
        },
        "2010-05": {
            "month": "2010-05",
            "price": "25.65",
            "revenue": 905166
        },
        "2010-06": {
            "month": "2010-06",
            "price": "26.35",
            "revenue": 907070
        },
        "2010-07": {
            "month": "2010-07",
            "price": "24.78",
            "revenue": 801471
        },
        "2010-08": {
            "month": "2010-08",
            "price": "23.32",
            "revenue": 602177
        },
        "2010-09": {
            "month": "2010-09",
            "price": "23.19",
            "revenue": 400988
        },
        "2010-10": {
            "month": "2010-10",
            "price": "23.18",
            "revenue": 412879
        },
        "2010-11": {
            "month": "2010-11",
            "price": "22.25",
            "revenue": 433130
        },
        "2010-12": {
            "month": "2010-12",
            "price": "23.52",
            "revenue": 464174
        },
        "2011-01": {
            "month": "2011-01",
            "price": "23.46",
            "revenue": 503231
        },
        "2011-02": {
            "month": "2011-02",
            "price": "21.80",
            "revenue": 513151
        },
        "2011-03": {
            "month": "2011-03",
            "price": "19.09",
            "revenue": 525298
        },
        "2011-04": {
            "month": "2011-04",
            "price": "17.93",
            "revenue": 622172
        },
        "2011-05": {
            "month": "2011-05",
            "price": "17.67",
            "revenue": 656951
        },
        "2011-06": {
            "month": "2011-06",
            "price": "17.30",
            "revenue": 522370
        },
        "2011-07": {
            "month": "2011-07",
            "price": "14.13",
            "revenue": 430278
        },
        "2011-08": {
            "month": "2011-08",
            "price": "12.03",
            "revenue": 352982
        },
        "2011-09": {
            "month": "2011-09",
            "price": "10.85",
            "revenue": 403549
        },
        "2011-10": {
            "month": "2011-10",
            "price": "10.82",
            "revenue": 408050
        },
        "2011-11": {
            "month": "2011-11",
            "price": "10.55",
            "revenue": 410058
        },
        "2011-12": {
            "month": "2011-12",
            "price": "9.19",
            "revenue": 382398
        },
        "2012-01": {
            "month": "2012-01",
            "price": "9.73",
            "revenue": 400565
        },
        "2012-02": {
            "month": "2012-02",
            "price": "11.92",
            "revenue": 452239
        },
        "2012-03": {
            "month": "2012-03",
            "price": "11.32",
            "revenue": 504644
        },
        "2012-04": {
            "month": "2012-04",
            "price": "9.58",
            "revenue": 532281
        },
        "2012-05": {
            "month": "2012-05",
            "price": "9.41",
            "revenue": 501284
        },
        "2012-06": {
            "month": "2012-06",
            "price": "9.50",
            "revenue": 526100
        },
        "2012-07": {
            "month": "2012-07",
            "price": "9.57",
            "revenue": 542064
        },
        "2012-08": {
            "month": "2012-08",
            "price": "9.45",
            "revenue": 522543
        },
        "2012-09": {
            "month": "2012-09",
            "price": "9.72",
            "revenue": 512999
        },
        "2012-10": {
            "month": "2012-10",
            "price": "8.19",
            "revenue": 532451
        },
        "2012-11": {
            "month": "2012-11",
            "price": "7.65",
            "revenue": 515523
        },
        "2012-12": {
            "month": "2012-12",
            "price": "8.17",
            "revenue": 481644
        },
        "2013-01": {
            "month": "2013-01",
            "price": "8.64",
            "revenue": 509750
        },
        "2013-02": {
            "month": "2013-02",
            "price": "8.70",
            "revenue": 496536
        },
        "2013-03": {
            "month": "2013-03",
            "price": "9.26",
            "revenue": 514189
        },
        "2013-04": {
            "month": "2013-04",
            "price": "10.91",
            "revenue": 594335
        },
        "2013-05": {
            "month": "2013-05",
            "price": "12.89",
            "revenue": 602095
        },
        "2013-06": {
            "month": "2013-06",
            "price": "15.53",
            "revenue": 585828
        },
        "2013-07": {
            "month": "2013-07",
            "price": "13.26",
            "revenue": 553458
        },
        "2013-08": {
            "month": "2013-08",
            "price": "11.50",
            "revenue": 526357
        },
        "2013-09": {
            "month": "2013-09",
            "price": "12.44",
            "revenue": 551632
        },
        "2013-10": {
            "month": "2013-10",
            "price": "13.30",
            "revenue": 568532
        },
        "2013-11": {
            "month": "2013-11",
            "price": "12.55",
            "revenue": 591417
        },
        "2013-12": {
            "month": "2013-12",
            "price": "12.97",
            "revenue": 603644
        },
        "2014-01": {
            "month": "2014-01",
            "price": "14.18",
            "revenue": 553775
        },
        "2014-02": {
            "month": "2014-02",
            "price": "13.70",
            "revenue": 544962
        },
        "2014-03": {
            "month": "2014-03",
            "price": "14.45",
            "revenue": 566887
        },
        "2014-04": {
            "month": "2014-04",
            "price": "16.09",
            "revenue": 568251
        },
        "2014-05": {
            "month": "2014-05",
            "price": "15.43",
            "revenue": 599749
        },
        "2014-06": {
            "month": "2014-06",
            "price": "16.86",
            "revenue": 630975
        },
        "2014-07": {
            "month": "2014-07",
            "price": "16.15",
            "revenue": 687228
        },
        "2014-08": {
            "month": "2014-08",
            "price": "15.94",
            "revenue": 710117
        },
        "2014-09": {
            "month": "2014-09",
            "price": "16.28",
            "revenue": 714955
        },
        "2014-10": {
            "month": "2014-10",
            "price": "14.74",
            "revenue": 676862
        },
        "2014-11": {
            "month": "2014-11",
            "price": "14.42",
            "revenue": 654226
        },
        "2014-12": {
            "month": "2014-12",
            "price": "16.39",
            "revenue": 701265
        },
        "2015-01": {
            "month": "2015-01",
            "price": "18.93",
            "revenue": 659607
        },
        "2015-02": {
            "month": "2015-02",
            "price": "18.61",
            "revenue": 609438
        },
        "2015-03": {
            "month": "2015-03",
            "price": "20.00",
            "revenue": 685731
        },
        "2015-04": {
            "month": "2015-04",
            "price": "20.02",
            "revenue": 703747
        },
        "2015-05": {
            "month": "2015-05",
            "price": "16.82",
            "revenue": 646878
        },
        "2015-06": {
            "month": "2015-06",
            "price": "17.32",
            "revenue": 646605
        },
        "2015-07": {
            "month": "2015-07",
            "price": "15.92",
            "revenue": 585825
        },
        "2015-08": {
            "month": "2015-08",
            "price": "11.53",
            "revenue": 558399
        },
        "2015-09": {
            "month": "2015-09",
            "price": "13.13",
            "revenue": 585328
        },
        "2015-10": {
            "month": "2015-10",
            "price": "14.26",
            "revenue": 575825
        },
        "2015-11": {
            "month": "2015-11",
            "price": "12.83",
            "revenue": 581168
        },
        "2015-12": {
            "month": "2015-12",
            "price": "13.23",
            "revenue": 578129
        },
        "2016-01": {
            "month": "2016-01",
            "price": "12.69",
            "revenue": 581104
        },
        "2016-02": {
            "month": "2016-02",
            "price": "13.03",
            "revenue": 497968
        },
        "2016-03": {
            "month": "2016-03",
            "price": "13.25",
            "revenue": 619747
        },
        "2016-04": {
            "month": "2016-04",
            "price": "12.64",
            "revenue": 538453
        },
        "2016-05": {
            "month": "2016-05",
            "price": "11.47",
            "revenue": 541508
        },
        "2016-06": {
            "month": "2016-06",
            "price": "12.30",
            "revenue": 543566
        },
        "2016-07": {
            "month": "2016-07",
            "price": "12.69",
            "revenue": 526093
        },
        "2016-08": {
            "month": "2016-08",
            "price": "13.06",
            "revenue": 521285
        },
        "2016-09": {
            "month": "2016-09",
            "price": "13.25",
            "revenue": 522066
        },
        "2016-10": {
            "month": "2016-10",
            "price": "12.49",
            "revenue": 522436
        },
        "2016-11": {
            "month": "2016-11",
            "price": "11.45",
            "revenue": 525367
        },
        "2016-12": {
            "month": "2016-12",
            "price": "12.08",
            "revenue": 535459
        },
        "2017-01": {
            "month": "2017-01",
            "price": "12.47",
            "revenue": 495019
        },
        "2017-02": {
            "month": "2017-02",
            "price": "12.71",
            "revenue": 502669
        },
        "2017-03": {
            "month": "2017-03",
            "price": "12.36",
            "revenue": 500010
        },
        "2017-04": {
            "month": "2017-04",
            "price": "12.40",
            "revenue": 512177
        },
        "2017-05": {
            "month": "2017-05",
            "price": "11.69",
            "revenue": 522351
        },
        "2017-06": {
            "month": "2017-06",
            "price": "12.05",
            "revenue": 486628
        },
        "2017-07": {
            "month": "2017-07",
            "price": "12.00",
            "revenue": 488735
        },
        "2017-08": {
            "month": "2017-08",
            "price": "11.83",
            "revenue": 505819
        },
        "2017-09": {
            "month": "2017-09",
            "price": "12.20",
            "revenue": 544295
        },
        "2017-10": {
            "month": "2017-10",
            "price": "13.87",
            "revenue": 532471
        },
        "2017-11": {
            "month": "2017-11",
            "price": "15.50",
            "revenue": 536115
        },
        "2017-12": {
            "month": "2017-12",
            "price": "14.58",
            "revenue": 540857
        },
        "2018-01": {
            "month": "2018-01",
            "price": "15.63",
            "revenue": 486823
        },
        "2018-02": {
            "month": "2018-02",
            "price": "13.98",
            "revenue": 430682
        },
        "2018-03": {
            "month": "2018-03",
            "price": "12.75",
            "revenue": 451507
        },
        "2018-04": {
            "month": "2018-04",
            "price": "11.48",
            "revenue": 461942
        },
        "2018-05": {
            "month": "2018-05",
            "price": "12.20",
            "revenue": 456647
        },
        "2018-06": {
            "month": "2018-06",
            "price": "14.00",
            "revenue": 475271
        },
        "2018-07": {
            "month": "2018-07",
            "price": "13.25",
            "revenue": 427706
        },
        "2018-08": {
            "month": "2018-08",
            "price": "12.83",
            "revenue": 382388
        },
        "2018-09": {
            "month": "2018-09",
            "price": "11.68",
            "revenue": 375029
        },
        "2018-10": {
            "month": "2018-10",
            "price": "9.74",
            "revenue": 359953
        },
        "2018-11": {
            "month": "2018-11",
            "price": "8.84",
            "revenue": 300103
        },
        "2018-12": {
            "month": "2018-12",
            "price": "9.71",
            "revenue": 232110
        },
        "2019-01": {
            "month": "2019-01",
            "price": "9.37",
            "revenue": 253042
        },
        "2019-02": {
            "month": "2019-02",
            "price": "10.04",
            "revenue": 261480
        },
        "2019-03": {
            "month": "2019-03",
            "price": "10.59",
            "revenue": 247997
        },
        "2019-04": {
            "month": "2019-04",
            "price": "10.09",
            "revenue": 303831
        },
        "2019-05": {
            "month": "2019-05",
            "price": "9.93",
            "revenue": 308583
        },
        "2019-06": {
            "month": "2019-06",
            "price": "10.87",
            "revenue": 312010
        },
        "2019-07": {
            "month": "2019-07",
            "price": "11.17",
            "revenue": 319540
        },
        "2019-08": {
            "month": "2019-08",
            "price": "10.68",
            "revenue": 321716
        },
        "2019-09": {
            "month": "2019-09",
            "price": "10.76",
            "revenue": 335216
        },
        "2019-10": {
            "month": "2019-10",
            "price": "10.09",
            "revenue": 343220
        },
        "2019-11": {
            "month": "2019-11",
            "price": "9.25",
            "revenue": 348631
        },
        "2019-12": {
            "month": "2019-12",
            "price": "10.14",
            "revenue": 326201
        },
        "2020-01": {
            "month": "2020-01",
            "price": "10.25",
            "revenue": 267027
        },
        "2020-02": {
            "month": "2020-02",
            "price": "8.94",
            "revenue": 272787
        },
        "2020-03": {
            "month": "2020-03",
            "price": "5.36",
            "revenue": 311421
        },
        "2020-04": {
            "month": "2020-04",
            "price": "5.92",
            "revenue": 318041
        },
        "2020-05": {
            "month": "2020-05",
            "price": "6.36",
            "revenue": 309926
        },
        "2020-06": {
            "month": "2020-06",
            "price": "7.87",
            "revenue": 267231
        },
        "2020-07": {
            "month": "2020-07",
            "price": "10.57",
            "revenue": 268144
        },
        "2020-08": {
            "month": "2020-08",
            "price": "9.98",
            "revenue": 270953
        },
        "2020-09": {
            "month": "2020-09",
            "price": "11.22",
            "revenue": 333855
        },
        "2020-10": {
            "month": "2020-10",
            "price": "17.83",
            "revenue": 302777
        },
        "2020-11": {
            "month": "2020-11",
            "price": "17.47",
            "revenue": 327505
        },
        "2020-12": {
            "month": "2020-12",
            "price": "23.84",
            "revenue": 300877
        },
        "2021-01": {
            "month": "2021-01",
            "price": "22.07",
            "revenue": 340637
        },
        "2021-02": {
            "month": "2021-02",
            "price": "22.31",
            "revenue": 325637
        },
        "2021-03": {
            "month": "2021-03",
            "price": "23.07",
            "revenue": 383332
        },
        "2021-04": {
            "month": "2021-04",
            "price": "26.82",
            "revenue": 401137
        },
        "2021-05": {
            "month": "2021-05",
            "price": "24.16",
            "revenue": 422030
        },
        "2021-06": {
            "month": "2021-06",
            "price": "26.58",
            "revenue": 453012
        },
        "2021-07": {
            "month": "2021-07",
            "price": "39.19",
            "revenue": 516044
        },
        "2021-08": {
            "month": "2021-08",
            "price": "43.90",
            "revenue": 588901
        },
        "2021-09": {
            "month": "2021-09",
            "price": "44.61",
            "revenue": 687805
        },
        "2021-10": {
            "month": "2021-10",
            "price": "46.18",
            "revenue": 691206
        },
        "2021-11": {
            "month": "2021-11",
            "price": "83.76",
            "revenue": 701322
        },
        "2021-12": {
            "month": "2021-12",
            "price": "89.50",
            "revenue": 635343
        },
        "2022-01": {
            "month": "2022-01",
            "price": "79.28",
            "revenue": 549495
        },
        "2022-02": {
            "month": "2022-02",
            "price": "79.98",
            "revenue": 523577
        },
        "2022-03": {
            "month": "2022-03",
            "price": "80.15",
            "revenue": 557648
        },
        "2022-04": {
            "month": "2022-04",
            "price": "68.55",
            "revenue": 486048
        },
        "2022-05": {
            "month": "2022-05",
            "price": "65.55",
            "revenue": 461448
        },
        "2022-06": {
            "month": "2022-06",
            "price": "62.94",
            "revenue": 444983
        },
        "2022-07": {
            "month": "2022-07",
            "price": "50.48",
            "revenue": 357214
        },
        "2022-08": {
            "month": "2022-08",
            "price": "50.36",
            "revenue": 305036
        },
        "2022-09": {
            "month": "2022-09",
            "price": "41.70",
            "revenue": 313688
        },
        "2022-10": {
            "month": "2022-10",
            "price": "32.71",
            "revenue": 254539
        },
        "2022-11": {
            "month": "2022-11",
            "price": "39.74",
            "revenue": 213892
        },
        "2022-12": {
            "month": "2022-12",
            "price": "41.79",
            "revenue": 217020
        },
        "2023-01": {
            "month": "2023-01",
            "price": "42.67",
            "revenue": 166152
        },
        "2023-02": {
            "month": "2023-02",
            "price": "47.16",
            "revenue": 188319
        },
        "2023-03": {
            "month": "2023-03",
            "price": "45.87",
            "revenue": 207449
        },
        "2023-04": {
            "month": "2023-04",
            "price": "45.46",
            "revenue": 248171
        },
        "2023-05": {
            "month": "2023-05",
            "price": "42.07",
            "revenue": 259188
        },
        "2023-06": {
            "month": "2023-06",
            "price": "43.78",
            "revenue": 234046
        },
        "2023-07": {
            "month": "2023-07",
            "price": "42.23",
            "revenue": 216329
        },
        "2023-08": {
            "month": "2023-08",
            "price": "40.10",
            "revenue": 221241
        },
        "2023-09": {
            "month": "2023-09",
            "price": "42.16",
            "revenue": 223067
        }
    }
}
