{
    "summary": {
        "stock_name": "台林",
        "stock_id": "5353",
        "category": "通信網路",
        "main_business": "通信接取、網路及工業應用產品之設計、製造及相關服務和銷售",
        "website_url": "http://www.tailyn.com.tw",
        "ceo": "陳俊廷",
        "pe_ratio": 20,
        "report_year_from": 2001,
        "report_year_to": 2023,
        "age": 22,
        "eps_negative_percentage": 22,
        "eps_growth_avg": {
            "last_all": 15.65,
            "last_2y": 19.1,
            "last_4y": 38.45,
            "last_8y": 18.76,
            "last_12y": 21.24,
            "last_16y": 15.65,
            "last_20y": 15.65,
            "at_2006_last_3y": null,
            "at_2007_last_3y": -30.23,
            "at_2008_last_3y": -8.45,
            "at_2009_last_3y": -8.57,
            "at_2010_last_3y": 0.02,
            "at_2011_last_3y": 23.6,
            "at_2012_last_3y": 9.33,
            "at_2013_last_3y": 26.82,
            "at_2014_last_3y": 15.19,
            "at_2015_last_3y": -8.44,
            "at_2016_last_3y": 14.22,
            "at_2017_last_3y": -5.85,
            "at_2018_last_3y": 24.32,
            "at_2019_last_3y": 40.67,
            "at_2020_last_3y": 19.78,
            "at_2021_last_3y": 28.26,
            "at_2022_last_3y": 23.06,
            "at_2023_last_3y": 23.06,
            "at_2006_last_all": null,
            "at_2007_last_all": -30.23,
            "at_2008_last_all": -8.45,
            "at_2009_last_all": -8.57,
            "at_2010_last_all": 0.02,
            "at_2011_last_all": 12.84,
            "at_2012_last_all": 3.41,
            "at_2013_last_all": 11.65,
            "at_2014_last_all": 7.61,
            "at_2015_last_all": 3.38,
            "at_2016_last_all": 7.73,
            "at_2017_last_all": 5.29,
            "at_2018_last_all": 13.18,
            "at_2019_last_all": 14.85,
            "at_2020_last_all": 11.17,
            "at_2021_last_all": 11.41,
            "at_2022_last_all": 15.65,
            "at_2023_last_all": 15.65
        },
        "latest_eps": 2.17,
        "latest_price": 42.9,
        "latest_roe": 13.77,
        "latest_gross_margin": 26.55,
        "latest_equity": 1182968,
        "latest_revenue": 513922,
        "latest_gross_profit": 136470,
        "latest_net_income": 47289,
        "latest_debt_ratio": 41.43,
        "latest_current_ratio": 179.93,
        "latest_account_receivable_turnover_ratio": 1.47,
        "latest_inventory_turnover_ratio": 0.67,
        "latest_reinvestment_rate": 26.1,
        "latest_research_to_sale_ratio": 3.87
    },
    "eps_dividends": {
        "1995": {
            "cash": 0,
            "stock": 1,
            "eps": 0
        },
        "1996": {
            "cash": 1,
            "stock": 1,
            "eps": 0
        },
        "1997": {
            "cash": 0,
            "stock": 3,
            "eps": 0
        },
        "1998": {
            "cash": 0,
            "stock": 2,
            "eps": 0
        },
        "1999": {
            "cash": 1,
            "stock": 1,
            "eps": 0
        },
        "2000": {
            "cash": 1,
            "stock": 1,
            "eps": 0
        },
        "2001": {
            "cash": 1,
            "stock": 1,
            "eps": -0.91
        },
        "2002": {
            "cash": 0,
            "stock": 1,
            "eps": -2.49
        },
        "2003": {
            "cash": 0,
            "stock": 0,
            "eps": -1.22
        },
        "2004": {
            "cash": 0,
            "stock": 0,
            "eps": -0.95
        },
        "2005": {
            "cash": 0,
            "stock": 0,
            "eps": -1.63
        },
        "2006": {
            "cash": 0,
            "stock": 0,
            "eps": 0.43
        },
        "2007": {
            "cash": 0,
            "stock": 0,
            "eps": 0.3
        },
        "2008": {
            "cash": 0,
            "stock": 0,
            "eps": 0.34
        },
        "2009": {
            "cash": 0,
            "stock": 0,
            "eps": 0.31
        },
        "2010": {
            "cash": 0,
            "stock": 0,
            "eps": 0.39
        },
        "2011": {
            "cash": 0,
            "stock": 0,
            "eps": 0.64
        },
        "2012": {
            "cash": 1,
            "stock": 0,
            "eps": 0.36
        },
        "2013": {
            "cash": 0,
            "stock": 0,
            "eps": 0.58
        },
        "2014": {
            "cash": 1,
            "stock": 0,
            "eps": 0.46
        },
        "2015": {
            "cash": 0,
            "stock": 0,
            "eps": 0.32
        },
        "2016": {
            "cash": 0,
            "stock": 0,
            "eps": 0.47
        },
        "2017": {
            "cash": 0,
            "stock": 0,
            "eps": 0.38
        },
        "2018": {
            "cash": 1,
            "stock": 0,
            "eps": 1.03
        },
        "2019": {
            "cash": 1,
            "stock": 0,
            "eps": 1.39
        },
        "2020": {
            "cash": 1,
            "stock": 0,
            "eps": 0.88
        },
        "2021": {
            "cash": 1,
            "stock": 0,
            "eps": 1.01
        },
        "2022": {
            "cash": 1,
            "stock": 0,
            "eps": 1.81
        },
        "2023": {
            "cash": 1,
            "stock": 0,
            "eps": 0.63
        }
    },
    "dividends": {
        "1995-05-17": {
            "cash": 0,
            "stock": 0.5
        },
        "1996-05-31": {
            "cash": 0.5,
            "stock": 0.5
        },
        "1997-05-29": {
            "cash": 0,
            "stock": 3
        },
        "1998-04-01": {
            "cash": 0,
            "stock": 1.55
        },
        "1999-05-24": {
            "cash": 1,
            "stock": 1
        },
        "2000-05-04": {
            "cash": 1,
            "stock": 1
        },
        "2001-05-09": {
            "cash": 0.5,
            "stock": 0.5
        },
        "2002-05-21": {
            "cash": 0,
            "stock": 0.5
        },
        "2004-03-23": {
            "cash": 0,
            "stock": 0.25
        },
        "2007-04-27": {
            "cash": 0.34,
            "stock": 0.16
        },
        "2008-03-21": {
            "cash": 0.24,
            "stock": 0
        },
        "2009-03-20": {
            "cash": 0.14,
            "stock": 0
        },
        "2010-03-26": {
            "cash": 0.44,
            "stock": 0
        },
        "2011-03-25": {
            "cash": 0.36,
            "stock": 0
        },
        "2012-06-05": {
            "cash": 0.56,
            "stock": 0
        },
        "2013-06-13": {
            "cash": 0.3,
            "stock": 0
        },
        "2014-06-12": {
            "cash": 0.52,
            "stock": 0
        },
        "2015-07-31": {
            "cash": 0.42,
            "stock": 0
        },
        "2016-07-27": {
            "cash": 0.28,
            "stock": 0
        },
        "2017-07-27": {
            "cash": 0.4,
            "stock": 0
        },
        "2018-07-26": {
            "cash": 0.6,
            "stock": 0
        },
        "2019-07-26": {
            "cash": 1.12,
            "stock": 0
        },
        "2020-07-29": {
            "cash": 1.35,
            "stock": 0
        },
        "2021-08-31": {
            "cash": 0.85,
            "stock": 0
        },
        "2022-07-28": {
            "cash": 0.9,
            "stock": 0
        },
        "2023-03-15": {
            "cash": 1.2,
            "stock": 0
        }
    },
    "prices": {
        "200101": "27.44",
        "200102": "35.87",
        "200103": "34.00",
        "200104": "29.32",
        "200105": "22.00",
        "200106": "20.17",
        "200107": "15.51",
        "200108": "13.74",
        "200109": "10.86",
        "200110": "9.64",
        "200111": "11.77",
        "200112": "15.70",
        "200201": "16.80",
        "200202": "17.32",
        "200203": "21.06",
        "200204": "20.62",
        "200205": "15.41",
        "200206": "14.27",
        "200207": "14.88",
        "200208": "12.84",
        "200209": "10.28",
        "200210": "10.05",
        "200211": "9.72",
        "200212": "8.88",
        "200301": "9.11",
        "200302": "8.76",
        "200303": "8.42",
        "200304": "9.01",
        "200305": "8.36",
        "200306": "9.38",
        "200307": "9.72",
        "200308": "8.68",
        "200309": "8.44",
        "200310": "8.42",
        "200311": "9.52",
        "200312": "11.52",
        "200401": "11.55",
        "200402": "13.17",
        "200403": "13.79",
        "200404": "13.26",
        "200405": "10.46",
        "200406": "9.75",
        "200407": "8.85",
        "200408": "8.72",
        "200409": "8.12",
        "200410": "8.06",
        "200411": "8.99",
        "200412": "7.86",
        "200501": "7.65",
        "200502": "7.36",
        "200503": "7.82",
        "200504": "6.94",
        "200505": "6.46",
        "200506": "7.93",
        "200507": "8.34",
        "200508": "6.91",
        "200509": "5.88",
        "200510": "5.69",
        "200511": "5.85",
        "200512": "6.29",
        "200601": "6.52",
        "200602": "6.11",
        "200603": "5.90",
        "200604": "6.20",
        "200605": "6.67",
        "200606": "6.18",
        "200607": "7.25",
        "200608": "7.50",
        "200609": "7.20",
        "200610": "7.10",
        "200611": "7.95",
        "200612": "11.28",
        "200701": "15.43",
        "200702": "18.60",
        "200703": "18.35",
        "200704": "17.15",
        "200705": "14.93",
        "200706": "17.70",
        "200707": "23.84",
        "200708": "19.11",
        "200709": "17.73",
        "200710": "16.38",
        "200711": "12.07",
        "200712": "10.08",
        "200801": "8.82",
        "200802": "8.73",
        "200803": "10.48",
        "200804": "11.20",
        "200805": "10.82",
        "200806": "9.37",
        "200807": "7.52",
        "200808": "7.34",
        "200809": "6.34",
        "200810": "6.39",
        "200811": "6.43",
        "200812": "5.51",
        "200901": "6.27",
        "200902": "6.24",
        "200903": "6.90",
        "200904": "7.34",
        "200905": "8.01",
        "200906": "9.42",
        "200907": "9.64",
        "200908": "9.86",
        "200909": "9.65",
        "200910": "10.61",
        "200911": "10.86",
        "200912": "13.08",
        "201001": "13.90",
        "201002": "11.35",
        "201003": "12.47",
        "201004": "13.99",
        "201005": "11.87",
        "201006": "12.14",
        "201007": "12.29",
        "201008": "12.06",
        "201009": "11.45",
        "201010": "12.05",
        "201011": "10.96",
        "201012": "11.38",
        "201101": "11.86",
        "201102": "14.40",
        "201103": "14.72",
        "201104": "15.43",
        "201105": "16.29",
        "201106": "15.38",
        "201107": "13.68",
        "201108": "11.15",
        "201109": "10.73",
        "201110": "11.67",
        "201111": "10.93",
        "201112": "9.76",
        "201201": "9.54",
        "201202": "11.10",
        "201203": "11.80",
        "201204": "10.25",
        "201205": "9.69",
        "201206": "9.49",
        "201207": "9.08",
        "201208": "9.07",
        "201209": "9.42",
        "201210": "9.03",
        "201211": "8.56",
        "201212": "8.84",
        "201301": "9.27",
        "201302": "9.28",
        "201303": "9.52",
        "201304": "10.19",
        "201305": "10.31",
        "201306": "10.43",
        "201307": "11.69",
        "201308": "11.25",
        "201309": "11.58",
        "201310": "12.53",
        "201311": "12.25",
        "201312": "12.54",
        "201401": "12.76",
        "201402": "13.49",
        "201403": "14.80",
        "201404": "14.79",
        "201405": "13.82",
        "201406": "14.20",
        "201407": "13.28",
        "201408": "12.36",
        "201409": "12.23",
        "201410": "11.32",
        "201411": "11.72",
        "201412": "12.06",
        "201501": "12.20",
        "201502": "12.21",
        "201503": "12.39",
        "201504": "12.18",
        "201505": "11.83",
        "201506": "10.92",
        "201507": "9.94",
        "201508": "8.81",
        "201509": "9.01",
        "201510": "9.72",
        "201511": "9.32",
        "201512": "9.18",
        "201601": "9.29",
        "201602": "10.64",
        "201603": "10.81",
        "201604": "10.46",
        "201605": "9.99",
        "201606": "10.58",
        "201607": "10.47",
        "201608": "10.33",
        "201609": "10.62",
        "201610": "10.74",
        "201611": "10.42",
        "201612": "10.36",
        "201701": "10.73",
        "201702": "11.01",
        "201703": "11.31",
        "201704": "11.28",
        "201705": "11.21",
        "201706": "11.17",
        "201707": "10.98",
        "201708": "11.16",
        "201709": "12.63",
        "201710": "12.56",
        "201711": "12.36",
        "201712": "12.50",
        "201801": "14.34",
        "201802": "12.95",
        "201803": "13.47",
        "201804": "14.14",
        "201805": "14.45",
        "201806": "15.72",
        "201807": "15.42",
        "201808": "15.87",
        "201809": "15.11",
        "201810": "13.34",
        "201811": "13.84",
        "201812": "14.90",
        "201901": "15.67",
        "201902": "16.03",
        "201903": "16.88",
        "201904": "18.14",
        "201905": "18.70",
        "201906": "17.50",
        "201907": "17.21",
        "201908": "17.79",
        "201909": "20.08",
        "201910": "19.21",
        "201911": "19.11",
        "201912": "19.18",
        "202001": "18.76",
        "202002": "17.85",
        "202003": "16.06",
        "202004": "16.46",
        "202005": "17.27",
        "202006": "18.51",
        "202007": "17.25",
        "202008": "16.59",
        "202009": "16.74",
        "202010": "16.44",
        "202011": "16.70",
        "202012": "16.76",
        "202101": "16.32",
        "202102": "15.97",
        "202103": "16.61",
        "202104": "17.98",
        "202105": "16.67",
        "202106": "17.20",
        "202107": "17.38",
        "202108": "16.60",
        "202109": "16.32",
        "202110": "17.22",
        "202111": "20.69",
        "202112": "21.37",
        "202201": "21.08",
        "202202": "20.95",
        "202203": "19.89",
        "202204": "19.46",
        "202205": "19.51",
        "202206": "22.08",
        "202207": "27.62",
        "202208": "32.60",
        "202209": "38.60",
        "202210": "35.82",
        "202211": "30.76",
        "202212": "29.65",
        "202301": "29.70",
        "202302": "32.33",
        "202303": "37.99",
        "202304": "48.39",
        "202305": "45.50"
    },
    "quarters": {
        "20011": {
            "year_quarter": 20011,
            "year": 2001,
            "quarter": 1,
            "eps": -0.04,
            "eps_growth_year": -116,
            "eps_4q": 0.51,
            "eps_4q_growth_year": -51.56,
            "roe": -0.17,
            "roe_4q": -0.17,
            "gross_profit": 43113,
            "gross_margin": 16.92,
            "gross_margin_4q_avg": 16.92,
            "net_income": -3593,
            "revenue": 254774,
            "common_shares": 951500,
            "book_valuer_per_share": 21.72,
            "book_valuer_per_share_4q_avg": 21.72,
            "equity": 2066194,
            "current_ratio": 422.96,
            "debt_ratio": 18.47,
            "inventory_turnover_ratio": 0.41,
            "account_receivable_turnover_ratio": null,
            "reinvestment_rate": null,
            "research_to_sale_ratio": null,
            "price_fair": 0,
            "eps_avg_yearly": 0,
            "eps_latest_yearly": 0,
            "eps_growth_yearly": 0
        },
        "20012": {
            "year_quarter": 20012,
            "year": 2001,
            "quarter": 2,
            "eps": 0.05,
            "eps_growth_year": -94.44,
            "eps_4q": -0.18,
            "eps_4q_growth_year": -113.06,
            "roe": 0.24,
            "roe_4q": 0.06999999999999998,
            "gross_profit": 36835,
            "gross_margin": 12.8,
            "gross_margin_4q_avg": 14.86,
            "net_income": 4974,
            "revenue": 287860,
            "common_shares": 951500,
            "book_valuer_per_share": 21.18,
            "book_valuer_per_share_4q_avg": 21.45,
            "equity": 2015549,
            "current_ratio": 494.95,
            "debt_ratio": 15.76,
            "inventory_turnover_ratio": 0.48,
            "account_receivable_turnover_ratio": null,
            "reinvestment_rate": null,
            "research_to_sale_ratio": null,
            "price_fair": 0,
            "eps_avg_yearly": 0,
            "eps_latest_yearly": 0,
            "eps_growth_yearly": 0
        },
        "20013": {
            "year_quarter": 20013,
            "year": 2001,
            "quarter": 3,
            "eps": -0.55,
            "eps_growth_year": null,
            "eps_4q": -0.58,
            "eps_4q_growth_year": -160.93,
            "roe": -2.71,
            "roe_4q": -2.6399999999999997,
            "gross_profit": 25453,
            "gross_margin": 10.48,
            "gross_margin_4q_avg": 13.4,
            "net_income": -53905,
            "revenue": 242875,
            "common_shares": 997929,
            "book_valuer_per_share": 19.65,
            "book_valuer_per_share_4q_avg": 20.85,
            "equity": 1960567,
            "current_ratio": 570.09,
            "debt_ratio": 13.97,
            "inventory_turnover_ratio": 0.46,
            "account_receivable_turnover_ratio": null,
            "reinvestment_rate": null,
            "research_to_sale_ratio": null,
            "price_fair": 0,
            "eps_avg_yearly": 0,
            "eps_latest_yearly": 0,
            "eps_growth_yearly": 0
        },
        "20014": {
            "year_quarter": 20014,
            "year": 2001,
            "quarter": 4,
            "eps": -0.37,
            "eps_growth_year": null,
            "eps_4q": -0.9,
            "eps_4q_growth_year": -218.42,
            "roe": -1.83,
            "roe_4q": -4.47,
            "gross_profit": 1548,
            "gross_margin": 0.57,
            "gross_margin_4q_avg": 10.19,
            "net_income": -35695,
            "revenue": 272539,
            "common_shares": 997929,
            "book_valuer_per_share": 19.4,
            "book_valuer_per_share_4q_avg": 20.49,
            "equity": 1935550,
            "current_ratio": 442.74,
            "debt_ratio": 18.64,
            "inventory_turnover_ratio": 0.6,
            "account_receivable_turnover_ratio": null,
            "reinvestment_rate": null,
            "research_to_sale_ratio": null,
            "price_fair": 0,
            "eps_avg_yearly": 0,
            "eps_latest_yearly": 0,
            "eps_growth_yearly": 0
        },
        "20021": {
            "year_quarter": 20021,
            "year": 2002,
            "quarter": 1,
            "eps": -0.39,
            "eps_growth_year": null,
            "eps_4q": -1.24,
            "eps_4q_growth_year": -343.76,
            "roe": -2.02,
            "roe_4q": -6.32,
            "gross_profit": 3856,
            "gross_margin": 1.43,
            "gross_margin_4q_avg": 6.32,
            "net_income": -38688,
            "revenue": 269238,
            "common_shares": 997929,
            "book_valuer_per_share": 19.01,
            "book_valuer_per_share_4q_avg": 19.81,
            "equity": 1896830,
            "current_ratio": 325.08,
            "debt_ratio": 23.29,
            "inventory_turnover_ratio": 0.56,
            "account_receivable_turnover_ratio": null,
            "reinvestment_rate": null,
            "research_to_sale_ratio": null,
            "price_fair": 0,
            "eps_avg_yearly": 0,
            "eps_latest_yearly": 0,
            "eps_growth_yearly": 0
        },
        "20022": {
            "year_quarter": 20022,
            "year": 2002,
            "quarter": 2,
            "eps": -1.16,
            "eps_growth_year": -2420,
            "eps_4q": -2.47,
            "eps_4q_growth_year": null,
            "roe": -6.44,
            "roe_4q": -13,
            "gross_profit": 6991,
            "gross_margin": 1.82,
            "gross_margin_4q_avg": 3.58,
            "net_income": -118373,
            "revenue": 384037,
            "common_shares": 997929,
            "book_valuer_per_share": 17.81,
            "book_valuer_per_share_4q_avg": 18.97,
            "equity": 1777034,
            "current_ratio": 247.43,
            "debt_ratio": 28.68,
            "inventory_turnover_ratio": 0.79,
            "account_receivable_turnover_ratio": null,
            "reinvestment_rate": null,
            "research_to_sale_ratio": null,
            "price_fair": 0,
            "eps_avg_yearly": 0,
            "eps_latest_yearly": 0,
            "eps_growth_yearly": 0
        },
        "20023": {
            "year_quarter": 20023,
            "year": 2002,
            "quarter": 3,
            "eps": -0.23,
            "eps_growth_year": null,
            "eps_4q": -2.06,
            "eps_4q_growth_year": null,
            "roe": -1.32,
            "roe_4q": -11.610000000000001,
            "gross_profit": 10519,
            "gross_margin": 3.79,
            "gross_margin_4q_avg": 1.9,
            "net_income": -23273,
            "revenue": 277739,
            "common_shares": 1046679,
            "book_valuer_per_share": 16.76,
            "book_valuer_per_share_4q_avg": 18.25,
            "equity": 1753798,
            "current_ratio": 341.32,
            "debt_ratio": 22.47,
            "inventory_turnover_ratio": 0.63,
            "account_receivable_turnover_ratio": null,
            "reinvestment_rate": null,
            "research_to_sale_ratio": null,
            "price_fair": 0,
            "eps_avg_yearly": 0,
            "eps_latest_yearly": 0,
            "eps_growth_yearly": 0
        },
        "20024": {
            "year_quarter": 20024,
            "year": 2002,
            "quarter": 4,
            "eps": -0.71,
            "eps_growth_year": null,
            "eps_4q": -2.47,
            "eps_4q_growth_year": null,
            "roe": -4.24,
            "roe_4q": -14.02,
            "gross_profit": 36490,
            "gross_margin": 14.86,
            "gross_margin_4q_avg": 5.48,
            "net_income": -72775,
            "revenue": 245568,
            "common_shares": 1046679,
            "book_valuer_per_share": 16.06,
            "book_valuer_per_share_4q_avg": 17.41,
            "equity": 1681019,
            "current_ratio": 382.41,
            "debt_ratio": 19.48,
            "inventory_turnover_ratio": 0.62,
            "account_receivable_turnover_ratio": null,
            "reinvestment_rate": null,
            "research_to_sale_ratio": null,
            "price_fair": 0,
            "eps_avg_yearly": 0,
            "eps_latest_yearly": 0,
            "eps_growth_yearly": 0
        },
        "20031": {
            "year_quarter": 20031,
            "year": 2003,
            "quarter": 1,
            "eps": -0.57,
            "eps_growth_year": null,
            "eps_4q": -2.66,
            "eps_4q_growth_year": null,
            "roe": -3.54,
            "roe_4q": -15.54,
            "gross_profit": -2650,
            "gross_margin": -1.81,
            "gross_margin_4q_avg": 4.67,
            "net_income": -58443,
            "revenue": 146659,
            "common_shares": 1046679,
            "book_valuer_per_share": 15.46,
            "book_valuer_per_share_4q_avg": 16.52,
            "equity": 1618137,
            "current_ratio": 369.86,
            "debt_ratio": 19.78,
            "inventory_turnover_ratio": 0.55,
            "account_receivable_turnover_ratio": null,
            "reinvestment_rate": null,
            "research_to_sale_ratio": null,
            "price_fair": 0,
            "eps_avg_yearly": 0,
            "eps_latest_yearly": 0,
            "eps_growth_yearly": 0
        },
        "20032": {
            "year_quarter": 20032,
            "year": 2003,
            "quarter": 2,
            "eps": -0.23,
            "eps_growth_year": null,
            "eps_4q": -1.7,
            "eps_4q_growth_year": null,
            "roe": -1.46,
            "roe_4q": -10.56,
            "gross_profit": 25188,
            "gross_margin": 19.83,
            "gross_margin_4q_avg": 9.17,
            "net_income": -23394,
            "revenue": 127046,
            "common_shares": 1046679,
            "book_valuer_per_share": 15.06,
            "book_valuer_per_share_4q_avg": 15.84,
            "equity": 1576777,
            "current_ratio": 306.17,
            "debt_ratio": 22.1,
            "inventory_turnover_ratio": 0.37,
            "account_receivable_turnover_ratio": null,
            "reinvestment_rate": null,
            "research_to_sale_ratio": null,
            "price_fair": 0,
            "eps_avg_yearly": 0,
            "eps_latest_yearly": 0,
            "eps_growth_yearly": 0
        },
        "20033": {
            "year_quarter": 20033,
            "year": 2003,
            "quarter": 3,
            "eps": 0.16,
            "eps_growth_year": null,
            "eps_4q": -1.39,
            "eps_4q_growth_year": null,
            "roe": 1.01,
            "roe_4q": -8.23,
            "gross_profit": 53799,
            "gross_margin": 22.18,
            "gross_margin_4q_avg": 13.77,
            "net_income": 15990,
            "revenue": 242573,
            "common_shares": 1046679,
            "book_valuer_per_share": 15.22,
            "book_valuer_per_share_4q_avg": 15.45,
            "equity": 1592770,
            "current_ratio": 339.62,
            "debt_ratio": 20.7,
            "inventory_turnover_ratio": 0.67,
            "account_receivable_turnover_ratio": null,
            "reinvestment_rate": null,
            "research_to_sale_ratio": null,
            "price_fair": 0,
            "eps_avg_yearly": 0,
            "eps_latest_yearly": 0,
            "eps_growth_yearly": 0
        },
        "20034": {
            "year_quarter": 20034,
            "year": 2003,
            "quarter": 4,
            "eps": -0.58,
            "eps_growth_year": null,
            "eps_4q": -1.24,
            "eps_4q_growth_year": null,
            "roe": -3.76,
            "roe_4q": -7.75,
            "gross_profit": -65197,
            "gross_margin": -39.22,
            "gross_margin_4q_avg": 0.25,
            "net_income": -58794,
            "revenue": 166237,
            "common_shares": 1023759,
            "book_valuer_per_share": 14.98,
            "book_valuer_per_share_4q_avg": 15.18,
            "equity": 1533978,
            "current_ratio": 278.89,
            "debt_ratio": 21.14,
            "inventory_turnover_ratio": 0.91,
            "account_receivable_turnover_ratio": null,
            "reinvestment_rate": null,
            "research_to_sale_ratio": null,
            "price_fair": 0,
            "eps_avg_yearly": 0,
            "eps_latest_yearly": 0,
            "eps_growth_yearly": 0
        },
        "20041": {
            "year_quarter": 20041,
            "year": 2004,
            "quarter": 1,
            "eps": -0.23,
            "eps_growth_year": null,
            "eps_4q": -0.89,
            "eps_4q_growth_year": null,
            "roe": -1.5,
            "roe_4q": -5.71,
            "gross_profit": 26805,
            "gross_margin": 12.59,
            "gross_margin_4q_avg": 3.85,
            "net_income": -22951,
            "revenue": 212840,
            "common_shares": 1023759,
            "book_valuer_per_share": 14.9,
            "book_valuer_per_share_4q_avg": 15.04,
            "equity": 1525835,
            "current_ratio": 313.62,
            "debt_ratio": 19.04,
            "inventory_turnover_ratio": 0.8,
            "account_receivable_turnover_ratio": null,
            "reinvestment_rate": null,
            "research_to_sale_ratio": null,
            "price_fair": 0,
            "eps_avg_yearly": 0,
            "eps_latest_yearly": 0,
            "eps_growth_yearly": 0
        },
        "20042": {
            "year_quarter": 20042,
            "year": 2004,
            "quarter": 2,
            "eps": -0.23,
            "eps_growth_year": null,
            "eps_4q": -0.87,
            "eps_4q_growth_year": null,
            "roe": -1.57,
            "roe_4q": -5.82,
            "gross_profit": 29934,
            "gross_margin": 10.34,
            "gross_margin_4q_avg": 1.47,
            "net_income": -23481,
            "revenue": 289370,
            "common_shares": 1023759,
            "book_valuer_per_share": 14.26,
            "book_valuer_per_share_4q_avg": 14.84,
            "equity": 1460176,
            "current_ratio": 249.38,
            "debt_ratio": 23.08,
            "inventory_turnover_ratio": 1.21,
            "account_receivable_turnover_ratio": null,
            "reinvestment_rate": null,
            "research_to_sale_ratio": null,
            "price_fair": 0,
            "eps_avg_yearly": 0,
            "eps_latest_yearly": 0,
            "eps_growth_yearly": 0
        },
        "20043": {
            "year_quarter": 20043,
            "year": 2004,
            "quarter": 3,
            "eps": 0.2,
            "eps_growth_year": 25,
            "eps_4q": -0.85,
            "eps_4q_growth_year": null,
            "roe": 1.37,
            "roe_4q": -5.46,
            "gross_profit": 63384,
            "gross_margin": 17.5,
            "gross_margin_4q_avg": 0.3,
            "net_income": 20049,
            "revenue": 362095,
            "common_shares": 1049353,
            "book_valuer_per_share": 13.94,
            "book_valuer_per_share_4q_avg": 14.52,
            "equity": 1463286,
            "current_ratio": 229.24,
            "debt_ratio": 25.77,
            "inventory_turnover_ratio": 1.31,
            "account_receivable_turnover_ratio": null,
            "reinvestment_rate": null,
            "research_to_sale_ratio": null,
            "price_fair": 0,
            "eps_avg_yearly": 0,
            "eps_latest_yearly": 0,
            "eps_growth_yearly": 0
        },
        "20044": {
            "year_quarter": 20044,
            "year": 2004,
            "quarter": 4,
            "eps": -0.69,
            "eps_growth_year": null,
            "eps_4q": -0.95,
            "eps_4q_growth_year": null,
            "roe": -4.86,
            "roe_4q": -6.5600000000000005,
            "gross_profit": 59349,
            "gross_margin": 17.54,
            "gross_margin_4q_avg": 14.49,
            "net_income": -69312,
            "revenue": 338437,
            "common_shares": 1049353,
            "book_valuer_per_share": 13.22,
            "book_valuer_per_share_4q_avg": 14.08,
            "equity": 1386972,
            "current_ratio": 210.96,
            "debt_ratio": 27.84,
            "inventory_turnover_ratio": 1.1,
            "account_receivable_turnover_ratio": null,
            "reinvestment_rate": null,
            "research_to_sale_ratio": null,
            "price_fair": 0,
            "eps_avg_yearly": 0,
            "eps_latest_yearly": 0,
            "eps_growth_yearly": 0
        },
        "20051": {
            "year_quarter": 20051,
            "year": 2005,
            "quarter": 1,
            "eps": -0.18,
            "eps_growth_year": null,
            "eps_4q": -0.9,
            "eps_4q_growth_year": null,
            "roe": -1.32,
            "roe_4q": -6.380000000000001,
            "gross_profit": 35131,
            "gross_margin": 12.3,
            "gross_margin_4q_avg": 14.42,
            "net_income": -18175,
            "revenue": 285727,
            "common_shares": 1049353,
            "book_valuer_per_share": 13.05,
            "book_valuer_per_share_4q_avg": 13.62,
            "equity": 1369892,
            "current_ratio": 237.54,
            "debt_ratio": 24.5,
            "inventory_turnover_ratio": 1,
            "account_receivable_turnover_ratio": null,
            "reinvestment_rate": null,
            "research_to_sale_ratio": null,
            "price_fair": 0,
            "eps_avg_yearly": 0,
            "eps_latest_yearly": 0,
            "eps_growth_yearly": 0
        },
        "20052": {
            "year_quarter": 20052,
            "year": 2005,
            "quarter": 2,
            "eps": -1.21,
            "eps_growth_year": null,
            "eps_4q": -1.78,
            "eps_4q_growth_year": null,
            "roe": -9.15,
            "roe_4q": -13.96,
            "gross_profit": 66309,
            "gross_margin": 16.2,
            "gross_margin_4q_avg": 15.89,
            "net_income": -119405,
            "revenue": 409361,
            "common_shares": 1049353,
            "book_valuer_per_share": 11.83,
            "book_valuer_per_share_4q_avg": 13.01,
            "equity": 1240872,
            "current_ratio": 264.92,
            "debt_ratio": 23.93,
            "inventory_turnover_ratio": 1.57,
            "account_receivable_turnover_ratio": null,
            "reinvestment_rate": null,
            "research_to_sale_ratio": null,
            "price_fair": 0,
            "eps_avg_yearly": 0,
            "eps_latest_yearly": 0,
            "eps_growth_yearly": 0
        },
        "20053": {
            "year_quarter": 20053,
            "year": 2005,
            "quarter": 3,
            "eps": 0.33,
            "eps_growth_year": 65,
            "eps_4q": -1.79,
            "eps_4q_growth_year": null,
            "roe": 2.56,
            "roe_4q": -12.77,
            "gross_profit": 51170,
            "gross_margin": 17.73,
            "gross_margin_4q_avg": 15.94,
            "net_income": 32172,
            "revenue": 288649,
            "common_shares": 1049353,
            "book_valuer_per_share": 12.17,
            "book_valuer_per_share_4q_avg": 12.57,
            "equity": 1277336,
            "current_ratio": 385.8,
            "debt_ratio": 17.9,
            "inventory_turnover_ratio": 1.34,
            "account_receivable_turnover_ratio": null,
            "reinvestment_rate": null,
            "research_to_sale_ratio": null,
            "price_fair": 0,
            "eps_avg_yearly": 0,
            "eps_latest_yearly": 0,
            "eps_growth_yearly": 0
        },
        "20054": {
            "year_quarter": 20054,
            "year": 2005,
            "quarter": 4,
            "eps": -0.57,
            "eps_growth_year": null,
            "eps_4q": -1.65,
            "eps_4q_growth_year": null,
            "roe": -4.5,
            "roe_4q": -12.41,
            "gross_profit": 35165,
            "gross_margin": 15.32,
            "gross_margin_4q_avg": 15.39,
            "net_income": -55888,
            "revenue": 229523,
            "common_shares": 1029353,
            "book_valuer_per_share": 11.72,
            "book_valuer_per_share_4q_avg": 12.19,
            "equity": 1206170,
            "current_ratio": 347.31,
            "debt_ratio": 20.41,
            "inventory_turnover_ratio": 1.27,
            "account_receivable_turnover_ratio": null,
            "reinvestment_rate": null,
            "research_to_sale_ratio": null,
            "price_fair": 0,
            "eps_avg_yearly": 0,
            "eps_latest_yearly": 0,
            "eps_growth_yearly": 0
        },
        "20061": {
            "year_quarter": 20061,
            "year": 2006,
            "quarter": 1,
            "eps": 0.02,
            "eps_growth_year": null,
            "eps_4q": -1.26,
            "eps_4q_growth_year": null,
            "roe": 0.18,
            "roe_4q": -10.91,
            "gross_profit": 43524,
            "gross_margin": 14.26,
            "gross_margin_4q_avg": 15.88,
            "net_income": 2237,
            "revenue": 305182,
            "common_shares": 1004353,
            "book_valuer_per_share": 12.24,
            "book_valuer_per_share_4q_avg": 11.99,
            "equity": 1229406,
            "current_ratio": 312.94,
            "debt_ratio": 21.44,
            "inventory_turnover_ratio": 1.66,
            "account_receivable_turnover_ratio": null,
            "reinvestment_rate": null,
            "research_to_sale_ratio": null,
            "price_fair": 0,
            "eps_avg_yearly": 0,
            "eps_latest_yearly": 0,
            "eps_growth_yearly": 0
        },
        "20062": {
            "year_quarter": 20062,
            "year": 2006,
            "quarter": 2,
            "eps": 0.12,
            "eps_growth_year": null,
            "eps_4q": -0.1,
            "eps_4q_growth_year": null,
            "roe": 0.95,
            "roe_4q": -0.81,
            "gross_profit": 47077,
            "gross_margin": 13.72,
            "gross_margin_4q_avg": 15.26,
            "net_income": 11596,
            "revenue": 343141,
            "common_shares": 1004353,
            "book_valuer_per_share": 12.17,
            "book_valuer_per_share_4q_avg": 12.08,
            "equity": 1222560,
            "current_ratio": 288.62,
            "debt_ratio": 23.52,
            "inventory_turnover_ratio": 1.77,
            "account_receivable_turnover_ratio": null,
            "reinvestment_rate": null,
            "research_to_sale_ratio": null,
            "price_fair": 16.8,
            "eps_avg_yearly": 0.48,
            "eps_latest_yearly": 0.48,
            "eps_growth_yearly": 2000
        },
        "20063": {
            "year_quarter": 20063,
            "year": 2006,
            "quarter": 3,
            "eps": 0.19,
            "eps_growth_year": -42.42,
            "eps_4q": -0.26,
            "eps_4q_growth_year": null,
            "roe": 1.47,
            "roe_4q": -1.9,
            "gross_profit": 41458,
            "gross_margin": 14.88,
            "gross_margin_4q_avg": 14.55,
            "net_income": 17842,
            "revenue": 278675,
            "common_shares": 994203,
            "book_valuer_per_share": 12.12,
            "book_valuer_per_share_4q_avg": 12.06,
            "equity": 1205187,
            "current_ratio": 293.73,
            "debt_ratio": 23.19,
            "inventory_turnover_ratio": 1.3,
            "account_receivable_turnover_ratio": null,
            "reinvestment_rate": null,
            "research_to_sale_ratio": null,
            "price_fair": 21.7,
            "eps_avg_yearly": 0.62,
            "eps_latest_yearly": 0.76,
            "eps_growth_yearly": 1116.67
        },
        "20064": {
            "year_quarter": 20064,
            "year": 2006,
            "quarter": 4,
            "eps": 0.1,
            "eps_growth_year": null,
            "eps_4q": 0.45,
            "eps_4q_growth_year": null,
            "roe": 0.75,
            "roe_4q": 3.35,
            "gross_profit": 49186,
            "gross_margin": 14.12,
            "gross_margin_4q_avg": 14.25,
            "net_income": 9173,
            "revenue": 348357,
            "common_shares": 994203,
            "book_valuer_per_share": 12.45,
            "book_valuer_per_share_4q_avg": 12.25,
            "equity": 1238133,
            "current_ratio": 283.24,
            "debt_ratio": 24.88,
            "inventory_turnover_ratio": 1.43,
            "account_receivable_turnover_ratio": null,
            "reinvestment_rate": null,
            "research_to_sale_ratio": null,
            "price_fair": 19.13,
            "eps_avg_yearly": 0.55,
            "eps_latest_yearly": 0.4,
            "eps_growth_yearly": 681.29
        },
        "20071": {
            "year_quarter": 20071,
            "year": 2007,
            "quarter": 1,
            "eps": 0.06,
            "eps_growth_year": 200,
            "eps_4q": 0.5,
            "eps_4q_growth_year": null,
            "roe": 0.42,
            "roe_4q": 3.59,
            "gross_profit": 52683,
            "gross_margin": 15.98,
            "gross_margin_4q_avg": 14.68,
            "net_income": 5282,
            "revenue": 329755,
            "common_shares": 994203,
            "book_valuer_per_share": 12.82,
            "book_valuer_per_share_4q_avg": 12.39,
            "equity": 1274448,
            "current_ratio": 273.19,
            "debt_ratio": 24.7,
            "inventory_turnover_ratio": 1.19,
            "account_receivable_turnover_ratio": null,
            "reinvestment_rate": null,
            "research_to_sale_ratio": null,
            "price_fair": 16.45,
            "eps_avg_yearly": 0.47,
            "eps_latest_yearly": 0.24,
            "eps_growth_yearly": 470.96
        },
        "20072": {
            "year_quarter": 20072,
            "year": 2007,
            "quarter": 2,
            "eps": 0.21,
            "eps_growth_year": 75,
            "eps_4q": 0.56,
            "eps_4q_growth_year": null,
            "roe": 1.46,
            "roe_4q": 4.1,
            "gross_profit": 52965,
            "gross_margin": 15.49,
            "gross_margin_4q_avg": 15.12,
            "net_income": 19157,
            "revenue": 341878,
            "common_shares": 994203,
            "book_valuer_per_share": 13.59,
            "book_valuer_per_share_4q_avg": 12.75,
            "equity": 1351121,
            "current_ratio": 282.91,
            "debt_ratio": 23.29,
            "inventory_turnover_ratio": 1.26,
            "account_receivable_turnover_ratio": null,
            "reinvestment_rate": null,
            "research_to_sale_ratio": null,
            "price_fair": 19.04,
            "eps_avg_yearly": 0.54,
            "eps_latest_yearly": 0.84,
            "eps_growth_yearly": 576.77
        },
        "20073": {
            "year_quarter": 20073,
            "year": 2007,
            "quarter": 3,
            "eps": 0.09,
            "eps_growth_year": -52.63,
            "eps_4q": 0.43,
            "eps_4q_growth_year": null,
            "roe": 0.66,
            "roe_4q": 3.29,
            "gross_profit": 47000,
            "gross_margin": 14.63,
            "gross_margin_4q_avg": 15.06,
            "net_income": 8951,
            "revenue": 321363,
            "common_shares": 1009410,
            "book_valuer_per_share": 13.69,
            "book_valuer_per_share_4q_avg": 13.14,
            "equity": 1381676,
            "current_ratio": 300.03,
            "debt_ratio": 21.83,
            "inventory_turnover_ratio": 1.16,
            "account_receivable_turnover_ratio": null,
            "reinvestment_rate": null,
            "research_to_sale_ratio": null,
            "price_fair": 17.97,
            "eps_avg_yearly": 0.51,
            "eps_latest_yearly": 0.36,
            "eps_growth_yearly": 442.55
        },
        "20074": {
            "year_quarter": 20074,
            "year": 2007,
            "quarter": 4,
            "eps": -0.06,
            "eps_growth_year": -160,
            "eps_4q": 0.29,
            "eps_4q_growth_year": -34.88,
            "roe": -0.41,
            "roe_4q": 2.13,
            "gross_profit": 39407,
            "gross_margin": 12.74,
            "gross_margin_4q_avg": 14.71,
            "net_income": -5585,
            "revenue": 309408,
            "common_shares": 1009410,
            "book_valuer_per_share": 13.27,
            "book_valuer_per_share_4q_avg": 13.34,
            "equity": 1339515,
            "current_ratio": 323.62,
            "debt_ratio": 21.95,
            "inventory_turnover_ratio": 1.01,
            "account_receivable_turnover_ratio": null,
            "reinvestment_rate": null,
            "research_to_sale_ratio": null,
            "price_fair": 17.97,
            "eps_avg_yearly": 0.51,
            "eps_latest_yearly": 0.36,
            "eps_growth_yearly": 442.55
        },
        "20081": {
            "year_quarter": 20081,
            "year": 2008,
            "quarter": 1,
            "eps": -0.15,
            "eps_growth_year": -350,
            "eps_4q": 0.08,
            "eps_4q_growth_year": -83.69,
            "roe": -1.11,
            "roe_4q": 0.6,
            "gross_profit": 34484,
            "gross_margin": 12.67,
            "gross_margin_4q_avg": 13.88,
            "net_income": -14605,
            "revenue": 272081,
            "common_shares": 1009410,
            "book_valuer_per_share": 12.91,
            "book_valuer_per_share_4q_avg": 13.37,
            "equity": 1303528,
            "current_ratio": 400.62,
            "debt_ratio": 18.54,
            "inventory_turnover_ratio": 0.93,
            "account_receivable_turnover_ratio": null,
            "reinvestment_rate": null,
            "research_to_sale_ratio": null,
            "price_fair": 17.97,
            "eps_avg_yearly": 0.51,
            "eps_latest_yearly": 0.36,
            "eps_growth_yearly": 442.55
        },
        "20082": {
            "year_quarter": 20082,
            "year": 2008,
            "quarter": 2,
            "eps": -0.06,
            "eps_growth_year": -128.57,
            "eps_4q": -0.17,
            "eps_4q_growth_year": -129.39,
            "roe": -0.43,
            "roe_4q": -1.29,
            "gross_profit": 29810,
            "gross_margin": 10.79,
            "gross_margin_4q_avg": 12.71,
            "net_income": -5493,
            "revenue": 276389,
            "common_shares": 1009410,
            "book_valuer_per_share": 12.36,
            "book_valuer_per_share_4q_avg": 13.06,
            "equity": 1247874,
            "current_ratio": 285.04,
            "debt_ratio": 24.95,
            "inventory_turnover_ratio": 0.92,
            "account_receivable_turnover_ratio": null,
            "reinvestment_rate": null,
            "research_to_sale_ratio": null,
            "price_fair": 17.97,
            "eps_avg_yearly": 0.51,
            "eps_latest_yearly": 0.36,
            "eps_growth_yearly": 442.55
        },
        "20083": {
            "year_quarter": 20083,
            "year": 2008,
            "quarter": 3,
            "eps": 0.3,
            "eps_growth_year": 233.33,
            "eps_4q": 0.04,
            "eps_4q_growth_year": -91.79,
            "roe": 2.33,
            "roe_4q": 0.38000000000000006,
            "gross_profit": 48901,
            "gross_margin": 13.61,
            "gross_margin_4q_avg": 12.45,
            "net_income": 29091,
            "revenue": 359372,
            "common_shares": 1009410,
            "book_valuer_per_share": 12.33,
            "book_valuer_per_share_4q_avg": 12.72,
            "equity": 1245080,
            "current_ratio": 308.01,
            "debt_ratio": 24.09,
            "inventory_turnover_ratio": 1.05,
            "account_receivable_turnover_ratio": null,
            "reinvestment_rate": null,
            "research_to_sale_ratio": null,
            "price_fair": 17.97,
            "eps_avg_yearly": 0.51,
            "eps_latest_yearly": 0.36,
            "eps_growth_yearly": 442.55
        },
        "20084": {
            "year_quarter": 20084,
            "year": 2008,
            "quarter": 4,
            "eps": 0.25,
            "eps_growth_year": null,
            "eps_4q": 0.34,
            "eps_4q_growth_year": 18.38,
            "roe": 1.95,
            "roe_4q": 2.74,
            "gross_profit": 70460,
            "gross_margin": 17.79,
            "gross_margin_4q_avg": 13.72,
            "net_income": 24095,
            "revenue": 396159,
            "common_shares": 1009410,
            "book_valuer_per_share": 12.09,
            "book_valuer_per_share_4q_avg": 12.42,
            "equity": 1220052,
            "current_ratio": 338.73,
            "debt_ratio": 22.75,
            "inventory_turnover_ratio": 1.31,
            "account_receivable_turnover_ratio": 3.27,
            "reinvestment_rate": null,
            "research_to_sale_ratio": null,
            "price_fair": 20.4,
            "eps_avg_yearly": 0.58,
            "eps_latest_yearly": 1,
            "eps_growth_yearly": 369.8
        },
        "20091": {
            "year_quarter": 20091,
            "year": 2009,
            "quarter": 1,
            "eps": 0.05,
            "eps_growth_year": null,
            "eps_4q": 0.53,
            "eps_4q_growth_year": 550.08,
            "roe": 0.4,
            "roe_4q": 4.25,
            "gross_profit": 35563,
            "gross_margin": 14.84,
            "gross_margin_4q_avg": 14.26,
            "net_income": 4982,
            "revenue": 239594,
            "common_shares": 1009410,
            "book_valuer_per_share": 12.38,
            "book_valuer_per_share_4q_avg": 12.29,
            "equity": 1249993,
            "current_ratio": 400.12,
            "debt_ratio": 19.8,
            "inventory_turnover_ratio": 0.94,
            "account_receivable_turnover_ratio": 1.18,
            "reinvestment_rate": null,
            "research_to_sale_ratio": null,
            "price_fair": 18.73,
            "eps_avg_yearly": 0.54,
            "eps_latest_yearly": 0.2,
            "eps_growth_yearly": 283.58
        },
        "20092": {
            "year_quarter": 20092,
            "year": 2009,
            "quarter": 2,
            "eps": -0.03,
            "eps_growth_year": null,
            "eps_4q": 0.55,
            "eps_4q_growth_year": null,
            "roe": -0.2,
            "roe_4q": 4.48,
            "gross_profit": 36642,
            "gross_margin": 11.74,
            "gross_margin_4q_avg": 14.5,
            "net_income": -2540,
            "revenue": 312106,
            "common_shares": 1009410,
            "book_valuer_per_share": 12.6,
            "book_valuer_per_share_4q_avg": 12.35,
            "equity": 1271411,
            "current_ratio": 349.56,
            "debt_ratio": 21.55,
            "inventory_turnover_ratio": 1.35,
            "account_receivable_turnover_ratio": 1.79,
            "reinvestment_rate": -73.59,
            "research_to_sale_ratio": null,
            "price_fair": 18.73,
            "eps_avg_yearly": 0.54,
            "eps_latest_yearly": 0.2,
            "eps_growth_yearly": 283.58
        },
        "20093": {
            "year_quarter": 20093,
            "year": 2009,
            "quarter": 3,
            "eps": 0.09,
            "eps_growth_year": -70,
            "eps_4q": 0.39,
            "eps_4q_growth_year": 1011.09,
            "roe": 0.6,
            "roe_4q": 2.75,
            "gross_profit": 40040,
            "gross_margin": 12.47,
            "gross_margin_4q_avg": 14.21,
            "net_income": 7948,
            "revenue": 320987,
            "common_shares": 1009410,
            "book_valuer_per_share": 13.51,
            "book_valuer_per_share_4q_avg": 12.65,
            "equity": 1363989,
            "current_ratio": 325.66,
            "debt_ratio": 22.39,
            "inventory_turnover_ratio": 1.43,
            "account_receivable_turnover_ratio": 1.79,
            "reinvestment_rate": -94.61,
            "research_to_sale_ratio": null,
            "price_fair": 18.73,
            "eps_avg_yearly": 0.54,
            "eps_latest_yearly": 0.2,
            "eps_growth_yearly": 283.58
        },
        "20094": {
            "year_quarter": 20094,
            "year": 2009,
            "quarter": 4,
            "eps": 0.2,
            "eps_growth_year": -20,
            "eps_4q": 0.3,
            "eps_4q_growth_year": -12.17,
            "roe": 1.35,
            "roe_4q": 2.1500000000000004,
            "gross_profit": 35777,
            "gross_margin": 9.85,
            "gross_margin_4q_avg": 12.23,
            "net_income": 18483,
            "revenue": 363220,
            "common_shares": 971910,
            "book_valuer_per_share": 14.28,
            "book_valuer_per_share_4q_avg": 13.19,
            "equity": 1366988,
            "current_ratio": 359.88,
            "debt_ratio": 21.28,
            "inventory_turnover_ratio": 1.84,
            "account_receivable_turnover_ratio": 3.22,
            "reinvestment_rate": 263.34,
            "research_to_sale_ratio": null,
            "price_fair": 19.76,
            "eps_avg_yearly": 0.56,
            "eps_latest_yearly": 0.8,
            "eps_growth_yearly": 306.39
        },
        "20101": {
            "year_quarter": 20101,
            "year": 2010,
            "quarter": 1,
            "eps": -0.22,
            "eps_growth_year": -540,
            "eps_4q": 0.03,
            "eps_4q_growth_year": -94.54,
            "roe": -1.58,
            "roe_4q": 0.16999999999999998,
            "gross_profit": 16138,
            "gross_margin": 6.87,
            "gross_margin_4q_avg": 10.23,
            "net_income": -21173,
            "revenue": 234858,
            "common_shares": 971910,
            "book_valuer_per_share": 13.93,
            "book_valuer_per_share_4q_avg": 13.58,
            "equity": 1311704,
            "current_ratio": 346.89,
            "debt_ratio": 21.77,
            "inventory_turnover_ratio": 1.34,
            "account_receivable_turnover_ratio": 1.26,
            "reinvestment_rate": 311.06,
            "research_to_sale_ratio": 6.9,
            "price_fair": 19.76,
            "eps_avg_yearly": 0.56,
            "eps_latest_yearly": 0.8,
            "eps_growth_yearly": 306.39
        },
        "20102": {
            "year_quarter": 20102,
            "year": 2010,
            "quarter": 2,
            "eps": 0.06,
            "eps_growth_year": null,
            "eps_4q": 0.12,
            "eps_4q_growth_year": -78.34,
            "roe": 0.46,
            "roe_4q": 0.83,
            "gross_profit": 43691,
            "gross_margin": 11.51,
            "gross_margin_4q_avg": 10.18,
            "net_income": 5814,
            "revenue": 379613,
            "common_shares": 971910,
            "book_valuer_per_share": 13.35,
            "book_valuer_per_share_4q_avg": 13.77,
            "equity": 1238177,
            "current_ratio": 246.11,
            "debt_ratio": 29.75,
            "inventory_turnover_ratio": 1.72,
            "account_receivable_turnover_ratio": 1.82,
            "reinvestment_rate": 307.66,
            "research_to_sale_ratio": 3.9,
            "price_fair": 20.13,
            "eps_avg_yearly": 0.58,
            "eps_latest_yearly": 0.8,
            "eps_growth_yearly": 94.69
        },
        "20103": {
            "year_quarter": 20103,
            "year": 2010,
            "quarter": 3,
            "eps": 0.36,
            "eps_growth_year": 299.08,
            "eps_4q": 0.39,
            "eps_4q_growth_year": 0.6,
            "roe": 2.65,
            "roe_4q": 2.88,
            "gross_profit": 61936,
            "gross_margin": 13.9,
            "gross_margin_4q_avg": 10.53,
            "net_income": 33314,
            "revenue": 445653,
            "common_shares": 971910,
            "book_valuer_per_share": 13.77,
            "book_valuer_per_share_4q_avg": 13.83,
            "equity": 1277012,
            "current_ratio": 263.89,
            "debt_ratio": 29.65,
            "inventory_turnover_ratio": 1.66,
            "account_receivable_turnover_ratio": 1.57,
            "reinvestment_rate": 220.14,
            "research_to_sale_ratio": 2.99,
            "price_fair": 23.1,
            "eps_avg_yearly": 0.66,
            "eps_latest_yearly": 1.44,
            "eps_growth_yearly": 315.52
        },
        "20104": {
            "year_quarter": 20104,
            "year": 2010,
            "quarter": 4,
            "eps": 0.19,
            "eps_growth_year": -3.59,
            "eps_4q": 0.39,
            "eps_4q_growth_year": 28.14,
            "roe": 1.39,
            "roe_4q": 2.92,
            "gross_profit": 64505,
            "gross_margin": 12.23,
            "gross_margin_4q_avg": 11.13,
            "net_income": 17884,
            "revenue": 527465,
            "common_shares": 971910,
            "book_valuer_per_share": 13.96,
            "book_valuer_per_share_4q_avg": 13.75,
            "equity": 1294672,
            "current_ratio": 252.05,
            "debt_ratio": 31.28,
            "inventory_turnover_ratio": 1.79,
            "account_receivable_turnover_ratio": 1.58,
            "reinvestment_rate": 200.05,
            "research_to_sale_ratio": 2.84,
            "price_fair": 24.68,
            "eps_avg_yearly": 0.71,
            "eps_latest_yearly": 0.76,
            "eps_growth_yearly": 315.6
        },
        "20111": {
            "year_quarter": 20111,
            "year": 2011,
            "quarter": 1,
            "eps": 0.35,
            "eps_growth_year": null,
            "eps_4q": 0.96,
            "eps_4q_growth_year": 3239.09,
            "roe": 2.49,
            "roe_4q": 6.989999999999999,
            "gross_profit": 71129,
            "gross_margin": 12.45,
            "gross_margin_4q_avg": 12.52,
            "net_income": 32389,
            "revenue": 571403,
            "common_shares": 971910,
            "book_valuer_per_share": 14.14,
            "book_valuer_per_share_4q_avg": 13.81,
            "equity": 1311329,
            "current_ratio": 242.7,
            "debt_ratio": 33.11,
            "inventory_turnover_ratio": 1.66,
            "account_receivable_turnover_ratio": 1.52,
            "reinvestment_rate": 150.37,
            "research_to_sale_ratio": 2.33,
            "price_fair": 29.75,
            "eps_avg_yearly": 0.85,
            "eps_latest_yearly": 1.4,
            "eps_growth_yearly": 377.7
        },
        "20112": {
            "year_quarter": 20112,
            "year": 2011,
            "quarter": 2,
            "eps": 0.21,
            "eps_growth_year": 242.94,
            "eps_4q": 1.11,
            "eps_4q_growth_year": 830.99,
            "roe": 1.54,
            "roe_4q": 8.07,
            "gross_profit": 60890,
            "gross_margin": 12.54,
            "gross_margin_4q_avg": 12.78,
            "net_income": 20046,
            "revenue": 485648,
            "common_shares": 971910,
            "book_valuer_per_share": 13.93,
            "book_valuer_per_share_4q_avg": 13.95,
            "equity": 1299443,
            "current_ratio": 268.47,
            "debt_ratio": 30,
            "inventory_turnover_ratio": 1.42,
            "account_receivable_turnover_ratio": 1.34,
            "reinvestment_rate": 143.05,
            "research_to_sale_ratio": 2.76,
            "price_fair": 29.75,
            "eps_avg_yearly": 0.85,
            "eps_latest_yearly": 0.84,
            "eps_growth_yearly": 232.7
        },
        "20113": {
            "year_quarter": 20113,
            "year": 2011,
            "quarter": 3,
            "eps": 0.23,
            "eps_growth_year": -35.37,
            "eps_4q": 0.99,
            "eps_4q_growth_year": 151.62,
            "roe": 1.67,
            "roe_4q": 7.09,
            "gross_profit": 58061,
            "gross_margin": 18.35,
            "gross_margin_4q_avg": 13.89,
            "net_income": 21582,
            "revenue": 316478,
            "common_shares": 971910,
            "book_valuer_per_share": 13.88,
            "book_valuer_per_share_4q_avg": 13.98,
            "equity": 1290271,
            "current_ratio": 327.54,
            "debt_ratio": 25.02,
            "inventory_turnover_ratio": 0.97,
            "account_receivable_turnover_ratio": 1.16,
            "reinvestment_rate": 128.33,
            "research_to_sale_ratio": 4.3,
            "price_fair": 32.2,
            "eps_avg_yearly": 0.92,
            "eps_latest_yearly": 0.92,
            "eps_growth_yearly": 266.03
        },
        "20114": {
            "year_quarter": 20114,
            "year": 2011,
            "quarter": 4,
            "eps": -0.15,
            "eps_growth_year": -179.33,
            "eps_4q": 0.66,
            "eps_4q_growth_year": 70.48,
            "roe": -1.1,
            "roe_4q": 4.6,
            "gross_profit": 35851,
            "gross_margin": 13.83,
            "gross_margin_4q_avg": 14.29,
            "net_income": -13949,
            "revenue": 259258,
            "common_shares": 971910,
            "book_valuer_per_share": 13.71,
            "book_valuer_per_share_4q_avg": 13.92,
            "equity": 1250109,
            "current_ratio": 384,
            "debt_ratio": 22.11,
            "inventory_turnover_ratio": 0.85,
            "account_receivable_turnover_ratio": 1.39,
            "reinvestment_rate": 126.88,
            "research_to_sale_ratio": 5.29,
            "price_fair": 32.2,
            "eps_avg_yearly": 0.92,
            "eps_latest_yearly": 0.92,
            "eps_growth_yearly": 266.03
        },
        "20121": {
            "year_quarter": 20121,
            "year": 2012,
            "quarter": 1,
            "eps": 0.02,
            "eps_growth_year": -94.29,
            "eps_4q": 0.32,
            "eps_4q_growth_year": -66.91,
            "roe": 0.11,
            "roe_4q": 2.2199999999999998,
            "gross_profit": 31325,
            "gross_margin": 11.64,
            "gross_margin_4q_avg": 14.09,
            "net_income": 1408,
            "revenue": 269047,
            "common_shares": 971910,
            "book_valuer_per_share": 13.84,
            "book_valuer_per_share_4q_avg": 13.84,
            "equity": 1261877,
            "current_ratio": 475.97,
            "debt_ratio": 18.72,
            "inventory_turnover_ratio": 1.02,
            "account_receivable_turnover_ratio": 1.53,
            "reinvestment_rate": 123.17,
            "research_to_sale_ratio": 4.94,
            "price_fair": 32.2,
            "eps_avg_yearly": 0.92,
            "eps_latest_yearly": 0.92,
            "eps_growth_yearly": 266.03
        },
        "20122": {
            "year_quarter": 20122,
            "year": 2012,
            "quarter": 2,
            "eps": 0.1,
            "eps_growth_year": -53.19,
            "eps_4q": 0.2,
            "eps_4q_growth_year": -82.02,
            "roe": 0.74,
            "roe_4q": 1.42,
            "gross_profit": 52669,
            "gross_margin": 17.68,
            "gross_margin_4q_avg": 15.38,
            "net_income": 9177,
            "revenue": 297951,
            "common_shares": 971910,
            "book_valuer_per_share": 13.28,
            "book_valuer_per_share_4q_avg": 13.68,
            "equity": 1211356,
            "current_ratio": 372.6,
            "debt_ratio": 22.71,
            "inventory_turnover_ratio": 1.31,
            "account_receivable_turnover_ratio": 1.34,
            "reinvestment_rate": 105.73,
            "research_to_sale_ratio": 5.14,
            "price_fair": 30.18,
            "eps_avg_yearly": 0.86,
            "eps_latest_yearly": 0.4,
            "eps_growth_yearly": 414.25
        },
        "20123": {
            "year_quarter": 20123,
            "year": 2012,
            "quarter": 3,
            "eps": 0.23,
            "eps_growth_year": 0.41,
            "eps_4q": 0.2,
            "eps_4q_growth_year": -80.15,
            "roe": 1.74,
            "roe_4q": 1.4899999999999998,
            "gross_profit": 53445,
            "gross_margin": 17.63,
            "gross_margin_4q_avg": 15.2,
            "net_income": 21256,
            "revenue": 303094,
            "common_shares": 971910,
            "book_valuer_per_share": 13.51,
            "book_valuer_per_share_4q_avg": 13.59,
            "equity": 1232373,
            "current_ratio": 337.87,
            "debt_ratio": 24.86,
            "inventory_turnover_ratio": 1.45,
            "account_receivable_turnover_ratio": 1.06,
            "reinvestment_rate": 111.98,
            "research_to_sale_ratio": 5.26,
            "price_fair": 30.38,
            "eps_avg_yearly": 0.87,
            "eps_latest_yearly": 0.92,
            "eps_growth_yearly": 424.83
        },
        "20124": {
            "year_quarter": 20124,
            "year": 2012,
            "quarter": 4,
            "eps": 0.01,
            "eps_growth_year": null,
            "eps_4q": 0.35,
            "eps_4q_growth_year": -46.13,
            "roe": 0.04,
            "roe_4q": 2.63,
            "gross_profit": 39505,
            "gross_margin": 14.98,
            "gross_margin_4q_avg": 15.48,
            "net_income": 456,
            "revenue": 263642,
            "common_shares": 971910,
            "book_valuer_per_share": 13.52,
            "book_valuer_per_share_4q_avg": 13.54,
            "equity": 1230164,
            "current_ratio": 344.16,
            "debt_ratio": 24.9,
            "inventory_turnover_ratio": 1.34,
            "account_receivable_turnover_ratio": 0.98,
            "reinvestment_rate": 129.8,
            "research_to_sale_ratio": 5.7,
            "price_fair": 27.02,
            "eps_avg_yearly": 0.77,
            "eps_latest_yearly": 0.04,
            "eps_growth_yearly": 393.23
        },
        "20131": {
            "year_quarter": 20131,
            "year": 2013,
            "quarter": 1,
            "eps": 0.08,
            "eps_growth_year": 300,
            "eps_4q": 0.42,
            "eps_4q_growth_year": 32.76,
            "roe": 0.62,
            "roe_4q": 3.1399999999999997,
            "gross_profit": 46726,
            "gross_margin": 16.26,
            "gross_margin_4q_avg": 16.64,
            "net_income": 7620,
            "revenue": 287303,
            "common_shares": 971910,
            "book_valuer_per_share": 13.48,
            "book_valuer_per_share_4q_avg": 13.45,
            "equity": 1226256,
            "current_ratio": 307.91,
            "debt_ratio": 27.82,
            "inventory_turnover_ratio": 1.28,
            "account_receivable_turnover_ratio": 1.21,
            "reinvestment_rate": 141.73,
            "research_to_sale_ratio": 5.45,
            "price_fair": 27.44,
            "eps_avg_yearly": 0.78,
            "eps_latest_yearly": 0.32,
            "eps_growth_yearly": 705.23
        },
        "20132": {
            "year_quarter": 20132,
            "year": 2013,
            "quarter": 2,
            "eps": 0.23,
            "eps_growth_year": 128.55,
            "eps_4q": 0.55,
            "eps_4q_growth_year": 176.85,
            "roe": 1.72,
            "roe_4q": 4.12,
            "gross_profit": 67608,
            "gross_margin": 18.59,
            "gross_margin_4q_avg": 16.87,
            "net_income": 20966,
            "revenue": 363706,
            "common_shares": 941910,
            "book_valuer_per_share": 13.35,
            "book_valuer_per_share_4q_avg": 13.47,
            "equity": 1213782,
            "current_ratio": 273.78,
            "debt_ratio": 31.12,
            "inventory_turnover_ratio": 1.33,
            "account_receivable_turnover_ratio": 1.31,
            "reinvestment_rate": 120.27,
            "research_to_sale_ratio": 4.25,
            "price_fair": 27.87,
            "eps_avg_yearly": 0.8,
            "eps_latest_yearly": 0.92,
            "eps_growth_yearly": 709.3
        },
        "20133": {
            "year_quarter": 20133,
            "year": 2013,
            "quarter": 3,
            "eps": 0.22,
            "eps_growth_year": -5.62,
            "eps_4q": 0.54,
            "eps_4q_growth_year": 175.47,
            "roe": 1.65,
            "roe_4q": 4.03,
            "gross_profit": 57017,
            "gross_margin": 17.19,
            "gross_margin_4q_avg": 16.76,
            "net_income": 20110,
            "revenue": 331620,
            "common_shares": 941910,
            "book_valuer_per_share": 13.48,
            "book_valuer_per_share_4q_avg": 13.46,
            "equity": 1225768,
            "current_ratio": 336.55,
            "debt_ratio": 26.52,
            "inventory_turnover_ratio": 1.24,
            "account_receivable_turnover_ratio": 1.19,
            "reinvestment_rate": 108.68,
            "research_to_sale_ratio": 4.66,
            "price_fair": 28.12,
            "eps_avg_yearly": 0.8,
            "eps_latest_yearly": 0.88,
            "eps_growth_yearly": 648.74
        },
        "20134": {
            "year_quarter": 20134,
            "year": 2013,
            "quarter": 4,
            "eps": 0.05,
            "eps_growth_year": 816.55,
            "eps_4q": 0.58,
            "eps_4q_growth_year": 63.85,
            "roe": 0.34,
            "roe_4q": 4.33,
            "gross_profit": 38859,
            "gross_margin": 13.91,
            "gross_margin_4q_avg": 16.49,
            "net_income": 4176,
            "revenue": 279302,
            "common_shares": 941910,
            "book_valuer_per_share": 13.52,
            "book_valuer_per_share_4q_avg": 13.46,
            "equity": 1229902,
            "current_ratio": 351.44,
            "debt_ratio": 25.39,
            "inventory_turnover_ratio": 1.2,
            "account_receivable_turnover_ratio": 1.22,
            "reinvestment_rate": -91.19,
            "research_to_sale_ratio": 6.3,
            "price_fair": 26.37,
            "eps_avg_yearly": 0.75,
            "eps_latest_yearly": 0.2,
            "eps_growth_yearly": 582.25
        },
        "20141": {
            "year_quarter": 20141,
            "year": 2014,
            "quarter": 1,
            "eps": 0.18,
            "eps_growth_year": 125,
            "eps_4q": 0.68,
            "eps_4q_growth_year": 60.81,
            "roe": 1.34,
            "roe_4q": 5.05,
            "gross_profit": 62002,
            "gross_margin": 19.61,
            "gross_margin_4q_avg": 17.33,
            "net_income": 16676,
            "revenue": 316108,
            "common_shares": 941910,
            "book_valuer_per_share": 13.8,
            "book_valuer_per_share_4q_avg": 13.54,
            "equity": 1254976,
            "current_ratio": 375.65,
            "debt_ratio": 24.13,
            "inventory_turnover_ratio": 1.35,
            "account_receivable_turnover_ratio": 1.41,
            "reinvestment_rate": -65.14,
            "research_to_sale_ratio": 5.73,
            "price_fair": 26.28,
            "eps_avg_yearly": 0.75,
            "eps_latest_yearly": 0.72,
            "eps_growth_yearly": 617.46
        },
        "20142": {
            "year_quarter": 20142,
            "year": 2014,
            "quarter": 2,
            "eps": 0.06,
            "eps_growth_year": -73.91,
            "eps_4q": 0.5,
            "eps_4q_growth_year": -9.03,
            "roe": 0.39,
            "roe_4q": 3.7199999999999998,
            "gross_profit": 49231,
            "gross_margin": 17.09,
            "gross_margin_4q_avg": 16.95,
            "net_income": 4792,
            "revenue": 288070,
            "common_shares": 941910,
            "book_valuer_per_share": 13.34,
            "book_valuer_per_share_4q_avg": 13.54,
            "equity": 1213235,
            "current_ratio": 330.61,
            "debt_ratio": 26.49,
            "inventory_turnover_ratio": 1.22,
            "account_receivable_turnover_ratio": 1.41,
            "reinvestment_rate": -51.04,
            "research_to_sale_ratio": 6.01,
            "price_fair": 25,
            "eps_avg_yearly": 0.71,
            "eps_latest_yearly": 0.24,
            "eps_growth_yearly": 554.31
        },
        "20143": {
            "year_quarter": 20143,
            "year": 2014,
            "quarter": 3,
            "eps": 0.21,
            "eps_growth_year": -4.55,
            "eps_4q": 0.5,
            "eps_4q_growth_year": -7.52,
            "roe": 1.63,
            "roe_4q": 3.7,
            "gross_profit": 59659,
            "gross_margin": 19.13,
            "gross_margin_4q_avg": 17.44,
            "net_income": 19812,
            "revenue": 311791,
            "common_shares": 941910,
            "book_valuer_per_share": 13.46,
            "book_valuer_per_share_4q_avg": 13.53,
            "equity": 1224393,
            "current_ratio": 340.45,
            "debt_ratio": 25.89,
            "inventory_turnover_ratio": 1.21,
            "account_receivable_turnover_ratio": 1.67,
            "reinvestment_rate": -23.94,
            "research_to_sale_ratio": 5.66,
            "price_fair": 23.5,
            "eps_avg_yearly": 0.67,
            "eps_latest_yearly": 0.84,
            "eps_growth_yearly": 482.88
        },
        "20144": {
            "year_quarter": 20144,
            "year": 2014,
            "quarter": 4,
            "eps": 0.01,
            "eps_growth_year": -70.59,
            "eps_4q": 0.47,
            "eps_4q_growth_year": -19.6,
            "roe": 0.1,
            "roe_4q": 3.46,
            "gross_profit": 53566,
            "gross_margin": 17.32,
            "gross_margin_4q_avg": 18.29,
            "net_income": 1228,
            "revenue": 309198,
            "common_shares": 911910,
            "book_valuer_per_share": 13.49,
            "book_valuer_per_share_4q_avg": 13.52,
            "equity": 1226856,
            "current_ratio": 351.41,
            "debt_ratio": 25.36,
            "inventory_turnover_ratio": 1.31,
            "account_receivable_turnover_ratio": 1.64,
            "reinvestment_rate": -21.43,
            "research_to_sale_ratio": 5.61,
            "price_fair": 21.7,
            "eps_avg_yearly": 0.62,
            "eps_latest_yearly": 0.04,
            "eps_growth_yearly": 469.16
        },
        "20151": {
            "year_quarter": 20151,
            "year": 2015,
            "quarter": 1,
            "eps": 0.06,
            "eps_growth_year": -66.67,
            "eps_4q": 0.34,
            "eps_4q_growth_year": -49.77,
            "roe": 0.43,
            "roe_4q": 2.5500000000000003,
            "gross_profit": 52871,
            "gross_margin": 19.33,
            "gross_margin_4q_avg": 18.22,
            "net_income": 5277,
            "revenue": 273493,
            "common_shares": 911910,
            "book_valuer_per_share": 13.57,
            "book_valuer_per_share_4q_avg": 13.47,
            "equity": 1234136,
            "current_ratio": 380.67,
            "debt_ratio": 23.85,
            "inventory_turnover_ratio": 1.23,
            "account_receivable_turnover_ratio": 1.49,
            "reinvestment_rate": -7.88,
            "research_to_sale_ratio": 6.21,
            "price_fair": 18.8,
            "eps_avg_yearly": 0.54,
            "eps_latest_yearly": 0.24,
            "eps_growth_yearly": 587.96
        },
        "20152": {
            "year_quarter": 20152,
            "year": 2015,
            "quarter": 2,
            "eps": 0.04,
            "eps_growth_year": -33.33,
            "eps_4q": 0.34,
            "eps_4q_growth_year": -33.36,
            "roe": 0.34,
            "roe_4q": 2.5,
            "gross_profit": 42634,
            "gross_margin": 15.34,
            "gross_margin_4q_avg": 17.78,
            "net_income": 4175,
            "revenue": 277882,
            "common_shares": 911910,
            "book_valuer_per_share": 13.08,
            "book_valuer_per_share_4q_avg": 13.4,
            "equity": 1189453,
            "current_ratio": 321.79,
            "debt_ratio": 27.35,
            "inventory_turnover_ratio": 1.29,
            "account_receivable_turnover_ratio": 1.41,
            "reinvestment_rate": -22.46,
            "research_to_sale_ratio": 6.35,
            "price_fair": 17.1,
            "eps_avg_yearly": 0.49,
            "eps_latest_yearly": 0.16,
            "eps_growth_yearly": 589.86
        },
        "20153": {
            "year_quarter": 20153,
            "year": 2015,
            "quarter": 3,
            "eps": 0.25,
            "eps_growth_year": 19.05,
            "eps_4q": 0.36,
            "eps_4q_growth_year": -27.12,
            "roe": 1.87,
            "roe_4q": 2.74,
            "gross_profit": 56680,
            "gross_margin": 21.16,
            "gross_margin_4q_avg": 18.29,
            "net_income": 22314,
            "revenue": 267839,
            "common_shares": 911910,
            "book_valuer_per_share": 13.24,
            "book_valuer_per_share_4q_avg": 13.35,
            "equity": 1199309,
            "current_ratio": 407.85,
            "debt_ratio": 23.14,
            "inventory_turnover_ratio": 1.3,
            "account_receivable_turnover_ratio": 1.35,
            "reinvestment_rate": -27.33,
            "research_to_sale_ratio": 5.33,
            "price_fair": 17.3,
            "eps_avg_yearly": 0.49,
            "eps_latest_yearly": 1,
            "eps_growth_yearly": 737.14
        },
        "20154": {
            "year_quarter": 20154,
            "year": 2015,
            "quarter": 4,
            "eps": -0.03,
            "eps_growth_year": -340.95,
            "eps_4q": 0.32,
            "eps_4q_growth_year": -31.65,
            "roe": -0.25,
            "roe_4q": 2.39,
            "gross_profit": 50156,
            "gross_margin": 19.68,
            "gross_margin_4q_avg": 18.88,
            "net_income": -2936,
            "revenue": 254821,
            "common_shares": 911910,
            "book_valuer_per_share": 13.24,
            "book_valuer_per_share_4q_avg": 13.28,
            "equity": 1194868,
            "current_ratio": 313.57,
            "debt_ratio": 27.74,
            "inventory_turnover_ratio": 1.28,
            "account_receivable_turnover_ratio": 1.44,
            "reinvestment_rate": -0.9,
            "research_to_sale_ratio": 6.83,
            "price_fair": 17.3,
            "eps_avg_yearly": 0.49,
            "eps_latest_yearly": 1,
            "eps_growth_yearly": 737.14
        },
        "20161": {
            "year_quarter": 20161,
            "year": 2016,
            "quarter": 1,
            "eps": 0.1,
            "eps_growth_year": 66.67,
            "eps_4q": 0.36,
            "eps_4q_growth_year": 5.97,
            "roe": 0.76,
            "roe_4q": 2.7199999999999998,
            "gross_profit": 64054,
            "gross_margin": 20.08,
            "gross_margin_4q_avg": 19.07,
            "net_income": 9160,
            "revenue": 318928,
            "common_shares": 909420,
            "book_valuer_per_share": 13.36,
            "book_valuer_per_share_4q_avg": 13.23,
            "equity": 1205354,
            "current_ratio": 344.04,
            "debt_ratio": 25.76,
            "inventory_turnover_ratio": 1.5,
            "account_receivable_turnover_ratio": 1.71,
            "reinvestment_rate": -2.95,
            "research_to_sale_ratio": 4.8,
            "price_fair": 17.3,
            "eps_avg_yearly": 0.49,
            "eps_latest_yearly": 1,
            "eps_growth_yearly": 737.14
        },
        "20162": {
            "year_quarter": 20162,
            "year": 2016,
            "quarter": 2,
            "eps": 0.13,
            "eps_growth_year": 225,
            "eps_4q": 0.45,
            "eps_4q_growth_year": 34.02,
            "roe": 1,
            "roe_4q": 3.38,
            "gross_profit": 60198,
            "gross_margin": 19.77,
            "gross_margin_4q_avg": 20.17,
            "net_income": 12014,
            "revenue": 304424,
            "common_shares": 909420,
            "book_valuer_per_share": 13.16,
            "book_valuer_per_share_4q_avg": 13.25,
            "equity": 1187607,
            "current_ratio": 318.09,
            "debt_ratio": 27.69,
            "inventory_turnover_ratio": 1.42,
            "account_receivable_turnover_ratio": 1.4,
            "reinvestment_rate": 0.13,
            "research_to_sale_ratio": 5.05,
            "price_fair": 17.6,
            "eps_avg_yearly": 0.5,
            "eps_latest_yearly": 0.52,
            "eps_growth_yearly": 631.43
        },
        "20163": {
            "year_quarter": 20163,
            "year": 2016,
            "quarter": 3,
            "eps": 0.06,
            "eps_growth_year": -76,
            "eps_4q": 0.28,
            "eps_4q_growth_year": -22.61,
            "roe": 0.41,
            "roe_4q": 1.92,
            "gross_profit": 43554,
            "gross_margin": 15.88,
            "gross_margin_4q_avg": 18.85,
            "net_income": 4639,
            "revenue": 274201,
            "common_shares": 818500,
            "book_valuer_per_share": 13.54,
            "book_valuer_per_share_4q_avg": 13.33,
            "equity": 1098880,
            "current_ratio": 260.3,
            "debt_ratio": 32.46,
            "inventory_turnover_ratio": 1.3,
            "account_receivable_turnover_ratio": 1.3,
            "reinvestment_rate": -5.6,
            "research_to_sale_ratio": 6.07,
            "price_fair": 15.9,
            "eps_avg_yearly": 0.45,
            "eps_latest_yearly": 0.24,
            "eps_growth_yearly": 578.9
        },
        "20164": {
            "year_quarter": 20164,
            "year": 2016,
            "quarter": 4,
            "eps": 0.18,
            "eps_growth_year": null,
            "eps_4q": 0.5,
            "eps_4q_growth_year": 55.88,
            "roe": 1.32,
            "roe_4q": 3.49,
            "gross_profit": 61192,
            "gross_margin": 20.42,
            "gross_margin_4q_avg": 19.04,
            "net_income": 14633,
            "revenue": 299691,
            "common_shares": 818500,
            "book_valuer_per_share": 13.73,
            "book_valuer_per_share_4q_avg": 13.45,
            "equity": 1115232,
            "current_ratio": 298.63,
            "debt_ratio": 29.24,
            "inventory_turnover_ratio": 1.31,
            "account_receivable_turnover_ratio": 1.37,
            "reinvestment_rate": -11.76,
            "research_to_sale_ratio": 5.55,
            "price_fair": 17.6,
            "eps_avg_yearly": 0.5,
            "eps_latest_yearly": 0.72,
            "eps_growth_yearly": 663.37
        },
        "20171": {
            "year_quarter": 20171,
            "year": 2017,
            "quarter": 1,
            "eps": -0.2,
            "eps_growth_year": -300,
            "eps_4q": 0.18,
            "eps_4q_growth_year": -49.02,
            "roe": -1.47,
            "roe_4q": 1.26,
            "gross_profit": 46819,
            "gross_margin": 16.72,
            "gross_margin_4q_avg": 18.2,
            "net_income": -16277,
            "revenue": 280010,
            "common_shares": 818500,
            "book_valuer_per_share": 13.62,
            "book_valuer_per_share_4q_avg": 13.51,
            "equity": 1106464,
            "current_ratio": 300.44,
            "debt_ratio": 28.49,
            "inventory_turnover_ratio": 1.27,
            "account_receivable_turnover_ratio": 1.24,
            "reinvestment_rate": -19.5,
            "research_to_sale_ratio": 5.46,
            "price_fair": 18.09,
            "eps_avg_yearly": 0.52,
            "eps_latest_yearly": 0.72,
            "eps_growth_yearly": 499.01
        },
        "20172": {
            "year_quarter": 20172,
            "year": 2017,
            "quarter": 2,
            "eps": 0.18,
            "eps_growth_year": 38.46,
            "eps_4q": 0.22,
            "eps_4q_growth_year": -51.57,
            "roe": 1.34,
            "roe_4q": 1.6,
            "gross_profit": 49484,
            "gross_margin": 15.56,
            "gross_margin_4q_avg": 17.15,
            "net_income": 14681,
            "revenue": 318033,
            "common_shares": 818500,
            "book_valuer_per_share": 13.37,
            "book_valuer_per_share_4q_avg": 13.57,
            "equity": 1086002,
            "current_ratio": 284.64,
            "debt_ratio": 29.54,
            "inventory_turnover_ratio": 1.54,
            "account_receivable_turnover_ratio": 1.43,
            "reinvestment_rate": -5.33,
            "research_to_sale_ratio": 4.88,
            "price_fair": 16.92,
            "eps_avg_yearly": 0.48,
            "eps_latest_yearly": 0.72,
            "eps_growth_yearly": 478.1
        },
        "20173": {
            "year_quarter": 20173,
            "year": 2017,
            "quarter": 3,
            "eps": 0.3,
            "eps_growth_year": 400,
            "eps_4q": 0.5,
            "eps_4q_growth_year": 76.27,
            "roe": 2.24,
            "roe_4q": 3.4300000000000006,
            "gross_profit": 63604,
            "gross_margin": 17.88,
            "gross_margin_4q_avg": 17.65,
            "net_income": 23919,
            "revenue": 355747,
            "common_shares": 750000,
            "book_valuer_per_share": 14.1,
            "book_valuer_per_share_4q_avg": 13.71,
            "equity": 1048719,
            "current_ratio": 235.4,
            "debt_ratio": 35.36,
            "inventory_turnover_ratio": 1.63,
            "account_receivable_turnover_ratio": 1.4,
            "reinvestment_rate": -9.3,
            "research_to_sale_ratio": 4.56,
            "price_fair": 17.85,
            "eps_avg_yearly": 0.51,
            "eps_latest_yearly": 1.2,
            "eps_growth_yearly": 501.77
        },
        "20174": {
            "year_quarter": 20174,
            "year": 2017,
            "quarter": 4,
            "eps": 0.1,
            "eps_growth_year": -42.74,
            "eps_4q": 0.4,
            "eps_4q_growth_year": -19.05,
            "roe": 0.73,
            "roe_4q": 2.8400000000000007,
            "gross_profit": 59857,
            "gross_margin": 16.25,
            "gross_margin_4q_avg": 16.6,
            "net_income": 7677,
            "revenue": 368362,
            "common_shares": 750000,
            "book_valuer_per_share": 14.2,
            "book_valuer_per_share_4q_avg": 13.82,
            "equity": 1056912,
            "current_ratio": 241.63,
            "debt_ratio": 34.74,
            "inventory_turnover_ratio": 1.52,
            "account_receivable_turnover_ratio": 1.28,
            "reinvestment_rate": -23.38,
            "research_to_sale_ratio": 4.49,
            "price_fair": 18.43,
            "eps_avg_yearly": 0.53,
            "eps_latest_yearly": 0.4,
            "eps_growth_yearly": 505.31
        },
        "20181": {
            "year_quarter": 20181,
            "year": 2018,
            "quarter": 1,
            "eps": 0.14,
            "eps_growth_year": null,
            "eps_4q": 0.76,
            "eps_4q_growth_year": 313.03,
            "roe": 0.98,
            "roe_4q": 5.29,
            "gross_profit": 64085,
            "gross_margin": 16.23,
            "gross_margin_4q_avg": 16.48,
            "net_income": 10526,
            "revenue": 394757,
            "common_shares": 750000,
            "book_valuer_per_share": 14.59,
            "book_valuer_per_share_4q_avg": 14.07,
            "equity": 1085787,
            "current_ratio": 248.64,
            "debt_ratio": 33.74,
            "inventory_turnover_ratio": 1.43,
            "account_receivable_turnover_ratio": 1.42,
            "reinvestment_rate": -105.65,
            "research_to_sale_ratio": 3.94,
            "price_fair": 17.97,
            "eps_avg_yearly": 0.51,
            "eps_latest_yearly": 0.56,
            "eps_growth_yearly": 431.97
        },
        "20182": {
            "year_quarter": 20182,
            "year": 2018,
            "quarter": 2,
            "eps": 0.37,
            "eps_growth_year": 105.56,
            "eps_4q": 0.93,
            "eps_4q_growth_year": 325.64,
            "roe": 2.5,
            "roe_4q": 6.45,
            "gross_profit": 74323,
            "gross_margin": 17.94,
            "gross_margin_4q_avg": 17.08,
            "net_income": 27352,
            "revenue": 414235,
            "common_shares": 750000,
            "book_valuer_per_share": 14.68,
            "book_valuer_per_share_4q_avg": 14.39,
            "equity": 1101362,
            "current_ratio": 223.22,
            "debt_ratio": 36.74,
            "inventory_turnover_ratio": 1.26,
            "account_receivable_turnover_ratio": 1.49,
            "reinvestment_rate": -96.71,
            "research_to_sale_ratio": 3.87,
            "price_fair": 21.58,
            "eps_avg_yearly": 0.62,
            "eps_latest_yearly": 1.48,
            "eps_growth_yearly": 508.96
        },
        "20183": {
            "year_quarter": 20183,
            "year": 2018,
            "quarter": 3,
            "eps": 0.24,
            "eps_growth_year": -20,
            "eps_4q": 0.85,
            "eps_4q_growth_year": 71.27,
            "roe": 1.65,
            "roe_4q": 5.860000000000001,
            "gross_profit": 68744,
            "gross_margin": 17.94,
            "gross_margin_4q_avg": 17.09,
            "net_income": 18275,
            "revenue": 383293,
            "common_shares": 750000,
            "book_valuer_per_share": 14.83,
            "book_valuer_per_share_4q_avg": 14.58,
            "equity": 1112013,
            "current_ratio": 247.07,
            "debt_ratio": 33.69,
            "inventory_turnover_ratio": 1.05,
            "account_receivable_turnover_ratio": 1.48,
            "reinvestment_rate": -100.13,
            "research_to_sale_ratio": 4.47,
            "price_fair": 21.93,
            "eps_avg_yearly": 0.63,
            "eps_latest_yearly": 0.96,
            "eps_growth_yearly": 413.91
        },
        "20184": {
            "year_quarter": 20184,
            "year": 2018,
            "quarter": 4,
            "eps": 0.28,
            "eps_growth_year": 168.3,
            "eps_4q": 1.03,
            "eps_4q_growth_year": 154.39,
            "roe": 1.86,
            "roe_4q": 6.99,
            "gross_profit": 75208,
            "gross_margin": 16.36,
            "gross_margin_4q_avg": 17.12,
            "net_income": 20757,
            "revenue": 459831,
            "common_shares": 750000,
            "book_valuer_per_share": 14.9,
            "book_valuer_per_share_4q_avg": 14.75,
            "equity": 1117309,
            "current_ratio": 238.9,
            "debt_ratio": 34.84,
            "inventory_turnover_ratio": 1.36,
            "account_receivable_turnover_ratio": 1.81,
            "reinvestment_rate": -85.23,
            "research_to_sale_ratio": 4.63,
            "price_fair": 25.08,
            "eps_avg_yearly": 0.72,
            "eps_latest_yearly": 1.12,
            "eps_growth_yearly": 451.21
        },
        "20191": {
            "year_quarter": 20191,
            "year": 2019,
            "quarter": 1,
            "eps": 0.32,
            "eps_growth_year": 128.57,
            "eps_4q": 1.21,
            "eps_4q_growth_year": 58.44,
            "roe": 2.12,
            "roe_4q": 8.13,
            "gross_profit": 83093,
            "gross_margin": 18.08,
            "gross_margin_4q_avg": 17.58,
            "net_income": 24314,
            "revenue": 459676,
            "common_shares": 750000,
            "book_valuer_per_share": 15.71,
            "book_valuer_per_share_4q_avg": 15.03,
            "equity": 1178605,
            "current_ratio": 245.16,
            "debt_ratio": 33.85,
            "inventory_turnover_ratio": 1.46,
            "account_receivable_turnover_ratio": 1.56,
            "reinvestment_rate": -77.99,
            "research_to_sale_ratio": 3.99,
            "price_fair": 28.12,
            "eps_avg_yearly": 0.8,
            "eps_latest_yearly": 1.28,
            "eps_growth_yearly": 289.31
        },
        "20192": {
            "year_quarter": 20192,
            "year": 2019,
            "quarter": 2,
            "eps": 0.37,
            "eps_growth_year": 0,
            "eps_4q": 1.21,
            "eps_4q_growth_year": 30.17,
            "roe": 2.36,
            "roe_4q": 7.99,
            "gross_profit": 91291,
            "gross_margin": 19.98,
            "gross_margin_4q_avg": 18.09,
            "net_income": 27088,
            "revenue": 456953,
            "common_shares": 750000,
            "book_valuer_per_share": 14.85,
            "book_valuer_per_share_4q_avg": 15.07,
            "equity": 1113603,
            "current_ratio": 202.3,
            "debt_ratio": 39.94,
            "inventory_turnover_ratio": 1.4,
            "account_receivable_turnover_ratio": 1.59,
            "reinvestment_rate": -61.47,
            "research_to_sale_ratio": 4.33,
            "price_fair": 31.97,
            "eps_avg_yearly": 0.91,
            "eps_latest_yearly": 1.48,
            "eps_growth_yearly": 305.63
        },
        "20193": {
            "year_quarter": 20193,
            "year": 2019,
            "quarter": 3,
            "eps": 0.43,
            "eps_growth_year": 79.17,
            "eps_4q": 1.39,
            "eps_4q_growth_year": 63.26,
            "roe": 2.84,
            "roe_4q": 9.18,
            "gross_profit": 94093,
            "gross_margin": 21.84,
            "gross_margin_4q_avg": 19.07,
            "net_income": 32050,
            "revenue": 430810,
            "common_shares": 750000,
            "book_valuer_per_share": 15.25,
            "book_valuer_per_share_4q_avg": 15.18,
            "equity": 1144059,
            "current_ratio": 231,
            "debt_ratio": 34.36,
            "inventory_turnover_ratio": 1.34,
            "account_receivable_turnover_ratio": 1.6,
            "reinvestment_rate": -34.86,
            "research_to_sale_ratio": 4.54,
            "price_fair": 34.07,
            "eps_avg_yearly": 0.97,
            "eps_latest_yearly": 1.72,
            "eps_growth_yearly": 136.03
        },
        "20194": {
            "year_quarter": 20194,
            "year": 2019,
            "quarter": 4,
            "eps": 0.27,
            "eps_growth_year": -4.14,
            "eps_4q": 1.38,
            "eps_4q_growth_year": 34.38,
            "roe": 1.72,
            "roe_4q": 9.04,
            "gross_profit": 86838,
            "gross_margin": 20,
            "gross_margin_4q_avg": 19.98,
            "net_income": 19897,
            "revenue": 434112,
            "common_shares": 750000,
            "book_valuer_per_share": 15.51,
            "book_valuer_per_share_4q_avg": 15.33,
            "equity": 1163535,
            "current_ratio": 227.49,
            "debt_ratio": 34.38,
            "inventory_turnover_ratio": 1.51,
            "account_receivable_turnover_ratio": 1.77,
            "reinvestment_rate": -41.65,
            "research_to_sale_ratio": 4.46,
            "price_fair": 34.35,
            "eps_avg_yearly": 0.98,
            "eps_latest_yearly": 1.08,
            "eps_growth_yearly": 114.12
        },
        "20201": {
            "year_quarter": 20201,
            "year": 2020,
            "quarter": 1,
            "eps": 0.26,
            "eps_growth_year": -18.75,
            "eps_4q": 1.31,
            "eps_4q_growth_year": 8.67,
            "roe": 1.68,
            "roe_4q": 8.6,
            "gross_profit": 79203,
            "gross_margin": 21.33,
            "gross_margin_4q_avg": 20.79,
            "net_income": 19523,
            "revenue": 371327,
            "common_shares": 750000,
            "book_valuer_per_share": 15.47,
            "book_valuer_per_share_4q_avg": 15.27,
            "equity": 1160004,
            "current_ratio": 272.75,
            "debt_ratio": 29.58,
            "inventory_turnover_ratio": 1.38,
            "account_receivable_turnover_ratio": 1.69,
            "reinvestment_rate": -45.14,
            "research_to_sale_ratio": 4.83,
            "price_fair": 34.5,
            "eps_avg_yearly": 0.99,
            "eps_latest_yearly": 1.04,
            "eps_growth_yearly": 104.91
        },
        "20202": {
            "year_quarter": 20202,
            "year": 2020,
            "quarter": 2,
            "eps": 0.33,
            "eps_growth_year": -10.81,
            "eps_4q": 1.28,
            "eps_4q_growth_year": 6.34,
            "roe": 2.19,
            "roe_4q": 8.43,
            "gross_profit": 77409,
            "gross_margin": 22,
            "gross_margin_4q_avg": 21.29,
            "net_income": 24697,
            "revenue": 351807,
            "common_shares": 750000,
            "book_valuer_per_share": 14.54,
            "book_valuer_per_share_4q_avg": 15.19,
            "equity": 1090590,
            "current_ratio": 210.95,
            "debt_ratio": 37.06,
            "inventory_turnover_ratio": 1.19,
            "account_receivable_turnover_ratio": 1.69,
            "reinvestment_rate": -40.58,
            "research_to_sale_ratio": 5.13,
            "price_fair": 36.5,
            "eps_avg_yearly": 1.04,
            "eps_latest_yearly": 1.32,
            "eps_growth_yearly": 104.03
        },
        "20203": {
            "year_quarter": 20203,
            "year": 2020,
            "quarter": 3,
            "eps": 0.18,
            "eps_growth_year": -58.14,
            "eps_4q": 1.03,
            "eps_4q_growth_year": -25.7,
            "roe": 1.22,
            "roe_4q": 6.81,
            "gross_profit": 68435,
            "gross_margin": 20.55,
            "gross_margin_4q_avg": 20.97,
            "net_income": 13314,
            "revenue": 332988,
            "common_shares": 750000,
            "book_valuer_per_share": 14.6,
            "book_valuer_per_share_4q_avg": 15.03,
            "equity": 1094674,
            "current_ratio": 274.23,
            "debt_ratio": 29.36,
            "inventory_turnover_ratio": 1.12,
            "account_receivable_turnover_ratio": 1.73,
            "reinvestment_rate": -32.54,
            "research_to_sale_ratio": 4.72,
            "price_fair": 37.7,
            "eps_avg_yearly": 1.08,
            "eps_latest_yearly": 0.72,
            "eps_growth_yearly": 106.43
        },
        "20204": {
            "year_quarter": 20204,
            "year": 2020,
            "quarter": 4,
            "eps": 0.11,
            "eps_growth_year": -57.67,
            "eps_4q": 0.88,
            "eps_4q_growth_year": -36.18,
            "roe": 0.76,
            "roe_4q": 5.85,
            "gross_profit": 50972,
            "gross_margin": 18.94,
            "gross_margin_4q_avg": 20.71,
            "net_income": 8422,
            "revenue": 269061,
            "common_shares": 750000,
            "book_valuer_per_share": 14.88,
            "book_valuer_per_share_4q_avg": 14.87,
            "equity": 1116201,
            "current_ratio": 291.74,
            "debt_ratio": 27.41,
            "inventory_turnover_ratio": 1.06,
            "account_receivable_turnover_ratio": 1.66,
            "reinvestment_rate": -29.77,
            "research_to_sale_ratio": 6.68,
            "price_fair": 37,
            "eps_avg_yearly": 1.06,
            "eps_latest_yearly": 0.44,
            "eps_growth_yearly": 38.17
        },
        "20211": {
            "year_quarter": 20211,
            "year": 2021,
            "quarter": 1,
            "eps": 0.22,
            "eps_growth_year": -15.38,
            "eps_4q": 0.84,
            "eps_4q_growth_year": -36.22,
            "roe": 1.46,
            "roe_4q": 5.629999999999999,
            "gross_profit": 59564,
            "gross_margin": 21.51,
            "gross_margin_4q_avg": 20.75,
            "net_income": 16431,
            "revenue": 276873,
            "common_shares": 750000,
            "book_valuer_per_share": 15.19,
            "book_valuer_per_share_4q_avg": 14.8,
            "equity": 1139417,
            "current_ratio": 300.54,
            "debt_ratio": 26.86,
            "inventory_turnover_ratio": 1.05,
            "account_receivable_turnover_ratio": 1.81,
            "reinvestment_rate": -31.12,
            "research_to_sale_ratio": 6.38,
            "price_fair": 36.59,
            "eps_avg_yearly": 1.05,
            "eps_latest_yearly": 0.88,
            "eps_growth_yearly": 62.3
        },
        "20212": {
            "year_quarter": 20212,
            "year": 2021,
            "quarter": 2,
            "eps": 0.24,
            "eps_growth_year": -27.27,
            "eps_4q": 0.75,
            "eps_4q_growth_year": -41.5,
            "roe": 1.57,
            "roe_4q": 5.01,
            "gross_profit": 76330,
            "gross_margin": 21.26,
            "gross_margin_4q_avg": 20.57,
            "net_income": 18093,
            "revenue": 358948,
            "common_shares": 750000,
            "book_valuer_per_share": 15.45,
            "book_valuer_per_share_4q_avg": 15.03,
            "equity": 1158484,
            "current_ratio": 251.57,
            "debt_ratio": 32.07,
            "inventory_turnover_ratio": 1.07,
            "account_receivable_turnover_ratio": 1.77,
            "reinvestment_rate": -35.16,
            "research_to_sale_ratio": 4.97,
            "price_fair": 36.4,
            "eps_avg_yearly": 1.04,
            "eps_latest_yearly": 0.96,
            "eps_growth_yearly": 60.68
        },
        "20213": {
            "year_quarter": 20213,
            "year": 2021,
            "quarter": 3,
            "eps": 0.32,
            "eps_growth_year": 77.78,
            "eps_4q": 0.89,
            "eps_4q_growth_year": -13.42,
            "roe": 2.11,
            "roe_4q": 5.8999999999999995,
            "gross_profit": 74264,
            "gross_margin": 19.43,
            "gross_margin_4q_avg": 20.29,
            "net_income": 24093,
            "revenue": 382183,
            "common_shares": 750000,
            "book_valuer_per_share": 14.97,
            "book_valuer_per_share_4q_avg": 15.12,
            "equity": 1122972,
            "current_ratio": 226.07,
            "debt_ratio": 35.03,
            "inventory_turnover_ratio": 0.9,
            "account_receivable_turnover_ratio": 1.61,
            "reinvestment_rate": -30.58,
            "research_to_sale_ratio": 4.44,
            "price_fair": 36.58,
            "eps_avg_yearly": 1.05,
            "eps_latest_yearly": 1.28,
            "eps_growth_yearly": 52.34
        },
        "20214": {
            "year_quarter": 20214,
            "year": 2021,
            "quarter": 4,
            "eps": 0.23,
            "eps_growth_year": 104.37,
            "eps_4q": 1.01,
            "eps_4q_growth_year": 14.97,
            "roe": 1.51,
            "roe_4q": 6.65,
            "gross_profit": 75404,
            "gross_margin": 18.85,
            "gross_margin_4q_avg": 20.26,
            "net_income": 17212,
            "revenue": 399927,
            "common_shares": 750000,
            "book_valuer_per_share": 15.33,
            "book_valuer_per_share_4q_avg": 15.24,
            "equity": 1150110,
            "current_ratio": 203.43,
            "debt_ratio": 38.6,
            "inventory_turnover_ratio": 0.75,
            "account_receivable_turnover_ratio": 1.67,
            "reinvestment_rate": -23.72,
            "research_to_sale_ratio": 4.63,
            "price_fair": 37.71,
            "eps_avg_yearly": 1.08,
            "eps_latest_yearly": 0.92,
            "eps_growth_yearly": 61.98
        },
        "20221": {
            "year_quarter": 20221,
            "year": 2022,
            "quarter": 1,
            "eps": 0.28,
            "eps_growth_year": 27.27,
            "eps_4q": 1.07,
            "eps_4q_growth_year": 27.44,
            "roe": 1.78,
            "roe_4q": 6.970000000000001,
            "gross_profit": 83475,
            "gross_margin": 21.01,
            "gross_margin_4q_avg": 20.14,
            "net_income": 20716,
            "revenue": 397316,
            "common_shares": 750000,
            "book_valuer_per_share": 15.7,
            "book_valuer_per_share_4q_avg": 15.36,
            "equity": 1177517,
            "current_ratio": 224.91,
            "debt_ratio": 34.26,
            "inventory_turnover_ratio": 0.62,
            "account_receivable_turnover_ratio": 1.67,
            "reinvestment_rate": 8.7,
            "research_to_sale_ratio": 4.45,
            "price_fair": 38.94,
            "eps_avg_yearly": 1.11,
            "eps_latest_yearly": 1.12,
            "eps_growth_yearly": 57.41
        },
        "20222": {
            "year_quarter": 20222,
            "year": 2022,
            "quarter": 2,
            "eps": 0.5,
            "eps_growth_year": 108.33,
            "eps_4q": 1.33,
            "eps_4q_growth_year": 77.41,
            "roe": 3.26,
            "roe_4q": 8.66,
            "gross_profit": 113874,
            "gross_margin": 23.45,
            "gross_margin_4q_avg": 20.69,
            "net_income": 37788,
            "revenue": 485681,
            "common_shares": 750000,
            "book_valuer_per_share": 15.23,
            "book_valuer_per_share_4q_avg": 15.31,
            "equity": 1141965,
            "current_ratio": 188.61,
            "debt_ratio": 40.92,
            "inventory_turnover_ratio": 0.67,
            "account_receivable_turnover_ratio": 1.97,
            "reinvestment_rate": 10.23,
            "research_to_sale_ratio": 4.71,
            "price_fair": 40.08,
            "eps_avg_yearly": 1.15,
            "eps_latest_yearly": 2,
            "eps_growth_yearly": 35.98
        },
        "20223": {
            "year_quarter": 20223,
            "year": 2022,
            "quarter": 3,
            "eps": 0.56,
            "eps_growth_year": 75,
            "eps_4q": 1.57,
            "eps_4q_growth_year": 75.92,
            "roe": 3.63,
            "roe_4q": 10.18,
            "gross_profit": 114163,
            "gross_margin": 22.09,
            "gross_margin_4q_avg": 21.35,
            "net_income": 42222,
            "revenue": 516885,
            "common_shares": 750000,
            "book_valuer_per_share": 15.82,
            "book_valuer_per_share_4q_avg": 15.52,
            "equity": 1186168,
            "current_ratio": 196.68,
            "debt_ratio": 38.61,
            "inventory_turnover_ratio": 0.71,
            "account_receivable_turnover_ratio": 1.71,
            "reinvestment_rate": 22.42,
            "research_to_sale_ratio": 4.26,
            "price_fair": 42.88,
            "eps_avg_yearly": 1.23,
            "eps_latest_yearly": 2.24,
            "eps_growth_yearly": 47.77
        },
        "20224": {
            "year_quarter": 20224,
            "year": 2022,
            "quarter": 4,
            "eps": 0.47,
            "eps_growth_year": 104.78,
            "eps_4q": 1.81,
            "eps_4q_growth_year": 79.32,
            "roe": 2.94,
            "roe_4q": 11.61,
            "gross_profit": 129251,
            "gross_margin": 25.23,
            "gross_margin_4q_avg": 22.95,
            "net_income": 35247,
            "revenue": 512385,
            "common_shares": 750000,
            "book_valuer_per_share": 16.2,
            "book_valuer_per_share_4q_avg": 15.74,
            "equity": 1214941,
            "current_ratio": 194.11,
            "debt_ratio": 39.19,
            "inventory_turnover_ratio": 0.69,
            "account_receivable_turnover_ratio": 1.55,
            "reinvestment_rate": 27.18,
            "research_to_sale_ratio": 4.61,
            "price_fair": 44.54,
            "eps_avg_yearly": 1.27,
            "eps_latest_yearly": 1.88,
            "eps_growth_yearly": 39.58
        },
        "20231": {
            "year_quarter": 20231,
            "year": 2023,
            "quarter": 1,
            "eps": 0.63,
            "eps_growth_year": 125,
            "eps_4q": 2.17,
            "eps_4q_growth_year": 102.89,
            "roe": 3.94,
            "roe_4q": 13.77,
            "gross_profit": 136470,
            "gross_margin": 26.55,
            "gross_margin_4q_avg": 24.33,
            "net_income": 47289,
            "revenue": 513922,
            "common_shares": 750000,
            "book_valuer_per_share": 15.77,
            "book_valuer_per_share_4q_avg": 15.76,
            "equity": 1182968,
            "current_ratio": 179.93,
            "debt_ratio": 41.43,
            "inventory_turnover_ratio": 0.67,
            "account_receivable_turnover_ratio": 1.47,
            "reinvestment_rate": 26.1,
            "research_to_sale_ratio": 3.87,
            "price_fair": 47.25,
            "eps_avg_yearly": 1.35,
            "eps_latest_yearly": 2.52,
            "eps_growth_yearly": 44.52
        }
    },
    "months": {
        "2001-06": {
            "month": "2001-06",
            "price": "20.17",
            "revenue": 91754
        },
        "2001-07": {
            "month": "2001-07",
            "price": "15.51",
            "revenue": 80942
        },
        "2001-08": {
            "month": "2001-08",
            "price": "13.74",
            "revenue": 96823
        },
        "2001-09": {
            "month": "2001-09",
            "price": "10.86",
            "revenue": 65111
        },
        "2001-10": {
            "month": "2001-10",
            "price": "9.64",
            "revenue": 70603
        },
        "2001-11": {
            "month": "2001-11",
            "price": "11.77",
            "revenue": 138123
        },
        "2001-12": {
            "month": "2001-12",
            "price": "15.70",
            "revenue": 63893
        },
        "2002-01": {
            "month": "2002-01",
            "price": "16.80",
            "revenue": 69285
        },
        "2002-02": {
            "month": "2002-02",
            "price": "17.32",
            "revenue": 118139
        },
        "2002-03": {
            "month": "2002-03",
            "price": "21.06",
            "revenue": 81813
        },
        "2002-04": {
            "month": "2002-04",
            "price": "20.62",
            "revenue": 116839
        },
        "2002-05": {
            "month": "2002-05",
            "price": "15.41",
            "revenue": 161146
        },
        "2002-06": {
            "month": "2002-06",
            "price": "14.27",
            "revenue": 106053
        },
        "2002-07": {
            "month": "2002-07",
            "price": "14.88",
            "revenue": 101791
        },
        "2002-08": {
            "month": "2002-08",
            "price": "12.84",
            "revenue": 84744
        },
        "2002-09": {
            "month": "2002-09",
            "price": "10.28",
            "revenue": 91204
        },
        "2002-10": {
            "month": "2002-10",
            "price": "10.05",
            "revenue": 96869
        },
        "2002-11": {
            "month": "2002-11",
            "price": "9.72",
            "revenue": 79639
        },
        "2002-12": {
            "month": "2002-12",
            "price": "8.88",
            "revenue": 69059
        },
        "2003-01": {
            "month": "2003-01",
            "price": "9.11",
            "revenue": 49261
        },
        "2003-02": {
            "month": "2003-02",
            "price": "8.76",
            "revenue": 58351
        },
        "2003-03": {
            "month": "2003-03",
            "price": "8.42",
            "revenue": 39046
        },
        "2003-04": {
            "month": "2003-04",
            "price": "9.01",
            "revenue": 39487
        },
        "2003-05": {
            "month": "2003-05",
            "price": "8.36",
            "revenue": 45810
        },
        "2003-06": {
            "month": "2003-06",
            "price": "9.38",
            "revenue": 41750
        },
        "2003-07": {
            "month": "2003-07",
            "price": "9.72",
            "revenue": 86673
        },
        "2003-08": {
            "month": "2003-08",
            "price": "8.68",
            "revenue": 68499
        },
        "2003-09": {
            "month": "2003-09",
            "price": "8.44",
            "revenue": 87401
        },
        "2003-10": {
            "month": "2003-10",
            "price": "8.42",
            "revenue": 54254
        },
        "2003-11": {
            "month": "2003-11",
            "price": "9.52",
            "revenue": 60581
        },
        "2003-12": {
            "month": "2003-12",
            "price": "11.52",
            "revenue": 51402
        },
        "2004-01": {
            "month": "2004-01",
            "price": "11.55",
            "revenue": 71020
        },
        "2004-02": {
            "month": "2004-02",
            "price": "13.17",
            "revenue": 56043
        },
        "2004-03": {
            "month": "2004-03",
            "price": "13.79",
            "revenue": 85778
        },
        "2004-04": {
            "month": "2004-04",
            "price": "13.26",
            "revenue": 55380
        },
        "2004-05": {
            "month": "2004-05",
            "price": "10.46",
            "revenue": 88161
        },
        "2004-06": {
            "month": "2004-06",
            "price": "9.75",
            "revenue": 145829
        },
        "2004-07": {
            "month": "2004-07",
            "price": "8.85",
            "revenue": 120240
        },
        "2004-08": {
            "month": "2004-08",
            "price": "8.72",
            "revenue": 100376
        },
        "2004-09": {
            "month": "2004-09",
            "price": "8.12",
            "revenue": 141478
        },
        "2004-10": {
            "month": "2004-10",
            "price": "8.06",
            "revenue": 108991
        },
        "2004-11": {
            "month": "2004-11",
            "price": "8.99",
            "revenue": 92312
        },
        "2004-12": {
            "month": "2004-12",
            "price": "7.86",
            "revenue": 137134
        },
        "2005-01": {
            "month": "2005-01",
            "price": "7.65",
            "revenue": 96231
        },
        "2005-02": {
            "month": "2005-02",
            "price": "7.36",
            "revenue": 63526
        },
        "2005-03": {
            "month": "2005-03",
            "price": "7.82",
            "revenue": 125970
        },
        "2005-04": {
            "month": "2005-04",
            "price": "6.94",
            "revenue": 105467
        },
        "2005-05": {
            "month": "2005-05",
            "price": "6.46",
            "revenue": 175905
        },
        "2005-06": {
            "month": "2005-06",
            "price": "7.93",
            "revenue": 127989
        },
        "2005-07": {
            "month": "2005-07",
            "price": "8.34",
            "revenue": 100558
        },
        "2005-08": {
            "month": "2005-08",
            "price": "6.91",
            "revenue": 94381
        },
        "2005-09": {
            "month": "2005-09",
            "price": "5.88",
            "revenue": 93710
        },
        "2005-10": {
            "month": "2005-10",
            "price": "5.69",
            "revenue": 74112
        },
        "2005-11": {
            "month": "2005-11",
            "price": "5.85",
            "revenue": 69219
        },
        "2005-12": {
            "month": "2005-12",
            "price": "6.29",
            "revenue": 86192
        },
        "2006-01": {
            "month": "2006-01",
            "price": "6.52",
            "revenue": 98833
        },
        "2006-02": {
            "month": "2006-02",
            "price": "6.11",
            "revenue": 83257
        },
        "2006-03": {
            "month": "2006-03",
            "price": "5.90",
            "revenue": 123092
        },
        "2006-04": {
            "month": "2006-04",
            "price": "6.20",
            "revenue": 93310
        },
        "2006-05": {
            "month": "2006-05",
            "price": "6.67",
            "revenue": 122371
        },
        "2006-06": {
            "month": "2006-06",
            "price": "6.18",
            "revenue": 127461
        },
        "2006-07": {
            "month": "2006-07",
            "price": "7.25",
            "revenue": 100265
        },
        "2006-08": {
            "month": "2006-08",
            "price": "7.50",
            "revenue": 83989
        },
        "2006-09": {
            "month": "2006-09",
            "price": "7.20",
            "revenue": 94420
        },
        "2006-10": {
            "month": "2006-10",
            "price": "7.10",
            "revenue": 101943
        },
        "2006-11": {
            "month": "2006-11",
            "price": "7.95",
            "revenue": 125005
        },
        "2006-12": {
            "month": "2006-12",
            "price": "11.28",
            "revenue": 121409
        },
        "2007-01": {
            "month": "2007-01",
            "price": "15.43",
            "revenue": 120340
        },
        "2007-02": {
            "month": "2007-02",
            "price": "18.60",
            "revenue": 92068
        },
        "2007-03": {
            "month": "2007-03",
            "price": "18.35",
            "revenue": 117347
        },
        "2007-04": {
            "month": "2007-04",
            "price": "17.15",
            "revenue": 131254
        },
        "2007-05": {
            "month": "2007-05",
            "price": "14.93",
            "revenue": 107100
        },
        "2007-06": {
            "month": "2007-06",
            "price": "17.70",
            "revenue": 103524
        },
        "2007-07": {
            "month": "2007-07",
            "price": "23.84",
            "revenue": 112032
        },
        "2007-08": {
            "month": "2007-08",
            "price": "19.11",
            "revenue": 112125
        },
        "2007-09": {
            "month": "2007-09",
            "price": "17.73",
            "revenue": 97205
        },
        "2007-10": {
            "month": "2007-10",
            "price": "16.38",
            "revenue": 107461
        },
        "2007-11": {
            "month": "2007-11",
            "price": "12.07",
            "revenue": 104415
        },
        "2007-12": {
            "month": "2007-12",
            "price": "10.08",
            "revenue": 97532
        },
        "2008-01": {
            "month": "2008-01",
            "price": "8.82",
            "revenue": 97342
        },
        "2008-02": {
            "month": "2008-02",
            "price": "8.73",
            "revenue": 76326
        },
        "2008-03": {
            "month": "2008-03",
            "price": "10.48",
            "revenue": 98413
        },
        "2008-04": {
            "month": "2008-04",
            "price": "11.20",
            "revenue": 101327
        },
        "2008-05": {
            "month": "2008-05",
            "price": "10.82",
            "revenue": 73934
        },
        "2008-06": {
            "month": "2008-06",
            "price": "9.37",
            "revenue": 101128
        },
        "2008-07": {
            "month": "2008-07",
            "price": "7.52",
            "revenue": 136103
        },
        "2008-08": {
            "month": "2008-08",
            "price": "7.34",
            "revenue": 107957
        },
        "2008-09": {
            "month": "2008-09",
            "price": "6.34",
            "revenue": 115312
        },
        "2008-10": {
            "month": "2008-10",
            "price": "6.39",
            "revenue": 120449
        },
        "2008-11": {
            "month": "2008-11",
            "price": "6.43",
            "revenue": 115607
        },
        "2008-12": {
            "month": "2008-12",
            "price": "5.51",
            "revenue": 160103
        },
        "2009-01": {
            "month": "2009-01",
            "price": "6.27",
            "revenue": 62809
        },
        "2009-02": {
            "month": "2009-02",
            "price": "6.24",
            "revenue": 92567
        },
        "2009-03": {
            "month": "2009-03",
            "price": "6.90",
            "revenue": 84217
        },
        "2009-04": {
            "month": "2009-04",
            "price": "7.34",
            "revenue": 108420
        },
        "2009-05": {
            "month": "2009-05",
            "price": "8.01",
            "revenue": 92095
        },
        "2009-06": {
            "month": "2009-06",
            "price": "9.42",
            "revenue": 111592
        },
        "2009-07": {
            "month": "2009-07",
            "price": "9.64",
            "revenue": 118263
        },
        "2009-08": {
            "month": "2009-08",
            "price": "9.86",
            "revenue": 101081
        },
        "2009-09": {
            "month": "2009-09",
            "price": "9.65",
            "revenue": 101643
        },
        "2009-10": {
            "month": "2009-10",
            "price": "10.61",
            "revenue": 117310
        },
        "2009-11": {
            "month": "2009-11",
            "price": "10.86",
            "revenue": 105732
        },
        "2009-12": {
            "month": "2009-12",
            "price": "13.08",
            "revenue": 139412
        },
        "2010-01": {
            "month": "2010-01",
            "price": "13.90",
            "revenue": 69967
        },
        "2010-02": {
            "month": "2010-02",
            "price": "11.35",
            "revenue": 57572
        },
        "2010-03": {
            "month": "2010-03",
            "price": "12.47",
            "revenue": 107318
        },
        "2010-04": {
            "month": "2010-04",
            "price": "13.99",
            "revenue": 119153
        },
        "2010-05": {
            "month": "2010-05",
            "price": "11.87",
            "revenue": 130041
        },
        "2010-06": {
            "month": "2010-06",
            "price": "12.14",
            "revenue": 130420
        },
        "2010-07": {
            "month": "2010-07",
            "price": "12.29",
            "revenue": 123529
        },
        "2010-08": {
            "month": "2010-08",
            "price": "12.06",
            "revenue": 141249
        },
        "2010-09": {
            "month": "2010-09",
            "price": "11.45",
            "revenue": 180874
        },
        "2010-10": {
            "month": "2010-10",
            "price": "12.05",
            "revenue": 160471
        },
        "2010-11": {
            "month": "2010-11",
            "price": "10.96",
            "revenue": 162643
        },
        "2010-12": {
            "month": "2010-12",
            "price": "11.38",
            "revenue": 204352
        },
        "2011-01": {
            "month": "2011-01",
            "price": "11.86",
            "revenue": 216246
        },
        "2011-02": {
            "month": "2011-02",
            "price": "14.40",
            "revenue": 152169
        },
        "2011-03": {
            "month": "2011-03",
            "price": "14.72",
            "revenue": 202989
        },
        "2011-04": {
            "month": "2011-04",
            "price": "15.43",
            "revenue": 184247
        },
        "2011-05": {
            "month": "2011-05",
            "price": "16.29",
            "revenue": 150920
        },
        "2011-06": {
            "month": "2011-06",
            "price": "15.38",
            "revenue": 150480
        },
        "2011-07": {
            "month": "2011-07",
            "price": "13.68",
            "revenue": 107799
        },
        "2011-08": {
            "month": "2011-08",
            "price": "11.15",
            "revenue": 91137
        },
        "2011-09": {
            "month": "2011-09",
            "price": "10.73",
            "revenue": 117541
        },
        "2011-10": {
            "month": "2011-10",
            "price": "11.67",
            "revenue": 82240
        },
        "2011-11": {
            "month": "2011-11",
            "price": "10.93",
            "revenue": 83449
        },
        "2011-12": {
            "month": "2011-12",
            "price": "9.76",
            "revenue": 93568
        },
        "2012-01": {
            "month": "2012-01",
            "price": "9.54",
            "revenue": 75150
        },
        "2012-02": {
            "month": "2012-02",
            "price": "11.10",
            "revenue": 95372
        },
        "2012-03": {
            "month": "2012-03",
            "price": "11.80",
            "revenue": 98524
        },
        "2012-04": {
            "month": "2012-04",
            "price": "10.25",
            "revenue": 90993
        },
        "2012-05": {
            "month": "2012-05",
            "price": "9.69",
            "revenue": 94945
        },
        "2012-06": {
            "month": "2012-06",
            "price": "9.49",
            "revenue": 112013
        },
        "2012-07": {
            "month": "2012-07",
            "price": "9.08",
            "revenue": 95265
        },
        "2012-08": {
            "month": "2012-08",
            "price": "9.07",
            "revenue": 108711
        },
        "2012-09": {
            "month": "2012-09",
            "price": "9.42",
            "revenue": 99118
        },
        "2012-10": {
            "month": "2012-10",
            "price": "9.03",
            "revenue": 83046
        },
        "2012-11": {
            "month": "2012-11",
            "price": "8.56",
            "revenue": 90202
        },
        "2012-12": {
            "month": "2012-12",
            "price": "8.84",
            "revenue": 90394
        },
        "2013-01": {
            "month": "2013-01",
            "price": "9.27",
            "revenue": 87638
        },
        "2013-02": {
            "month": "2013-02",
            "price": "9.28",
            "revenue": 81115
        },
        "2013-03": {
            "month": "2013-03",
            "price": "9.52",
            "revenue": 118550
        },
        "2013-04": {
            "month": "2013-04",
            "price": "10.19",
            "revenue": 102492
        },
        "2013-05": {
            "month": "2013-05",
            "price": "10.31",
            "revenue": 139446
        },
        "2013-06": {
            "month": "2013-06",
            "price": "10.43",
            "revenue": 121768
        },
        "2013-07": {
            "month": "2013-07",
            "price": "11.69",
            "revenue": 112086
        },
        "2013-08": {
            "month": "2013-08",
            "price": "11.25",
            "revenue": 95919
        },
        "2013-09": {
            "month": "2013-09",
            "price": "11.58",
            "revenue": 123615
        },
        "2013-10": {
            "month": "2013-10",
            "price": "12.53",
            "revenue": 93863
        },
        "2013-11": {
            "month": "2013-11",
            "price": "12.25",
            "revenue": 93025
        },
        "2013-12": {
            "month": "2013-12",
            "price": "12.54",
            "revenue": 92414
        },
        "2014-01": {
            "month": "2014-01",
            "price": "12.76",
            "revenue": 96310
        },
        "2014-02": {
            "month": "2014-02",
            "price": "13.49",
            "revenue": 84008
        },
        "2014-03": {
            "month": "2014-03",
            "price": "14.80",
            "revenue": 135790
        },
        "2014-04": {
            "month": "2014-04",
            "price": "14.79",
            "revenue": 101093
        },
        "2014-05": {
            "month": "2014-05",
            "price": "13.82",
            "revenue": 89243
        },
        "2014-06": {
            "month": "2014-06",
            "price": "14.20",
            "revenue": 97735
        },
        "2014-07": {
            "month": "2014-07",
            "price": "13.28",
            "revenue": 93355
        },
        "2014-08": {
            "month": "2014-08",
            "price": "12.36",
            "revenue": 126562
        },
        "2014-09": {
            "month": "2014-09",
            "price": "12.23",
            "revenue": 91874
        },
        "2014-10": {
            "month": "2014-10",
            "price": "11.32",
            "revenue": 108655
        },
        "2014-11": {
            "month": "2014-11",
            "price": "11.72",
            "revenue": 101873
        },
        "2014-12": {
            "month": "2014-12",
            "price": "12.06",
            "revenue": 98669
        },
        "2015-01": {
            "month": "2015-01",
            "price": "12.20",
            "revenue": 93490
        },
        "2015-02": {
            "month": "2015-02",
            "price": "12.21",
            "revenue": 66834
        },
        "2015-03": {
            "month": "2015-03",
            "price": "12.39",
            "revenue": 113169
        },
        "2015-04": {
            "month": "2015-04",
            "price": "12.18",
            "revenue": 98239
        },
        "2015-05": {
            "month": "2015-05",
            "price": "11.83",
            "revenue": 81372
        },
        "2015-06": {
            "month": "2015-06",
            "price": "10.92",
            "revenue": 98272
        },
        "2015-07": {
            "month": "2015-07",
            "price": "9.94",
            "revenue": 100885
        },
        "2015-08": {
            "month": "2015-08",
            "price": "8.81",
            "revenue": 91491
        },
        "2015-09": {
            "month": "2015-09",
            "price": "9.01",
            "revenue": 75463
        },
        "2015-10": {
            "month": "2015-10",
            "price": "9.72",
            "revenue": 92141
        },
        "2015-11": {
            "month": "2015-11",
            "price": "9.32",
            "revenue": 72258
        },
        "2015-12": {
            "month": "2015-12",
            "price": "9.18",
            "revenue": 90422
        },
        "2016-01": {
            "month": "2016-01",
            "price": "9.29",
            "revenue": 106399
        },
        "2016-02": {
            "month": "2016-02",
            "price": "10.64",
            "revenue": 66818
        },
        "2016-03": {
            "month": "2016-03",
            "price": "10.81",
            "revenue": 145711
        },
        "2016-04": {
            "month": "2016-04",
            "price": "10.46",
            "revenue": 80026
        },
        "2016-05": {
            "month": "2016-05",
            "price": "9.99",
            "revenue": 114583
        },
        "2016-06": {
            "month": "2016-06",
            "price": "10.58",
            "revenue": 109815
        },
        "2016-07": {
            "month": "2016-07",
            "price": "10.47",
            "revenue": 74473
        },
        "2016-08": {
            "month": "2016-08",
            "price": "10.33",
            "revenue": 105303
        },
        "2016-09": {
            "month": "2016-09",
            "price": "10.62",
            "revenue": 94425
        },
        "2016-10": {
            "month": "2016-10",
            "price": "10.74",
            "revenue": 81205
        },
        "2016-11": {
            "month": "2016-11",
            "price": "10.42",
            "revenue": 91513
        },
        "2016-12": {
            "month": "2016-12",
            "price": "10.36",
            "revenue": 126973
        },
        "2017-01": {
            "month": "2017-01",
            "price": "10.73",
            "revenue": 86686
        },
        "2017-02": {
            "month": "2017-02",
            "price": "11.01",
            "revenue": 75505
        },
        "2017-03": {
            "month": "2017-03",
            "price": "11.31",
            "revenue": 117820
        },
        "2017-04": {
            "month": "2017-04",
            "price": "11.28",
            "revenue": 95118
        },
        "2017-05": {
            "month": "2017-05",
            "price": "11.21",
            "revenue": 100315
        },
        "2017-06": {
            "month": "2017-06",
            "price": "11.17",
            "revenue": 122600
        },
        "2017-07": {
            "month": "2017-07",
            "price": "10.98",
            "revenue": 117771
        },
        "2017-08": {
            "month": "2017-08",
            "price": "11.16",
            "revenue": 113805
        },
        "2017-09": {
            "month": "2017-09",
            "price": "12.63",
            "revenue": 124172
        },
        "2017-10": {
            "month": "2017-10",
            "price": "12.56",
            "revenue": 100064
        },
        "2017-11": {
            "month": "2017-11",
            "price": "12.36",
            "revenue": 117334
        },
        "2017-12": {
            "month": "2017-12",
            "price": "12.50",
            "revenue": 150963
        },
        "2018-01": {
            "month": "2018-01",
            "price": "14.34",
            "revenue": 119702
        },
        "2018-02": {
            "month": "2018-02",
            "price": "12.95",
            "revenue": 109523
        },
        "2018-03": {
            "month": "2018-03",
            "price": "13.47",
            "revenue": 165532
        },
        "2018-04": {
            "month": "2018-04",
            "price": "14.14",
            "revenue": 126566
        },
        "2018-05": {
            "month": "2018-05",
            "price": "14.45",
            "revenue": 158296
        },
        "2018-06": {
            "month": "2018-06",
            "price": "15.72",
            "revenue": 129374
        },
        "2018-07": {
            "month": "2018-07",
            "price": "15.42",
            "revenue": 143213
        },
        "2018-08": {
            "month": "2018-08",
            "price": "15.87",
            "revenue": 134075
        },
        "2018-09": {
            "month": "2018-09",
            "price": "15.11",
            "revenue": 106005
        },
        "2018-10": {
            "month": "2018-10",
            "price": "13.34",
            "revenue": 138312
        },
        "2018-11": {
            "month": "2018-11",
            "price": "13.84",
            "revenue": 162107
        },
        "2018-12": {
            "month": "2018-12",
            "price": "14.90",
            "revenue": 159413
        },
        "2019-01": {
            "month": "2019-01",
            "price": "15.67",
            "revenue": 161370
        },
        "2019-02": {
            "month": "2019-02",
            "price": "16.03",
            "revenue": 128804
        },
        "2019-03": {
            "month": "2019-03",
            "price": "16.88",
            "revenue": 169502
        },
        "2019-04": {
            "month": "2019-04",
            "price": "18.14",
            "revenue": 169943
        },
        "2019-05": {
            "month": "2019-05",
            "price": "18.70",
            "revenue": 137954
        },
        "2019-06": {
            "month": "2019-06",
            "price": "17.50",
            "revenue": 149056
        },
        "2019-07": {
            "month": "2019-07",
            "price": "17.21",
            "revenue": 156673
        },
        "2019-08": {
            "month": "2019-08",
            "price": "17.79",
            "revenue": 162448
        },
        "2019-09": {
            "month": "2019-09",
            "price": "20.08",
            "revenue": 111690
        },
        "2019-10": {
            "month": "2019-10",
            "price": "19.21",
            "revenue": 166601
        },
        "2019-11": {
            "month": "2019-11",
            "price": "19.11",
            "revenue": 142154
        },
        "2019-12": {
            "month": "2019-12",
            "price": "19.18",
            "revenue": 125357
        },
        "2020-01": {
            "month": "2020-01",
            "price": "18.76",
            "revenue": 128189
        },
        "2020-02": {
            "month": "2020-02",
            "price": "17.85",
            "revenue": 126120
        },
        "2020-03": {
            "month": "2020-03",
            "price": "16.06",
            "revenue": 117017
        },
        "2020-04": {
            "month": "2020-04",
            "price": "16.46",
            "revenue": 122965
        },
        "2020-05": {
            "month": "2020-05",
            "price": "17.27",
            "revenue": 104535
        },
        "2020-06": {
            "month": "2020-06",
            "price": "18.51",
            "revenue": 124308
        },
        "2020-07": {
            "month": "2020-07",
            "price": "17.25",
            "revenue": 129213
        },
        "2020-08": {
            "month": "2020-08",
            "price": "16.59",
            "revenue": 105113
        },
        "2020-09": {
            "month": "2020-09",
            "price": "16.74",
            "revenue": 98662
        },
        "2020-10": {
            "month": "2020-10",
            "price": "16.44",
            "revenue": 96844
        },
        "2020-11": {
            "month": "2020-11",
            "price": "16.70",
            "revenue": 83111
        },
        "2020-12": {
            "month": "2020-12",
            "price": "16.76",
            "revenue": 89107
        },
        "2021-01": {
            "month": "2021-01",
            "price": "16.32",
            "revenue": 104682
        },
        "2021-02": {
            "month": "2021-02",
            "price": "15.97",
            "revenue": 80399
        },
        "2021-03": {
            "month": "2021-03",
            "price": "16.61",
            "revenue": 91793
        },
        "2021-04": {
            "month": "2021-04",
            "price": "17.98",
            "revenue": 91458
        },
        "2021-05": {
            "month": "2021-05",
            "price": "16.67",
            "revenue": 127114
        },
        "2021-06": {
            "month": "2021-06",
            "price": "17.20",
            "revenue": 140377
        },
        "2021-07": {
            "month": "2021-07",
            "price": "17.38",
            "revenue": 132953
        },
        "2021-08": {
            "month": "2021-08",
            "price": "16.60",
            "revenue": 122217
        },
        "2021-09": {
            "month": "2021-09",
            "price": "16.32",
            "revenue": 127013
        },
        "2021-10": {
            "month": "2021-10",
            "price": "17.22",
            "revenue": 131459
        },
        "2021-11": {
            "month": "2021-11",
            "price": "20.69",
            "revenue": 130724
        },
        "2021-12": {
            "month": "2021-12",
            "price": "21.37",
            "revenue": 137744
        },
        "2022-01": {
            "month": "2022-01",
            "price": "21.08",
            "revenue": 145273
        },
        "2022-02": {
            "month": "2022-02",
            "price": "20.95",
            "revenue": 112651
        },
        "2022-03": {
            "month": "2022-03",
            "price": "19.89",
            "revenue": 139392
        },
        "2022-04": {
            "month": "2022-04",
            "price": "19.46",
            "revenue": 136604
        },
        "2022-05": {
            "month": "2022-05",
            "price": "19.51",
            "revenue": 170859
        },
        "2022-06": {
            "month": "2022-06",
            "price": "22.08",
            "revenue": 178219
        },
        "2022-07": {
            "month": "2022-07",
            "price": "27.62",
            "revenue": 181441
        },
        "2022-08": {
            "month": "2022-08",
            "price": "32.60",
            "revenue": 153891
        },
        "2022-09": {
            "month": "2022-09",
            "price": "38.60",
            "revenue": 181553
        },
        "2022-10": {
            "month": "2022-10",
            "price": "35.82",
            "revenue": 179798
        },
        "2022-11": {
            "month": "2022-11",
            "price": "30.76",
            "revenue": 155710
        },
        "2022-12": {
            "month": "2022-12",
            "price": "29.65",
            "revenue": 176877
        },
        "2023-01": {
            "month": "2023-01",
            "price": "29.70",
            "revenue": 140376
        },
        "2023-02": {
            "month": "2023-02",
            "price": "32.33",
            "revenue": 138926
        },
        "2023-03": {
            "month": "2023-03",
            "price": "37.99",
            "revenue": 234620
        },
        "2023-04": {
            "month": "2023-04",
            "price": "48.39",
            "revenue": 171771
        }
    }
}
