{
    "summary": {
        "stock_name": "佳總",
        "stock_id": "5355",
        "category": "電子零組件",
        "main_business": "多層板印刷電路板",
        "website_url": "http://www.gia-tzoong.com.tw",
        "ceo": "蕭明陽",
        "pe_ratio": -20,
        "report_year_from": 2001,
        "report_year_to": 2023,
        "age": 22,
        "eps_negative_percentage": 74,
        "eps_growth_avg": {
            "last_all": -52.97,
            "last_2y": -100,
            "last_4y": -100,
            "last_8y": -79.54,
            "last_12y": -28.82,
            "last_16y": -41.22,
            "last_20y": -52.97,
            "at_2006_last_3y": -100,
            "at_2007_last_3y": -78.41,
            "at_2008_last_3y": -85.61,
            "at_2009_last_3y": -78.41,
            "at_2010_last_3y": -78.41,
            "at_2011_last_3y": -100,
            "at_2012_last_3y": 100,
            "at_2013_last_3y": 72.63,
            "at_2014_last_3y": 35.14,
            "at_2015_last_3y": 6.77,
            "at_2016_last_3y": -43.23,
            "at_2017_last_3y": -72.72,
            "at_2018_last_3y": -89.16,
            "at_2019_last_3y": -100,
            "at_2020_last_3y": null,
            "at_2021_last_3y": -100,
            "at_2022_last_3y": -100,
            "at_2023_last_3y": -100,
            "at_2006_last_all": -100,
            "at_2007_last_all": -85.61,
            "at_2008_last_all": -89.2,
            "at_2009_last_all": -89.2,
            "at_2010_last_all": -89.2,
            "at_2011_last_all": -89.2,
            "at_2012_last_all": -51.36,
            "at_2013_last_all": -35.26,
            "at_2014_last_all": -35.92,
            "at_2015_last_all": -41.22,
            "at_2016_last_all": -47.75,
            "at_2017_last_all": -47.75,
            "at_2018_last_all": -47.75,
            "at_2019_last_all": -47.75,
            "at_2020_last_all": -47.75,
            "at_2021_last_all": -52.97,
            "at_2022_last_all": -52.97,
            "at_2023_last_all": -52.97
        },
        "latest_eps": -0.39,
        "latest_price": 7.92,
        "latest_roe": -4.5,
        "latest_gross_margin": 0.81,
        "latest_equity": 1214770,
        "latest_revenue": 143158,
        "latest_gross_profit": 1157,
        "latest_net_income": -19350,
        "latest_debt_ratio": 16.56,
        "latest_current_ratio": 550.64,
        "latest_account_receivable_turnover_ratio": 1.2,
        "latest_inventory_turnover_ratio": 1.6,
        "latest_reinvestment_rate": null,
        "latest_research_to_sale_ratio": 2.3
    },
    "eps_dividends": {
        "1997": {
            "cash": 0,
            "stock": 2,
            "eps": 0
        },
        "2000": {
            "cash": 0,
            "stock": 1,
            "eps": 0
        },
        "2001": {
            "cash": 0,
            "stock": 1,
            "eps": -0.45
        },
        "2002": {
            "cash": 0,
            "stock": 0,
            "eps": 0.16
        },
        "2003": {
            "cash": 0,
            "stock": 0,
            "eps": -0.06
        },
        "2004": {
            "cash": 0,
            "stock": 0,
            "eps": 0.4
        },
        "2005": {
            "cash": 0,
            "stock": 0,
            "eps": -2.04
        },
        "2006": {
            "cash": 0,
            "stock": 0,
            "eps": 0.88
        },
        "2007": {
            "cash": 0,
            "stock": 0,
            "eps": 0.38
        },
        "2008": {
            "cash": 0,
            "stock": 0,
            "eps": -1.2
        },
        "2009": {
            "cash": 0,
            "stock": 0,
            "eps": -1.75
        },
        "2010": {
            "cash": 0,
            "stock": 0,
            "eps": -0.63
        },
        "2011": {
            "cash": 0,
            "stock": 0,
            "eps": 0.23
        },
        "2012": {
            "cash": 0,
            "stock": 0,
            "eps": 0.95
        },
        "2013": {
            "cash": 0,
            "stock": 0,
            "eps": 1.38
        },
        "2014": {
            "cash": 0,
            "stock": 0,
            "eps": 0.83
        },
        "2015": {
            "cash": 0,
            "stock": 0,
            "eps": 0.18
        },
        "2016": {
            "cash": 0,
            "stock": 0,
            "eps": -0.16
        },
        "2017": {
            "cash": 0,
            "stock": 0,
            "eps": -0.46
        },
        "2018": {
            "cash": 0,
            "stock": 0,
            "eps": -0.61
        },
        "2019": {
            "cash": 0,
            "stock": 0,
            "eps": -0.85
        },
        "2020": {
            "cash": 0,
            "stock": 0,
            "eps": 0.07
        },
        "2021": {
            "cash": 0,
            "stock": 0,
            "eps": -0.68
        },
        "2022": {
            "cash": 0,
            "stock": 0,
            "eps": -0.46
        },
        "2023": {
            "cash": 0,
            "stock": 0,
            "eps": -0.12
        }
    },
    "dividends": {
        "1997-06-02": {
            "cash": 0,
            "stock": 2
        },
        "2000-05-24": {
            "cash": 0,
            "stock": 1
        },
        "2001-05-02": {
            "cash": 0,
            "stock": 0.8
        },
        "2015-08-21": {
            "cash": 0.35,
            "stock": 0
        }
    },
    "prices": {
        "200101": "10.07",
        "200102": "10.95",
        "200103": "11.18",
        "200104": "12.42",
        "200105": "9.13",
        "200106": "8.35",
        "200107": "6.82",
        "200108": "7.05",
        "200109": "6.00",
        "200110": "5.02",
        "200111": "5.37",
        "200112": "6.92",
        "200201": "15.25",
        "200202": "16.22",
        "200203": "16.80",
        "200204": "15.33",
        "200205": "13.49",
        "200206": "12.11",
        "200207": "10.68",
        "200208": "11.47",
        "200209": "12.96",
        "200210": "9.88",
        "200211": "9.52",
        "200212": "8.03",
        "200301": "8.28",
        "200302": "7.57",
        "200303": "7.27",
        "200304": "7.94",
        "200305": "8.47",
        "200306": "9.00",
        "200307": "8.87",
        "200308": "8.21",
        "200309": "7.70",
        "200310": "7.24",
        "200311": "7.52",
        "200312": "7.70",
        "200401": "7.69",
        "200402": "8.81",
        "200403": "8.87",
        "200404": "9.81",
        "200405": "8.57",
        "200406": "8.84",
        "200407": "8.72",
        "200408": "8.32",
        "200409": "8.34",
        "200410": "8.20",
        "200411": "8.11",
        "200412": "7.54",
        "200501": "6.50",
        "200502": "6.78",
        "200503": "6.87",
        "200504": "6.52",
        "200505": "5.86",
        "200506": "6.35",
        "200507": "6.78",
        "200508": "5.94",
        "200509": "5.54",
        "200510": "5.57",
        "200511": "5.76",
        "200512": "6.40",
        "200601": "6.73",
        "200602": "6.91",
        "200603": "8.20",
        "200604": "10.73",
        "200605": "13.63",
        "200606": "13.09",
        "200607": "12.07",
        "200608": "14.36",
        "200609": "13.47",
        "200610": "13.46",
        "200611": "13.62",
        "200612": "13.65",
        "200701": "17.89",
        "200702": "21.54",
        "200703": "21.52",
        "200704": "25.98",
        "200705": "26.40",
        "200706": "34.49",
        "200707": "44.85",
        "200708": "37.61",
        "200709": "30.72",
        "200710": "24.70",
        "200711": "18.53",
        "200712": "16.95",
        "200801": "13.21",
        "200802": "13.81",
        "200803": "13.84",
        "200804": "13.46",
        "200805": "14.73",
        "200806": "11.76",
        "200807": "8.22",
        "200808": "7.44",
        "200809": "5.89",
        "200810": "4.92",
        "200811": "4.81",
        "200812": "5.04",
        "200901": "6.16",
        "200902": "5.82",
        "200903": "6.67",
        "200904": "7.57",
        "200905": "10.08",
        "200906": "14.08",
        "200907": "15.59",
        "200908": "17.50",
        "200909": "17.16",
        "200910": "16.37",
        "200911": "15.17",
        "200912": "15.72",
        "201001": "22.08",
        "201002": "22.44",
        "201003": "26.44",
        "201004": "26.95",
        "201005": "21.98",
        "201006": "20.37",
        "201007": "23.87",
        "201008": "21.94",
        "201009": "19.24",
        "201010": "16.69",
        "201011": "13.91",
        "201012": "15.09",
        "201101": "14.66",
        "201102": "14.68",
        "201103": "14.42",
        "201104": "14.83",
        "201105": "17.75",
        "201106": "18.46",
        "201107": "12.41",
        "201108": "10.54",
        "201109": "10.60",
        "201110": "8.90",
        "201111": "7.95",
        "201112": "7.03",
        "201201": "7.09",
        "201202": "8.97",
        "201203": "8.25",
        "201204": "7.31",
        "201205": "6.93",
        "201206": "6.72",
        "201207": "7.01",
        "201208": "7.37",
        "201209": "7.79",
        "201210": "8.68",
        "201211": "8.25",
        "201212": "9.71",
        "201301": "10.65",
        "201302": "10.94",
        "201303": "12.08",
        "201304": "15.54",
        "201305": "15.59",
        "201306": "14.97",
        "201307": "15.05",
        "201308": "15.49",
        "201309": "15.24",
        "201310": "15.30",
        "201311": "13.55",
        "201312": "13.45",
        "201401": "14.32",
        "201402": "13.51",
        "201403": "13.01",
        "201404": "13.55",
        "201405": "13.01",
        "201406": "12.66",
        "201407": "11.59",
        "201408": "10.10",
        "201409": "10.27",
        "201410": "9.44",
        "201411": "9.33",
        "201412": "10.04",
        "201501": "10.13",
        "201502": "9.98",
        "201503": "10.16",
        "201504": "9.76",
        "201505": "9.13",
        "201506": "8.05",
        "201507": "7.36",
        "201508": "6.77",
        "201509": "7.42",
        "201510": "7.25",
        "201511": "6.83",
        "201512": "6.72",
        "201601": "6.36",
        "201602": "6.28",
        "201603": "6.40",
        "201604": "6.00",
        "201605": "5.21",
        "201606": "5.28",
        "201607": "5.83",
        "201608": "5.86",
        "201609": "6.14",
        "201610": "6.72",
        "201611": "6.62",
        "201612": "6.66",
        "201701": "7.10",
        "201702": "7.98",
        "201703": "7.79",
        "201704": "7.31",
        "201705": "7.23",
        "201706": "7.22",
        "201707": "7.01",
        "201708": "7.26",
        "201709": "7.73",
        "201710": "7.91",
        "201711": "7.92",
        "201712": "7.54",
        "201801": "7.74",
        "201802": "7.33",
        "201803": "7.32",
        "201804": "7.17",
        "201805": "7.15",
        "201806": "8.09",
        "201807": "8.02",
        "201808": "7.37",
        "201809": "6.18",
        "201810": "4.82",
        "201811": "4.63",
        "201812": "4.70",
        "201901": "4.59",
        "201902": "4.83",
        "201903": "5.02",
        "201904": "5.11",
        "201905": "5.08",
        "201906": "5.00",
        "201907": "5.01",
        "201908": "5.03",
        "201909": "5.16",
        "201910": "5.08",
        "201911": "4.82",
        "201912": "4.74",
        "202001": "4.84",
        "202002": "4.73",
        "202003": "4.05",
        "202004": "4.46",
        "202005": "4.43",
        "202006": "4.22",
        "202007": "4.96",
        "202008": "5.48",
        "202009": "6.79",
        "202010": "6.32",
        "202011": "6.11",
        "202012": "6.76",
        "202101": "6.68",
        "202102": "6.45",
        "202103": "7.04",
        "202104": "9.09",
        "202105": "7.33",
        "202106": "7.21",
        "202107": "8.36",
        "202108": "7.40",
        "202109": "6.68",
        "202110": "6.74",
        "202111": "6.59",
        "202112": "7.09",
        "202201": "6.91",
        "202202": "6.81",
        "202203": "6.56",
        "202204": "6.47",
        "202205": "6.14",
        "202206": "6.23",
        "202207": "5.85",
        "202208": "6.04",
        "202209": "6.44",
        "202210": "5.71",
        "202211": "5.89",
        "202212": "6.26",
        "202301": "6.16",
        "202302": "6.53",
        "202303": "6.99",
        "202304": "7.77",
        "202305": "8.23"
    },
    "quarters": {
        "20011": {
            "year_quarter": 20011,
            "year": 2001,
            "quarter": 1,
            "eps": -0.05,
            "eps_growth_year": -115.15,
            "eps_4q": 0.76,
            "eps_4q_growth_year": 33.11,
            "roe": -0.36,
            "gross_profit": 23043,
            "gross_margin": 11.51,
            "net_income": -3283,
            "revenue": 200146,
            "common_shares": 688290,
            "equity": 906342,
            "current_ratio": 176.18,
            "debt_ratio": 31.26,
            "inventory_turnover_ratio": 1.36,
            "account_receivable_turnover_ratio": null,
            "reinvestment_rate": null,
            "research_to_sale_ratio": null,
            "price_fair": 0,
            "eps_avg_yearly": 0,
            "eps_latest_yearly": 0,
            "eps_growth_yearly": 0
        },
        "20012": {
            "year_quarter": 20012,
            "year": 2001,
            "quarter": 2,
            "eps": -0.05,
            "eps_growth_year": -115.15,
            "eps_4q": 0.32,
            "eps_4q_growth_year": -53.99,
            "roe": -0.39,
            "gross_profit": 1460,
            "gross_margin": 1.16,
            "net_income": -3491,
            "revenue": 125578,
            "common_shares": 745083,
            "equity": 901683,
            "current_ratio": 182.06,
            "debt_ratio": 28.29,
            "inventory_turnover_ratio": 1.07,
            "account_receivable_turnover_ratio": null,
            "reinvestment_rate": null,
            "research_to_sale_ratio": null,
            "price_fair": 0,
            "eps_avg_yearly": 0,
            "eps_latest_yearly": 0,
            "eps_growth_yearly": 0
        },
        "20013": {
            "year_quarter": 20013,
            "year": 2001,
            "quarter": 3,
            "eps": -0.29,
            "eps_growth_year": -182.86,
            "eps_4q": -0.3,
            "eps_4q_growth_year": -124.94,
            "roe": -2.45,
            "gross_profit": -2380,
            "gross_margin": -1.73,
            "net_income": -21757,
            "revenue": 137397,
            "common_shares": 745083,
            "equity": 877320,
            "current_ratio": 188.39,
            "debt_ratio": 25.78,
            "inventory_turnover_ratio": 1.38,
            "account_receivable_turnover_ratio": null,
            "reinvestment_rate": null,
            "research_to_sale_ratio": null,
            "price_fair": 0,
            "eps_avg_yearly": 0,
            "eps_latest_yearly": 0,
            "eps_growth_yearly": 0
        },
        "20014": {
            "year_quarter": 20014,
            "year": 2001,
            "quarter": 4,
            "eps": -0.06,
            "eps_growth_year": -166.67,
            "eps_4q": -0.44,
            "eps_4q_growth_year": -142.41,
            "roe": -0.48,
            "gross_profit": 12307,
            "gross_margin": 7.34,
            "net_income": -4234,
            "revenue": 167634,
            "common_shares": 745083,
            "equity": 873872,
            "current_ratio": 185.08,
            "debt_ratio": 25.29,
            "inventory_turnover_ratio": 1.83,
            "account_receivable_turnover_ratio": null,
            "reinvestment_rate": null,
            "research_to_sale_ratio": null,
            "price_fair": 0,
            "eps_avg_yearly": 0,
            "eps_latest_yearly": 0,
            "eps_growth_yearly": 0
        },
        "20021": {
            "year_quarter": 20021,
            "year": 2002,
            "quarter": 1,
            "eps": 0.03,
            "eps_growth_year": null,
            "eps_4q": -0.35,
            "eps_4q_growth_year": -146.37,
            "roe": 0.26,
            "gross_profit": 26177,
            "gross_margin": 17.13,
            "net_income": 2316,
            "revenue": 152793,
            "common_shares": 745083,
            "equity": 881259,
            "current_ratio": 198.77,
            "debt_ratio": 23.23,
            "inventory_turnover_ratio": 1.63,
            "account_receivable_turnover_ratio": null,
            "reinvestment_rate": null,
            "research_to_sale_ratio": null,
            "price_fair": 0,
            "eps_avg_yearly": 0,
            "eps_latest_yearly": 0,
            "eps_growth_yearly": 0
        },
        "20022": {
            "year_quarter": 20022,
            "year": 2002,
            "quarter": 2,
            "eps": -0.04,
            "eps_growth_year": null,
            "eps_4q": -0.36,
            "eps_4q_growth_year": -212.06,
            "roe": -0.33,
            "gross_profit": 18483,
            "gross_margin": 12.29,
            "net_income": -2902,
            "revenue": 150333,
            "common_shares": 745083,
            "equity": 879017,
            "current_ratio": 195.71,
            "debt_ratio": 23.68,
            "inventory_turnover_ratio": 1.67,
            "account_receivable_turnover_ratio": null,
            "reinvestment_rate": null,
            "research_to_sale_ratio": null,
            "price_fair": 0,
            "eps_avg_yearly": 0,
            "eps_latest_yearly": 0,
            "eps_growth_yearly": 0
        },
        "20023": {
            "year_quarter": 20023,
            "year": 2002,
            "quarter": 3,
            "eps": 0.13,
            "eps_growth_year": null,
            "eps_4q": 0.06,
            "eps_4q_growth_year": null,
            "roe": 1.07,
            "gross_profit": 38041,
            "gross_margin": 17.08,
            "net_income": 9492,
            "revenue": 222726,
            "common_shares": 745083,
            "equity": 888509,
            "current_ratio": 227.64,
            "debt_ratio": 22.76,
            "inventory_turnover_ratio": 2.38,
            "account_receivable_turnover_ratio": null,
            "reinvestment_rate": null,
            "research_to_sale_ratio": null,
            "price_fair": 0,
            "eps_avg_yearly": 0,
            "eps_latest_yearly": 0,
            "eps_growth_yearly": 0
        },
        "20024": {
            "year_quarter": 20024,
            "year": 2002,
            "quarter": 4,
            "eps": 0.04,
            "eps_growth_year": null,
            "eps_4q": 0.16,
            "eps_4q_growth_year": null,
            "roe": 0.35,
            "gross_profit": 29273,
            "gross_margin": 15.89,
            "net_income": 3080,
            "revenue": 184182,
            "common_shares": 745083,
            "equity": 891589,
            "current_ratio": 214.96,
            "debt_ratio": 23.46,
            "inventory_turnover_ratio": 2.21,
            "account_receivable_turnover_ratio": null,
            "reinvestment_rate": -87.2,
            "research_to_sale_ratio": null,
            "price_fair": 0.48,
            "eps_avg_yearly": 0.16,
            "eps_latest_yearly": 0.16,
            "eps_growth_yearly": -276.92
        },
        "20031": {
            "year_quarter": 20031,
            "year": 2003,
            "quarter": 1,
            "eps": 0.11,
            "eps_growth_year": 266.67,
            "eps_4q": 0.24,
            "eps_4q_growth_year": null,
            "roe": 0.91,
            "gross_profit": 32168,
            "gross_margin": 17.77,
            "net_income": 8190,
            "revenue": 181011,
            "common_shares": 745083,
            "equity": 899779,
            "current_ratio": 230.85,
            "debt_ratio": 21.99,
            "inventory_turnover_ratio": 2.23,
            "account_receivable_turnover_ratio": null,
            "reinvestment_rate": -172.23,
            "research_to_sale_ratio": null,
            "price_fair": 10.5,
            "eps_avg_yearly": 0.3,
            "eps_latest_yearly": 0.44,
            "eps_growth_yearly": 211.54
        },
        "20032": {
            "year_quarter": 20032,
            "year": 2003,
            "quarter": 2,
            "eps": -0.01,
            "eps_growth_year": null,
            "eps_4q": 0.26,
            "eps_4q_growth_year": null,
            "roe": -0.12,
            "gross_profit": 18963,
            "gross_margin": 11.29,
            "net_income": -1063,
            "revenue": 167906,
            "common_shares": 745083,
            "equity": 881654,
            "current_ratio": 225.42,
            "debt_ratio": 22.75,
            "inventory_turnover_ratio": 2.31,
            "account_receivable_turnover_ratio": null,
            "reinvestment_rate": -209.08,
            "research_to_sale_ratio": null,
            "price_fair": 10.5,
            "eps_avg_yearly": 0.3,
            "eps_latest_yearly": 0.44,
            "eps_growth_yearly": 211.54
        },
        "20033": {
            "year_quarter": 20033,
            "year": 2003,
            "quarter": 3,
            "eps": -0.23,
            "eps_growth_year": -276.92,
            "eps_4q": -0.09,
            "eps_4q_growth_year": -244.02,
            "roe": -1.96,
            "gross_profit": 674,
            "gross_margin": 0.51,
            "net_income": -17073,
            "revenue": 131586,
            "common_shares": 745083,
            "equity": 864581,
            "current_ratio": 198.97,
            "debt_ratio": 25.53,
            "inventory_turnover_ratio": 2.11,
            "account_receivable_turnover_ratio": null,
            "reinvestment_rate": -246.07,
            "research_to_sale_ratio": null,
            "price_fair": 10.5,
            "eps_avg_yearly": 0.3,
            "eps_latest_yearly": 0.44,
            "eps_growth_yearly": 211.54
        },
        "20034": {
            "year_quarter": 20034,
            "year": 2003,
            "quarter": 4,
            "eps": 0.07,
            "eps_growth_year": 75,
            "eps_4q": -0.06,
            "eps_4q_growth_year": -137.04,
            "roe": 0.63,
            "gross_profit": 20423,
            "gross_margin": 10.77,
            "net_income": 5454,
            "revenue": 189611,
            "common_shares": 745083,
            "equity": 870035,
            "current_ratio": 215.57,
            "debt_ratio": 28.03,
            "inventory_turnover_ratio": 2.32,
            "account_receivable_turnover_ratio": null,
            "reinvestment_rate": -300.9,
            "research_to_sale_ratio": null,
            "price_fair": 10.5,
            "eps_avg_yearly": 0.3,
            "eps_latest_yearly": 0.44,
            "eps_growth_yearly": 211.54
        },
        "20041": {
            "year_quarter": 20041,
            "year": 2004,
            "quarter": 1,
            "eps": 0.08,
            "eps_growth_year": -27.27,
            "eps_4q": -0.09,
            "eps_4q_growth_year": -137.93,
            "roe": 0.68,
            "gross_profit": 30646,
            "gross_margin": 14.92,
            "net_income": 5934,
            "revenue": 205422,
            "common_shares": 745083,
            "equity": 873969,
            "current_ratio": 157.19,
            "debt_ratio": 28.61,
            "inventory_turnover_ratio": 2.12,
            "account_receivable_turnover_ratio": null,
            "reinvestment_rate": -386.28,
            "research_to_sale_ratio": null,
            "price_fair": 10.73,
            "eps_avg_yearly": 0.31,
            "eps_latest_yearly": 0.32,
            "eps_growth_yearly": 160.07
        },
        "20042": {
            "year_quarter": 20042,
            "year": 2004,
            "quarter": 2,
            "eps": 0.08,
            "eps_growth_year": null,
            "eps_4q": -0,
            "eps_4q_growth_year": -100.99,
            "roe": 0.63,
            "gross_profit": 32920,
            "gross_margin": 11.85,
            "net_income": 5505,
            "revenue": 277740,
            "common_shares": 745083,
            "equity": 881474,
            "current_ratio": 209.32,
            "debt_ratio": 44.72,
            "inventory_turnover_ratio": 2.67,
            "account_receivable_turnover_ratio": null,
            "reinvestment_rate": -738.95,
            "research_to_sale_ratio": null,
            "price_fair": 10.85,
            "eps_avg_yearly": 0.31,
            "eps_latest_yearly": 0.32,
            "eps_growth_yearly": 120.05
        },
        "20043": {
            "year_quarter": 20043,
            "year": 2004,
            "quarter": 3,
            "eps": 0.36,
            "eps_growth_year": null,
            "eps_4q": 0.59,
            "eps_4q_growth_year": null,
            "roe": 2.91,
            "gross_profit": 34715,
            "gross_margin": 14.95,
            "net_income": 26010,
            "revenue": 232225,
            "common_shares": 745083,
            "equity": 907484,
            "current_ratio": 219.49,
            "debt_ratio": 42.09,
            "inventory_turnover_ratio": 1.64,
            "account_receivable_turnover_ratio": null,
            "reinvestment_rate": -612.52,
            "research_to_sale_ratio": null,
            "price_fair": 18.76,
            "eps_avg_yearly": 0.54,
            "eps_latest_yearly": 1.44,
            "eps_growth_yearly": 376.04
        },
        "20044": {
            "year_quarter": 20044,
            "year": 2004,
            "quarter": 4,
            "eps": -0.12,
            "eps_growth_year": -271.43,
            "eps_4q": 0.4,
            "eps_4q_growth_year": null,
            "roe": -0.98,
            "gross_profit": 29996,
            "gross_margin": 12.05,
            "net_income": -8815,
            "revenue": 248969,
            "common_shares": 745083,
            "equity": 888352,
            "current_ratio": 260.76,
            "debt_ratio": 44.58,
            "inventory_turnover_ratio": 1.5,
            "account_receivable_turnover_ratio": null,
            "reinvestment_rate": -3441.51,
            "research_to_sale_ratio": null,
            "price_fair": 18.76,
            "eps_avg_yearly": 0.54,
            "eps_latest_yearly": 1.44,
            "eps_growth_yearly": 376.04
        },
        "20051": {
            "year_quarter": 20051,
            "year": 2005,
            "quarter": 1,
            "eps": -0.21,
            "eps_growth_year": -362.5,
            "eps_4q": 0.1,
            "eps_4q_growth_year": null,
            "roe": -1.76,
            "gross_profit": 8078,
            "gross_margin": 3.72,
            "net_income": -15527,
            "revenue": 216879,
            "common_shares": 745083,
            "equity": 871700,
            "current_ratio": 203,
            "debt_ratio": 43.67,
            "inventory_turnover_ratio": 1.51,
            "account_receivable_turnover_ratio": null,
            "reinvestment_rate": null,
            "research_to_sale_ratio": null,
            "price_fair": 18.76,
            "eps_avg_yearly": 0.54,
            "eps_latest_yearly": 1.44,
            "eps_growth_yearly": 376.04
        },
        "20052": {
            "year_quarter": 20052,
            "year": 2005,
            "quarter": 2,
            "eps": -1.35,
            "eps_growth_year": -1787.5,
            "eps_4q": -1.28,
            "eps_4q_growth_year": null,
            "roe": -11.83,
            "gross_profit": 35865,
            "gross_margin": 13.82,
            "net_income": -97359,
            "revenue": 259464,
            "common_shares": 745083,
            "equity": 774342,
            "current_ratio": 214.6,
            "debt_ratio": 45.97,
            "inventory_turnover_ratio": 1.9,
            "account_receivable_turnover_ratio": null,
            "reinvestment_rate": null,
            "research_to_sale_ratio": null,
            "price_fair": 18.76,
            "eps_avg_yearly": 0.54,
            "eps_latest_yearly": 1.44,
            "eps_growth_yearly": 376.04
        },
        "20053": {
            "year_quarter": 20053,
            "year": 2005,
            "quarter": 3,
            "eps": 0.19,
            "eps_growth_year": -47.22,
            "eps_4q": -1.48,
            "eps_4q_growth_year": -349.51,
            "roe": 1.76,
            "gross_profit": 32510,
            "gross_margin": 13.54,
            "net_income": 13833,
            "revenue": 240166,
            "common_shares": 745083,
            "equity": 799821,
            "current_ratio": 233.25,
            "debt_ratio": 46.39,
            "inventory_turnover_ratio": 2.01,
            "account_receivable_turnover_ratio": null,
            "reinvestment_rate": null,
            "research_to_sale_ratio": null,
            "price_fair": 18.76,
            "eps_avg_yearly": 0.54,
            "eps_latest_yearly": 1.44,
            "eps_growth_yearly": 376.04
        },
        "20054": {
            "year_quarter": 20054,
            "year": 2005,
            "quarter": 4,
            "eps": -0.67,
            "eps_growth_year": null,
            "eps_4q": -2.04,
            "eps_4q_growth_year": -609.73,
            "roe": -6.23,
            "gross_profit": 48808,
            "gross_margin": 15.09,
            "net_income": -48345,
            "revenue": 323509,
            "common_shares": 745083,
            "equity": 752553,
            "current_ratio": 286.63,
            "debt_ratio": 49.55,
            "inventory_turnover_ratio": 2.74,
            "account_receivable_turnover_ratio": null,
            "reinvestment_rate": null,
            "research_to_sale_ratio": null,
            "price_fair": 18.76,
            "eps_avg_yearly": 0.54,
            "eps_latest_yearly": 1.44,
            "eps_growth_yearly": 376.04
        },
        "20061": {
            "year_quarter": 20061,
            "year": 2006,
            "quarter": 1,
            "eps": 0.35,
            "eps_growth_year": null,
            "eps_4q": -1.38,
            "eps_4q_growth_year": -1525.03,
            "roe": 3.4,
            "gross_profit": 45995,
            "gross_margin": 16.34,
            "net_income": 26641,
            "revenue": 281483,
            "common_shares": 798797,
            "equity": 815361,
            "current_ratio": 246.48,
            "debt_ratio": 44.62,
            "inventory_turnover_ratio": 2.05,
            "account_receivable_turnover_ratio": null,
            "reinvestment_rate": null,
            "research_to_sale_ratio": null,
            "price_fair": 18.76,
            "eps_avg_yearly": 0.54,
            "eps_latest_yearly": 1.44,
            "eps_growth_yearly": 376.04
        },
        "20062": {
            "year_quarter": 20062,
            "year": 2006,
            "quarter": 2,
            "eps": 0.22,
            "eps_growth_year": null,
            "eps_4q": 0.12,
            "eps_4q_growth_year": null,
            "roe": 2.06,
            "gross_profit": 44304,
            "gross_margin": 14.05,
            "net_income": 17596,
            "revenue": 315357,
            "common_shares": 862142,
            "equity": 891685,
            "current_ratio": 193.19,
            "debt_ratio": 43,
            "inventory_turnover_ratio": 1.98,
            "account_receivable_turnover_ratio": null,
            "reinvestment_rate": null,
            "research_to_sale_ratio": null,
            "price_fair": 20.77,
            "eps_avg_yearly": 0.59,
            "eps_latest_yearly": 0.88,
            "eps_growth_yearly": 288.61
        },
        "20063": {
            "year_quarter": 20063,
            "year": 2006,
            "quarter": 3,
            "eps": 0.37,
            "eps_growth_year": 94.74,
            "eps_4q": 0.32,
            "eps_4q_growth_year": null,
            "roe": 3.27,
            "gross_profit": 33614,
            "gross_margin": 11.38,
            "net_income": 30298,
            "revenue": 295294,
            "common_shares": 906714,
            "equity": 961433,
            "current_ratio": 212.01,
            "debt_ratio": 40.08,
            "inventory_turnover_ratio": 1.59,
            "account_receivable_turnover_ratio": null,
            "reinvestment_rate": null,
            "research_to_sale_ratio": null,
            "price_fair": 25.2,
            "eps_avg_yearly": 0.72,
            "eps_latest_yearly": 1.48,
            "eps_growth_yearly": 286.34
        },
        "20064": {
            "year_quarter": 20064,
            "year": 2006,
            "quarter": 4,
            "eps": -0.06,
            "eps_growth_year": null,
            "eps_4q": 0.82,
            "eps_4q_growth_year": null,
            "roe": -0.53,
            "gross_profit": 20343,
            "gross_margin": 8.3,
            "net_income": -5176,
            "revenue": 244966,
            "common_shares": 940428,
            "equity": 981236,
            "current_ratio": 260.67,
            "debt_ratio": 37.5,
            "inventory_turnover_ratio": 1.3,
            "account_receivable_turnover_ratio": null,
            "reinvestment_rate": null,
            "research_to_sale_ratio": null,
            "price_fair": 28.47,
            "eps_avg_yearly": 0.81,
            "eps_latest_yearly": 1.48,
            "eps_growth_yearly": 380.22
        },
        "20071": {
            "year_quarter": 20071,
            "year": 2007,
            "quarter": 1,
            "eps": 0.18,
            "eps_growth_year": -48.57,
            "eps_4q": 0.6,
            "eps_4q_growth_year": null,
            "roe": 1.71,
            "gross_profit": 43270,
            "gross_margin": 16.42,
            "net_income": 18143,
            "revenue": 263470,
            "common_shares": 1013865,
            "equity": 1142293,
            "current_ratio": 342.1,
            "debt_ratio": 34.51,
            "inventory_turnover_ratio": 1.37,
            "account_receivable_turnover_ratio": null,
            "reinvestment_rate": null,
            "research_to_sale_ratio": null,
            "price_fair": 31.08,
            "eps_avg_yearly": 0.89,
            "eps_latest_yearly": 1.48,
            "eps_growth_yearly": 316.26
        },
        "20072": {
            "year_quarter": 20072,
            "year": 2007,
            "quarter": 2,
            "eps": 0.19,
            "eps_growth_year": -13.64,
            "eps_4q": 0.61,
            "eps_4q_growth_year": 398.35,
            "roe": 1.67,
            "gross_profit": 53928,
            "gross_margin": 17.97,
            "net_income": 19763,
            "revenue": 300117,
            "common_shares": 1074579,
            "equity": 1230393,
            "current_ratio": 322.68,
            "debt_ratio": 30.74,
            "inventory_turnover_ratio": 1.55,
            "account_receivable_turnover_ratio": null,
            "reinvestment_rate": null,
            "research_to_sale_ratio": null,
            "price_fair": 30.33,
            "eps_avg_yearly": 0.87,
            "eps_latest_yearly": 0.76,
            "eps_growth_yearly": 267.25
        },
        "20073": {
            "year_quarter": 20073,
            "year": 2007,
            "quarter": 3,
            "eps": -0.02,
            "eps_growth_year": -105.41,
            "eps_4q": 0.26,
            "eps_4q_growth_year": -19.5,
            "roe": -0.19,
            "gross_profit": 31752,
            "gross_margin": 9.29,
            "net_income": -2465,
            "revenue": 341896,
            "common_shares": 1175481,
            "equity": 1305075,
            "current_ratio": 237.53,
            "debt_ratio": 32.09,
            "inventory_turnover_ratio": 1.64,
            "account_receivable_turnover_ratio": null,
            "reinvestment_rate": null,
            "research_to_sale_ratio": null,
            "price_fair": 30.33,
            "eps_avg_yearly": 0.87,
            "eps_latest_yearly": 0.76,
            "eps_growth_yearly": 267.25
        },
        "20074": {
            "year_quarter": 20074,
            "year": 2007,
            "quarter": 4,
            "eps": 0.03,
            "eps_growth_year": null,
            "eps_4q": 0.39,
            "eps_4q_growth_year": -52.3,
            "roe": 0.22,
            "gross_profit": 34593,
            "gross_margin": 9.55,
            "net_income": 2944,
            "revenue": 362351,
            "common_shares": 1177097,
            "equity": 1316232,
            "current_ratio": 213.76,
            "debt_ratio": 33.98,
            "inventory_turnover_ratio": 1.55,
            "account_receivable_turnover_ratio": null,
            "reinvestment_rate": null,
            "research_to_sale_ratio": null,
            "price_fair": 30.33,
            "eps_avg_yearly": 0.87,
            "eps_latest_yearly": 0.76,
            "eps_growth_yearly": 267.25
        },
        "20081": {
            "year_quarter": 20081,
            "year": 2008,
            "quarter": 1,
            "eps": -0.25,
            "eps_growth_year": -238.89,
            "eps_4q": -0.08,
            "eps_4q_growth_year": -113.19,
            "roe": -2.3,
            "gross_profit": 4581,
            "gross_margin": 1.68,
            "net_income": -29709,
            "revenue": 272789,
            "common_shares": 1177097,
            "equity": 1268377,
            "current_ratio": 212.39,
            "debt_ratio": 36.52,
            "inventory_turnover_ratio": 1.4,
            "account_receivable_turnover_ratio": null,
            "reinvestment_rate": null,
            "research_to_sale_ratio": null,
            "price_fair": 34.16,
            "eps_avg_yearly": 0.98,
            "eps_latest_yearly": 0.76,
            "eps_growth_yearly": 309.28
        },
        "20082": {
            "year_quarter": 20082,
            "year": 2008,
            "quarter": 2,
            "eps": -0.13,
            "eps_growth_year": -168.42,
            "eps_4q": -0.38,
            "eps_4q_growth_year": -163.16,
            "roe": -1.25,
            "gross_profit": 4848,
            "gross_margin": 1.82,
            "net_income": -15819,
            "revenue": 266382,
            "common_shares": 1177097,
            "equity": 1258492,
            "current_ratio": 195.84,
            "debt_ratio": 36.5,
            "inventory_turnover_ratio": 1.44,
            "account_receivable_turnover_ratio": null,
            "reinvestment_rate": null,
            "research_to_sale_ratio": null,
            "price_fair": 39.9,
            "eps_avg_yearly": 1.14,
            "eps_latest_yearly": 0.76,
            "eps_growth_yearly": 386.59
        },
        "20083": {
            "year_quarter": 20083,
            "year": 2008,
            "quarter": 3,
            "eps": -0.32,
            "eps_growth_year": null,
            "eps_4q": -0.68,
            "eps_4q_growth_year": -365.4,
            "roe": -3.02,
            "gross_profit": -15872,
            "gross_margin": -6.47,
            "net_income": -37849,
            "revenue": 245304,
            "common_shares": 1177097,
            "equity": 1245203,
            "current_ratio": 194.16,
            "debt_ratio": 37.08,
            "inventory_turnover_ratio": 1.47,
            "account_receivable_turnover_ratio": null,
            "reinvestment_rate": null,
            "research_to_sale_ratio": null,
            "price_fair": 36.4,
            "eps_avg_yearly": 1.04,
            "eps_latest_yearly": 0.76,
            "eps_growth_yearly": 48.79
        },
        "20084": {
            "year_quarter": 20084,
            "year": 2008,
            "quarter": 4,
            "eps": -0.5,
            "eps_growth_year": -1766.67,
            "eps_4q": -1.21,
            "eps_4q_growth_year": -409.34,
            "roe": -4.8,
            "gross_profit": -31551,
            "gross_margin": -19.06,
            "net_income": -58459,
            "revenue": 165579,
            "common_shares": 1177097,
            "equity": 1193015,
            "current_ratio": 203.6,
            "debt_ratio": 36.81,
            "inventory_turnover_ratio": 1.27,
            "account_receivable_turnover_ratio": 1.3,
            "reinvestment_rate": null,
            "research_to_sale_ratio": null,
            "price_fair": 36.4,
            "eps_avg_yearly": 1.04,
            "eps_latest_yearly": 0.76,
            "eps_growth_yearly": 48.79
        },
        "20091": {
            "year_quarter": 20091,
            "year": 2009,
            "quarter": 1,
            "eps": -0.46,
            "eps_growth_year": null,
            "eps_4q": -1.3,
            "eps_4q_growth_year": null,
            "roe": -5.02,
            "gross_profit": -29158,
            "gross_margin": -22.38,
            "net_income": -60502,
            "revenue": 130257,
            "common_shares": 1326808,
            "equity": 1219370,
            "current_ratio": 247.96,
            "debt_ratio": 34.32,
            "inventory_turnover_ratio": 1.17,
            "account_receivable_turnover_ratio": 0.59,
            "reinvestment_rate": null,
            "research_to_sale_ratio": null,
            "price_fair": 36.4,
            "eps_avg_yearly": 1.04,
            "eps_latest_yearly": 0.76,
            "eps_growth_yearly": 48.79
        },
        "20092": {
            "year_quarter": 20092,
            "year": 2009,
            "quarter": 2,
            "eps": -0.45,
            "eps_growth_year": null,
            "eps_4q": -1.63,
            "eps_4q_growth_year": null,
            "roe": -5.01,
            "gross_profit": -22017,
            "gross_margin": -15.76,
            "net_income": -59367,
            "revenue": 139709,
            "common_shares": 1326808,
            "equity": 1150861,
            "current_ratio": 216.33,
            "debt_ratio": 36.17,
            "inventory_turnover_ratio": 1.24,
            "account_receivable_turnover_ratio": 0.75,
            "reinvestment_rate": null,
            "research_to_sale_ratio": null,
            "price_fair": 36.4,
            "eps_avg_yearly": 1.04,
            "eps_latest_yearly": 0.76,
            "eps_growth_yearly": 48.79
        },
        "20093": {
            "year_quarter": 20093,
            "year": 2009,
            "quarter": 3,
            "eps": -0.33,
            "eps_growth_year": null,
            "eps_4q": -1.62,
            "eps_4q_growth_year": null,
            "roe": -3.86,
            "gross_profit": -3155,
            "gross_margin": -1.96,
            "net_income": -44766,
            "revenue": 161313,
            "common_shares": 1379953,
            "equity": 1166403,
            "current_ratio": 245.05,
            "debt_ratio": 33.58,
            "inventory_turnover_ratio": 1.2,
            "account_receivable_turnover_ratio": 0.84,
            "reinvestment_rate": null,
            "research_to_sale_ratio": null,
            "price_fair": 36.4,
            "eps_avg_yearly": 1.04,
            "eps_latest_yearly": 0.76,
            "eps_growth_yearly": 48.79
        },
        "20094": {
            "year_quarter": 20094,
            "year": 2009,
            "quarter": 4,
            "eps": -0.51,
            "eps_growth_year": null,
            "eps_4q": -1.69,
            "eps_4q_growth_year": null,
            "roe": -6.07,
            "gross_profit": -40759,
            "gross_margin": -23.22,
            "net_income": -68746,
            "revenue": 175519,
            "common_shares": 1380369,
            "equity": 1098368,
            "current_ratio": 218.09,
            "debt_ratio": 35.94,
            "inventory_turnover_ratio": 1.6,
            "account_receivable_turnover_ratio": 1.71,
            "reinvestment_rate": null,
            "research_to_sale_ratio": null,
            "price_fair": 36.4,
            "eps_avg_yearly": 1.04,
            "eps_latest_yearly": 0.76,
            "eps_growth_yearly": 48.79
        },
        "20101": {
            "year_quarter": 20101,
            "year": 2010,
            "quarter": 1,
            "eps": -0.2,
            "eps_growth_year": null,
            "eps_4q": -1.4,
            "eps_4q_growth_year": null,
            "roe": -2.55,
            "gross_profit": 2248,
            "gross_margin": 1.19,
            "net_income": -28386,
            "revenue": 188322,
            "common_shares": 1436286,
            "equity": 1126903,
            "current_ratio": 209.84,
            "debt_ratio": 34.61,
            "inventory_turnover_ratio": 1.35,
            "account_receivable_turnover_ratio": 0.88,
            "reinvestment_rate": null,
            "research_to_sale_ratio": 0.47,
            "price_fair": 36.4,
            "eps_avg_yearly": 1.04,
            "eps_latest_yearly": 0.76,
            "eps_growth_yearly": 48.79
        },
        "20102": {
            "year_quarter": 20102,
            "year": 2010,
            "quarter": 2,
            "eps": 0.02,
            "eps_growth_year": null,
            "eps_4q": -0.96,
            "eps_4q_growth_year": null,
            "roe": 0.3,
            "gross_profit": 39239,
            "gross_margin": 14.68,
            "net_income": 3349,
            "revenue": 267242,
            "common_shares": 1436286,
            "equity": 1139354,
            "current_ratio": 182.5,
            "debt_ratio": 37.99,
            "inventory_turnover_ratio": 1.36,
            "account_receivable_turnover_ratio": 0.96,
            "reinvestment_rate": null,
            "research_to_sale_ratio": 0.38,
            "price_fair": 39.2,
            "eps_avg_yearly": 1.12,
            "eps_latest_yearly": 0.76,
            "eps_growth_yearly": 147.47
        },
        "20103": {
            "year_quarter": 20103,
            "year": 2010,
            "quarter": 3,
            "eps": -0.03,
            "eps_growth_year": null,
            "eps_4q": -0.68,
            "eps_4q_growth_year": null,
            "roe": -0.4,
            "gross_profit": 33522,
            "gross_margin": 10.39,
            "net_income": -4565,
            "revenue": 322705,
            "common_shares": 1436286,
            "equity": 1132476,
            "current_ratio": 177.01,
            "debt_ratio": 38.35,
            "inventory_turnover_ratio": 1.69,
            "account_receivable_turnover_ratio": 0.84,
            "reinvestment_rate": null,
            "research_to_sale_ratio": 0.31,
            "price_fair": 24.49,
            "eps_avg_yearly": 0.76,
            "eps_latest_yearly": 0.76,
            "eps_growth_yearly": 22.22
        },
        "20104": {
            "year_quarter": 20104,
            "year": 2010,
            "quarter": 4,
            "eps": -0.42,
            "eps_growth_year": null,
            "eps_4q": -0.63,
            "eps_4q_growth_year": null,
            "roe": -5.6,
            "gross_profit": -12901,
            "gross_margin": -5.75,
            "net_income": -61032,
            "revenue": 224366,
            "common_shares": 1436286,
            "equity": 1048463,
            "current_ratio": 163.31,
            "debt_ratio": 39.43,
            "inventory_turnover_ratio": 1.54,
            "account_receivable_turnover_ratio": 0.59,
            "reinvestment_rate": null,
            "research_to_sale_ratio": 0.46,
            "price_fair": 24.49,
            "eps_avg_yearly": 0.76,
            "eps_latest_yearly": 0.76,
            "eps_growth_yearly": 22.22
        },
        "20111": {
            "year_quarter": 20111,
            "year": 2011,
            "quarter": 1,
            "eps": 0.17,
            "eps_growth_year": null,
            "eps_4q": -0.26,
            "eps_4q_growth_year": null,
            "roe": 2.36,
            "gross_profit": 43540,
            "gross_margin": 15.04,
            "net_income": 25134,
            "revenue": 289529,
            "common_shares": 1436286,
            "equity": 1081812,
            "current_ratio": 168.7,
            "debt_ratio": 38.98,
            "inventory_turnover_ratio": 1.6,
            "account_receivable_turnover_ratio": 0.82,
            "reinvestment_rate": null,
            "research_to_sale_ratio": 0.34,
            "price_fair": 24.49,
            "eps_avg_yearly": 0.76,
            "eps_latest_yearly": 0.76,
            "eps_growth_yearly": 22.22
        },
        "20112": {
            "year_quarter": 20112,
            "year": 2011,
            "quarter": 2,
            "eps": 0.05,
            "eps_growth_year": 131.82,
            "eps_4q": -0.23,
            "eps_4q_growth_year": null,
            "roe": 0.72,
            "gross_profit": 32237,
            "gross_margin": 12.28,
            "net_income": 7768,
            "revenue": 262623,
            "common_shares": 1436286,
            "equity": 1088718,
            "current_ratio": 175.47,
            "debt_ratio": 37.48,
            "inventory_turnover_ratio": 1.54,
            "account_receivable_turnover_ratio": 0.66,
            "reinvestment_rate": null,
            "research_to_sale_ratio": 0.36,
            "price_fair": 0.6,
            "eps_avg_yearly": 0.2,
            "eps_latest_yearly": 0.2,
            "eps_growth_yearly": -282.35
        },
        "20113": {
            "year_quarter": 20113,
            "year": 2011,
            "quarter": 3,
            "eps": 0.02,
            "eps_growth_year": null,
            "eps_4q": -0.18,
            "eps_4q_growth_year": null,
            "roe": 0.27,
            "gross_profit": 20978,
            "gross_margin": 7.96,
            "net_income": 2980,
            "revenue": 263557,
            "common_shares": 1437108,
            "equity": 1120867,
            "current_ratio": 188.72,
            "debt_ratio": 35.19,
            "inventory_turnover_ratio": 1.78,
            "account_receivable_turnover_ratio": 0.66,
            "reinvestment_rate": null,
            "research_to_sale_ratio": 0.38,
            "price_fair": 0.42,
            "eps_avg_yearly": 0.14,
            "eps_latest_yearly": 0.08,
            "eps_growth_yearly": -261.18
        },
        "20114": {
            "year_quarter": 20114,
            "year": 2011,
            "quarter": 4,
            "eps": -0.01,
            "eps_growth_year": null,
            "eps_4q": 0.22,
            "eps_4q_growth_year": null,
            "roe": -0.08,
            "gross_profit": 26819,
            "gross_margin": 10.58,
            "net_income": -952,
            "revenue": 253526,
            "common_shares": 1552829,
            "equity": 1256628,
            "current_ratio": 219.03,
            "debt_ratio": 33.13,
            "inventory_turnover_ratio": 1.72,
            "account_receivable_turnover_ratio": 0.69,
            "reinvestment_rate": null,
            "research_to_sale_ratio": 0.31,
            "price_fair": 0.42,
            "eps_avg_yearly": 0.14,
            "eps_latest_yearly": 0.08,
            "eps_growth_yearly": -261.18
        },
        "20121": {
            "year_quarter": 20121,
            "year": 2012,
            "quarter": 1,
            "eps": 0.07,
            "eps_growth_year": -58.82,
            "eps_4q": 0.13,
            "eps_4q_growth_year": null,
            "roe": 0.82,
            "gross_profit": 47676,
            "gross_margin": 17.35,
            "net_income": 10416,
            "revenue": 274733,
            "common_shares": 1552829,
            "equity": 1269615,
            "current_ratio": 281.47,
            "debt_ratio": 33.53,
            "inventory_turnover_ratio": 1.62,
            "account_receivable_turnover_ratio": 0.76,
            "reinvestment_rate": null,
            "research_to_sale_ratio": 0.26,
            "price_fair": 0.42,
            "eps_avg_yearly": 0.14,
            "eps_latest_yearly": 0.08,
            "eps_growth_yearly": -261.18
        },
        "20122": {
            "year_quarter": 20122,
            "year": 2012,
            "quarter": 2,
            "eps": 0.04,
            "eps_growth_year": -24.04,
            "eps_4q": 0.12,
            "eps_4q_growth_year": null,
            "roe": 0.5,
            "gross_profit": 33601,
            "gross_margin": 11.53,
            "net_income": 6376,
            "revenue": 291315,
            "common_shares": 1552829,
            "equity": 1277384,
            "current_ratio": 308.38,
            "debt_ratio": 33.31,
            "inventory_turnover_ratio": 1.88,
            "account_receivable_turnover_ratio": 0.76,
            "reinvestment_rate": null,
            "research_to_sale_ratio": 0.23,
            "price_fair": 0.44,
            "eps_avg_yearly": 0.15,
            "eps_latest_yearly": 0.16,
            "eps_growth_yearly": -231.26
        },
        "20123": {
            "year_quarter": 20123,
            "year": 2012,
            "quarter": 3,
            "eps": 0.26,
            "eps_growth_year": 1132.35,
            "eps_4q": 0.36,
            "eps_4q_growth_year": null,
            "roe": 3.07,
            "gross_profit": 80647,
            "gross_margin": 23.06,
            "net_income": 39681,
            "revenue": 349755,
            "common_shares": 1552829,
            "equity": 1307481,
            "current_ratio": 305.8,
            "debt_ratio": 33.06,
            "inventory_turnover_ratio": 2.06,
            "account_receivable_turnover_ratio": 0.83,
            "reinvestment_rate": null,
            "research_to_sale_ratio": 0.19,
            "price_fair": 12.95,
            "eps_avg_yearly": 0.37,
            "eps_latest_yearly": 1.04,
            "eps_growth_yearly": 376.55
        },
        "20124": {
            "year_quarter": 20124,
            "year": 2012,
            "quarter": 4,
            "eps": 0.58,
            "eps_growth_year": null,
            "eps_4q": 0.93,
            "eps_4q_growth_year": 315.31,
            "roe": 6.76,
            "gross_profit": 138940,
            "gross_margin": 31.06,
            "net_income": 92531,
            "revenue": 447285,
            "common_shares": 1594962,
            "equity": 1428829,
            "current_ratio": 276.17,
            "debt_ratio": 32.82,
            "inventory_turnover_ratio": 2.09,
            "account_receivable_turnover_ratio": 0.91,
            "reinvestment_rate": null,
            "research_to_sale_ratio": 0.14,
            "price_fair": 26.6,
            "eps_avg_yearly": 0.76,
            "eps_latest_yearly": 2.32,
            "eps_growth_yearly": 399.71
        },
        "20131": {
            "year_quarter": 20131,
            "year": 2013,
            "quarter": 1,
            "eps": 0.47,
            "eps_growth_year": 571.43,
            "eps_4q": 1.33,
            "eps_4q_growth_year": 924.44,
            "roe": 5.17,
            "gross_profit": 103705,
            "gross_margin": 25.15,
            "net_income": 75724,
            "revenue": 412282,
            "common_shares": 1607228,
            "equity": 1503233,
            "current_ratio": 326.77,
            "debt_ratio": 30.86,
            "inventory_turnover_ratio": 2.15,
            "account_receivable_turnover_ratio": 0.73,
            "reinvestment_rate": null,
            "research_to_sale_ratio": 0.39,
            "price_fair": 33.13,
            "eps_avg_yearly": 0.95,
            "eps_latest_yearly": 1.88,
            "eps_growth_yearly": 320.44
        },
        "20132": {
            "year_quarter": 20132,
            "year": 2013,
            "quarter": 2,
            "eps": 0.37,
            "eps_growth_year": 801.1,
            "eps_4q": 1.65,
            "eps_4q_growth_year": 1262.9,
            "roe": 3.86,
            "gross_profit": 80730,
            "gross_margin": 21.42,
            "net_income": 59552,
            "revenue": 376945,
            "common_shares": 1619368,
            "equity": 1578922,
            "current_ratio": 358.66,
            "debt_ratio": 29.62,
            "inventory_turnover_ratio": 2.36,
            "account_receivable_turnover_ratio": 0.67,
            "reinvestment_rate": -241.47,
            "research_to_sale_ratio": 0.46,
            "price_fair": 35.8,
            "eps_avg_yearly": 1.02,
            "eps_latest_yearly": 1.48,
            "eps_growth_yearly": 262.51
        },
        "20133": {
            "year_quarter": 20133,
            "year": 2013,
            "quarter": 3,
            "eps": 0.2,
            "eps_growth_year": -21.73,
            "eps_4q": 1.6,
            "eps_4q_growth_year": 347.82,
            "roe": 1.99,
            "gross_profit": 100082,
            "gross_margin": 23.65,
            "net_income": 31799,
            "revenue": 423092,
            "common_shares": 1621368,
            "equity": 1609144,
            "current_ratio": 329.98,
            "debt_ratio": 30.82,
            "inventory_turnover_ratio": 2.5,
            "account_receivable_turnover_ratio": 0.79,
            "reinvestment_rate": -134.39,
            "research_to_sale_ratio": 0.36,
            "price_fair": 34.83,
            "eps_avg_yearly": 1,
            "eps_latest_yearly": 0.8,
            "eps_growth_yearly": 206.72
        },
        "20134": {
            "year_quarter": 20134,
            "year": 2013,
            "quarter": 4,
            "eps": 0.34,
            "eps_growth_year": -41.98,
            "eps_4q": 1.35,
            "eps_4q_growth_year": 45.03,
            "roe": 3.36,
            "gross_profit": 98346,
            "gross_margin": 23.37,
            "net_income": 55225,
            "revenue": 420899,
            "common_shares": 1640702,
            "equity": 1682786,
            "current_ratio": 344.25,
            "debt_ratio": 29.11,
            "inventory_turnover_ratio": 2.49,
            "account_receivable_turnover_ratio": 0.79,
            "reinvestment_rate": -224.76,
            "research_to_sale_ratio": 0.32,
            "price_fair": 36.24,
            "eps_avg_yearly": 1.04,
            "eps_latest_yearly": 1.36,
            "eps_growth_yearly": 214.86
        },
        "20141": {
            "year_quarter": 20141,
            "year": 2014,
            "quarter": 1,
            "eps": 0.18,
            "eps_growth_year": -61.7,
            "eps_4q": 1.06,
            "eps_4q_growth_year": -20.31,
            "roe": 1.76,
            "gross_profit": 71387,
            "gross_margin": 18.62,
            "net_income": 30070,
            "revenue": 383433,
            "common_shares": 1662301,
            "equity": 1734068,
            "current_ratio": 307.88,
            "debt_ratio": 28.53,
            "inventory_turnover_ratio": 2.44,
            "account_receivable_turnover_ratio": 0.72,
            "reinvestment_rate": -178.99,
            "research_to_sale_ratio": 0.27,
            "price_fair": 35.14,
            "eps_avg_yearly": 1,
            "eps_latest_yearly": 0.72,
            "eps_growth_yearly": 174.55
        },
        "20142": {
            "year_quarter": 20142,
            "year": 2014,
            "quarter": 2,
            "eps": 0.04,
            "eps_growth_year": -89.19,
            "eps_4q": 0.74,
            "eps_4q_growth_year": -55.21,
            "roe": 0.41,
            "gross_profit": 63367,
            "gross_margin": 16.42,
            "net_income": 7183,
            "revenue": 385946,
            "common_shares": 1679635,
            "equity": 1747873,
            "current_ratio": 321.2,
            "debt_ratio": 28.04,
            "inventory_turnover_ratio": 2.54,
            "account_receivable_turnover_ratio": 0.72,
            "reinvestment_rate": -182.72,
            "research_to_sale_ratio": 0.25,
            "price_fair": 32.45,
            "eps_avg_yearly": 0.93,
            "eps_latest_yearly": 0.16,
            "eps_growth_yearly": 130.4
        },
        "20143": {
            "year_quarter": 20143,
            "year": 2014,
            "quarter": 3,
            "eps": 0.26,
            "eps_growth_year": 30,
            "eps_4q": 0.82,
            "eps_4q_growth_year": -48.81,
            "roe": 2.51,
            "gross_profit": 84177,
            "gross_margin": 18.8,
            "net_income": 44400,
            "revenue": 447781,
            "common_shares": 1684969,
            "equity": 1786918,
            "current_ratio": 313,
            "debt_ratio": 28.6,
            "inventory_turnover_ratio": 3.29,
            "account_receivable_turnover_ratio": 0.82,
            "reinvestment_rate": -158.2,
            "research_to_sale_ratio": 0.2,
            "price_fair": 32.78,
            "eps_avg_yearly": 0.94,
            "eps_latest_yearly": 1.04,
            "eps_growth_yearly": 302.87
        },
        "20144": {
            "year_quarter": 20144,
            "year": 2014,
            "quarter": 4,
            "eps": 0.35,
            "eps_growth_year": 2.57,
            "eps_4q": 0.82,
            "eps_4q_growth_year": -39.47,
            "roe": 3.22,
            "gross_profit": 87416,
            "gross_margin": 19.82,
            "net_income": 59360,
            "revenue": 441090,
            "common_shares": 1719362,
            "equity": 1902405,
            "current_ratio": 341.1,
            "debt_ratio": 26.24,
            "inventory_turnover_ratio": 3.19,
            "account_receivable_turnover_ratio": 0.74,
            "reinvestment_rate": -119.07,
            "research_to_sale_ratio": 0.25,
            "price_fair": 34.03,
            "eps_avg_yearly": 0.97,
            "eps_latest_yearly": 1.4,
            "eps_growth_yearly": 290.22
        },
        "20151": {
            "year_quarter": 20151,
            "year": 2015,
            "quarter": 1,
            "eps": 0.12,
            "eps_growth_year": -33.33,
            "eps_4q": 0.76,
            "eps_4q_growth_year": -28.5,
            "roe": 1.1,
            "gross_profit": 65560,
            "gross_margin": 17.02,
            "net_income": 21055,
            "revenue": 385230,
            "common_shares": 1737228,
            "equity": 1931576,
            "current_ratio": 368.85,
            "debt_ratio": 24.4,
            "inventory_turnover_ratio": 2.39,
            "account_receivable_turnover_ratio": 0.65,
            "reinvestment_rate": -114.52,
            "research_to_sale_ratio": 0.27,
            "price_fair": 32.8,
            "eps_avg_yearly": 0.94,
            "eps_latest_yearly": 0.48,
            "eps_growth_yearly": 250.72
        },
        "20152": {
            "year_quarter": 20152,
            "year": 2015,
            "quarter": 2,
            "eps": 0.02,
            "eps_growth_year": -50,
            "eps_4q": 0.73,
            "eps_4q_growth_year": -0.72,
            "roe": 0.15,
            "gross_profit": 61196,
            "gross_margin": 15.1,
            "net_income": 2794,
            "revenue": 405262,
            "common_shares": 1737228,
            "equity": 1868728,
            "current_ratio": 367.89,
            "debt_ratio": 25.33,
            "inventory_turnover_ratio": 2.68,
            "account_receivable_turnover_ratio": 0.73,
            "reinvestment_rate": -111.68,
            "research_to_sale_ratio": 0.26,
            "price_fair": 32.5,
            "eps_avg_yearly": 0.93,
            "eps_latest_yearly": 0.08,
            "eps_growth_yearly": 247.08
        },
        "20153": {
            "year_quarter": 20153,
            "year": 2015,
            "quarter": 3,
            "eps": 0.12,
            "eps_growth_year": -53.85,
            "eps_4q": 0.62,
            "eps_4q_growth_year": -23.87,
            "roe": 1.14,
            "gross_profit": 37587,
            "gross_margin": 12.66,
            "net_income": 21181,
            "revenue": 296837,
            "common_shares": 1737228,
            "equity": 1856413,
            "current_ratio": 453.09,
            "debt_ratio": 21.93,
            "inventory_turnover_ratio": 2.31,
            "account_receivable_turnover_ratio": 0.6,
            "reinvestment_rate": -109.97,
            "research_to_sale_ratio": 0.63,
            "price_fair": 33.5,
            "eps_avg_yearly": 0.96,
            "eps_latest_yearly": 0.48,
            "eps_growth_yearly": 407.08
        },
        "20154": {
            "year_quarter": 20154,
            "year": 2015,
            "quarter": 4,
            "eps": -0.08,
            "eps_growth_year": -124.48,
            "eps_4q": 0.19,
            "eps_4q_growth_year": -77.25,
            "roe": -0.76,
            "gross_profit": 21194,
            "gross_margin": 7.69,
            "net_income": -14041,
            "revenue": 275463,
            "common_shares": 1661228,
            "equity": 1825263,
            "current_ratio": 467.15,
            "debt_ratio": 21.12,
            "inventory_turnover_ratio": 2.36,
            "account_receivable_turnover_ratio": 0.68,
            "reinvestment_rate": -117.56,
            "research_to_sale_ratio": 0.75,
            "price_fair": 33.5,
            "eps_avg_yearly": 0.96,
            "eps_latest_yearly": 0.48,
            "eps_growth_yearly": 407.08
        },
        "20161": {
            "year_quarter": 20161,
            "year": 2016,
            "quarter": 1,
            "eps": -0.19,
            "eps_growth_year": -258.33,
            "eps_4q": -0.13,
            "eps_4q_growth_year": -117.5,
            "roe": -1.77,
            "gross_profit": 12354,
            "gross_margin": 4.56,
            "net_income": -32020,
            "revenue": 271096,
            "common_shares": 1661228,
            "equity": 1787951,
            "current_ratio": 458.12,
            "debt_ratio": 21.11,
            "inventory_turnover_ratio": 2.63,
            "account_receivable_turnover_ratio": 0.76,
            "reinvestment_rate": -121.25,
            "research_to_sale_ratio": 0.69,
            "price_fair": 33.5,
            "eps_avg_yearly": 0.96,
            "eps_latest_yearly": 0.48,
            "eps_growth_yearly": 407.08
        },
        "20162": {
            "year_quarter": 20162,
            "year": 2016,
            "quarter": 2,
            "eps": -0.02,
            "eps_growth_year": -200,
            "eps_4q": -0.17,
            "eps_4q_growth_year": -123.68,
            "roe": -0.23,
            "gross_profit": 29051,
            "gross_margin": 9.91,
            "net_income": -4019,
            "revenue": 293204,
            "common_shares": 1661228,
            "equity": 1777761,
            "current_ratio": 470.26,
            "debt_ratio": 20.66,
            "inventory_turnover_ratio": 2.91,
            "account_receivable_turnover_ratio": 0.85,
            "reinvestment_rate": -121.82,
            "research_to_sale_ratio": 0.64,
            "price_fair": 35.65,
            "eps_avg_yearly": 1.02,
            "eps_latest_yearly": 0.48,
            "eps_growth_yearly": 451.58
        },
        "20163": {
            "year_quarter": 20163,
            "year": 2016,
            "quarter": 3,
            "eps": -0.08,
            "eps_growth_year": -166.67,
            "eps_4q": -0.38,
            "eps_4q_growth_year": -160.78,
            "roe": -0.73,
            "gross_profit": 35731,
            "gross_margin": 10.92,
            "net_income": -12918,
            "revenue": 327348,
            "common_shares": 1661228,
            "equity": 1752119,
            "current_ratio": 397.39,
            "debt_ratio": 23.47,
            "inventory_turnover_ratio": 3.13,
            "account_receivable_turnover_ratio": 0.9,
            "reinvestment_rate": -136.95,
            "research_to_sale_ratio": 0.64,
            "price_fair": 35.58,
            "eps_avg_yearly": 1.02,
            "eps_latest_yearly": 0.48,
            "eps_growth_yearly": 305.87
        },
        "20164": {
            "year_quarter": 20164,
            "year": 2016,
            "quarter": 4,
            "eps": 0.13,
            "eps_growth_year": null,
            "eps_4q": -0.17,
            "eps_4q_growth_year": -188.94,
            "roe": 1.21,
            "gross_profit": 55019,
            "gross_margin": 16.83,
            "net_income": 21395,
            "revenue": 326894,
            "common_shares": 1661228,
            "equity": 1773480,
            "current_ratio": 420.44,
            "debt_ratio": 22.34,
            "inventory_turnover_ratio": 2.27,
            "account_receivable_turnover_ratio": 0.83,
            "reinvestment_rate": -165.99,
            "research_to_sale_ratio": 0.69,
            "price_fair": 31.44,
            "eps_avg_yearly": 0.9,
            "eps_latest_yearly": 0.48,
            "eps_growth_yearly": 288.92
        },
        "20171": {
            "year_quarter": 20171,
            "year": 2017,
            "quarter": 1,
            "eps": -0.09,
            "eps_growth_year": null,
            "eps_4q": -0.06,
            "eps_4q_growth_year": null,
            "roe": -0.85,
            "gross_profit": 40464,
            "gross_margin": 12.33,
            "net_income": -14949,
            "revenue": 328144,
            "common_shares": 1661228,
            "equity": 1736940,
            "current_ratio": 418.99,
            "debt_ratio": 21.96,
            "inventory_turnover_ratio": 2.12,
            "account_receivable_turnover_ratio": 0.8,
            "reinvestment_rate": -86.75,
            "research_to_sale_ratio": 0.51,
            "price_fair": 28,
            "eps_avg_yearly": 0.8,
            "eps_latest_yearly": 0.48,
            "eps_growth_yearly": 325.4
        },
        "20172": {
            "year_quarter": 20172,
            "year": 2017,
            "quarter": 2,
            "eps": -0.04,
            "eps_growth_year": null,
            "eps_4q": -0.08,
            "eps_4q_growth_year": null,
            "roe": -0.4,
            "gross_profit": 29780,
            "gross_margin": 11.17,
            "net_income": -6997,
            "revenue": 266489,
            "common_shares": 1661228,
            "equity": 1735781,
            "current_ratio": 396.85,
            "debt_ratio": 21.37,
            "inventory_turnover_ratio": 1.78,
            "account_receivable_turnover_ratio": 0.71,
            "reinvestment_rate": -99.38,
            "research_to_sale_ratio": 0.54,
            "price_fair": 25.36,
            "eps_avg_yearly": 0.72,
            "eps_latest_yearly": 0.48,
            "eps_growth_yearly": 371.02
        },
        "20173": {
            "year_quarter": 20173,
            "year": 2017,
            "quarter": 3,
            "eps": -0.18,
            "eps_growth_year": null,
            "eps_4q": -0.18,
            "eps_4q_growth_year": null,
            "roe": -1.73,
            "gross_profit": 13129,
            "gross_margin": 5.05,
            "net_income": -29772,
            "revenue": 259848,
            "common_shares": 1661228,
            "equity": 1709559,
            "current_ratio": 448.33,
            "debt_ratio": 19.35,
            "inventory_turnover_ratio": 1.91,
            "account_receivable_turnover_ratio": 0.8,
            "reinvestment_rate": -138.29,
            "research_to_sale_ratio": 0.53,
            "price_fair": 25.03,
            "eps_avg_yearly": 0.72,
            "eps_latest_yearly": 0.48,
            "eps_growth_yearly": 440.37
        },
        "20174": {
            "year_quarter": 20174,
            "year": 2017,
            "quarter": 4,
            "eps": -0.15,
            "eps_growth_year": -214.56,
            "eps_4q": -0.46,
            "eps_4q_growth_year": null,
            "roe": -1.44,
            "gross_profit": 20812,
            "gross_margin": 7.43,
            "net_income": -24510,
            "revenue": 280117,
            "common_shares": 1661228,
            "equity": 1683374,
            "current_ratio": 420.93,
            "debt_ratio": 20.09,
            "inventory_turnover_ratio": 2.08,
            "account_receivable_turnover_ratio": 0.86,
            "reinvestment_rate": -296.71,
            "research_to_sale_ratio": 0.58,
            "price_fair": 21.8,
            "eps_avg_yearly": 0.62,
            "eps_latest_yearly": 0.48,
            "eps_growth_yearly": 463.27
        },
        "20181": {
            "year_quarter": 20181,
            "year": 2018,
            "quarter": 1,
            "eps": -0.2,
            "eps_growth_year": null,
            "eps_4q": -0.57,
            "eps_4q_growth_year": null,
            "roe": -1.96,
            "gross_profit": 10096,
            "gross_margin": 3.83,
            "net_income": -32826,
            "revenue": 263466,
            "common_shares": 1661228,
            "equity": 1670772,
            "current_ratio": 430.1,
            "debt_ratio": 19.47,
            "inventory_turnover_ratio": 1.96,
            "account_receivable_turnover_ratio": 0.81,
            "reinvestment_rate": -3410.23,
            "research_to_sale_ratio": 0.54,
            "price_fair": 21.23,
            "eps_avg_yearly": 0.61,
            "eps_latest_yearly": 0.48,
            "eps_growth_yearly": 571.86
        },
        "20182": {
            "year_quarter": 20182,
            "year": 2018,
            "quarter": 2,
            "eps": -0.03,
            "eps_growth_year": null,
            "eps_4q": -0.55,
            "eps_4q_growth_year": null,
            "roe": -0.26,
            "gross_profit": -332,
            "gross_margin": -0.11,
            "net_income": -4374,
            "revenue": 292909,
            "common_shares": 1661228,
            "equity": 1669120,
            "current_ratio": 406.04,
            "debt_ratio": 26.34,
            "inventory_turnover_ratio": 2.24,
            "account_receivable_turnover_ratio": 0.86,
            "reinvestment_rate": null,
            "research_to_sale_ratio": 0.48,
            "price_fair": 24.36,
            "eps_avg_yearly": 0.7,
            "eps_latest_yearly": 0.48,
            "eps_growth_yearly": 748.45
        },
        "20183": {
            "year_quarter": 20183,
            "year": 2018,
            "quarter": 3,
            "eps": -0.13,
            "eps_growth_year": null,
            "eps_4q": -0.5,
            "eps_4q_growth_year": null,
            "roe": -1.35,
            "gross_profit": 9641,
            "gross_margin": 3.69,
            "net_income": -22365,
            "revenue": 261591,
            "common_shares": 1661228,
            "equity": 1638091,
            "current_ratio": 439.31,
            "debt_ratio": 24.94,
            "inventory_turnover_ratio": 2.01,
            "account_receivable_turnover_ratio": 0.73,
            "reinvestment_rate": null,
            "research_to_sale_ratio": 0.56,
            "price_fair": 21.35,
            "eps_avg_yearly": 0.61,
            "eps_latest_yearly": 0.48,
            "eps_growth_yearly": 385.57
        },
        "20184": {
            "year_quarter": 20184,
            "year": 2018,
            "quarter": 4,
            "eps": -0.25,
            "eps_growth_year": null,
            "eps_4q": -0.6,
            "eps_4q_growth_year": null,
            "roe": -2.62,
            "gross_profit": -6212,
            "gross_margin": -2.75,
            "net_income": -42455,
            "revenue": 225685,
            "common_shares": 1661228,
            "equity": 1596597,
            "current_ratio": 334.48,
            "debt_ratio": 35.15,
            "inventory_turnover_ratio": 2.04,
            "account_receivable_turnover_ratio": 0.69,
            "reinvestment_rate": null,
            "research_to_sale_ratio": 0.59,
            "price_fair": 12.13,
            "eps_avg_yearly": 0.35,
            "eps_latest_yearly": 0.48,
            "eps_growth_yearly": 467.94
        },
        "20191": {
            "year_quarter": 20191,
            "year": 2019,
            "quarter": 1,
            "eps": -0.11,
            "eps_growth_year": null,
            "eps_4q": -0.51,
            "eps_4q_growth_year": null,
            "roe": -1.17,
            "gross_profit": 20856,
            "gross_margin": 8.07,
            "net_income": -18559,
            "revenue": 258454,
            "common_shares": 1661228,
            "equity": 1583292,
            "current_ratio": 334.76,
            "debt_ratio": 35.04,
            "inventory_turnover_ratio": 2.16,
            "account_receivable_turnover_ratio": 0.85,
            "reinvestment_rate": null,
            "research_to_sale_ratio": 0.59,
            "price_fair": 9.8,
            "eps_avg_yearly": 0.28,
            "eps_latest_yearly": 0.48,
            "eps_growth_yearly": 833.33
        },
        "20192": {
            "year_quarter": 20192,
            "year": 2019,
            "quarter": 2,
            "eps": -0.18,
            "eps_growth_year": null,
            "eps_4q": -0.67,
            "eps_4q_growth_year": null,
            "roe": -1.95,
            "gross_profit": -4027,
            "gross_margin": -1.88,
            "net_income": -30563,
            "revenue": 213814,
            "common_shares": 1661228,
            "equity": 1550970,
            "current_ratio": 353.05,
            "debt_ratio": 34.2,
            "inventory_turnover_ratio": 1.93,
            "account_receivable_turnover_ratio": 0.72,
            "reinvestment_rate": null,
            "research_to_sale_ratio": 0.74,
            "price_fair": 16.8,
            "eps_avg_yearly": 0.48,
            "eps_latest_yearly": 0.48,
            "eps_growth_yearly": 2000
        },
        "20193": {
            "year_quarter": 20193,
            "year": 2019,
            "quarter": 3,
            "eps": -0.25,
            "eps_growth_year": null,
            "eps_4q": -0.78,
            "eps_4q_growth_year": null,
            "roe": -2.75,
            "gross_profit": 11258,
            "gross_margin": 4.67,
            "net_income": -42003,
            "revenue": 241190,
            "common_shares": 1661228,
            "equity": 1504024,
            "current_ratio": 446.23,
            "debt_ratio": 33.01,
            "inventory_turnover_ratio": 2.32,
            "account_receivable_turnover_ratio": 0.9,
            "reinvestment_rate": null,
            "research_to_sale_ratio": 0.71,
            "price_fair": 0,
            "eps_avg_yearly": 0,
            "eps_latest_yearly": 0,
            "eps_growth_yearly": 0
        },
        "20194": {
            "year_quarter": 20194,
            "year": 2019,
            "quarter": 4,
            "eps": -0.31,
            "eps_growth_year": null,
            "eps_4q": -0.84,
            "eps_4q_growth_year": null,
            "roe": -3.52,
            "gross_profit": -5801,
            "gross_margin": -3.3,
            "net_income": -51939,
            "revenue": 175841,
            "common_shares": 1661228,
            "equity": 1445121,
            "current_ratio": 434.66,
            "debt_ratio": 34.03,
            "inventory_turnover_ratio": 2.02,
            "account_receivable_turnover_ratio": 0.77,
            "reinvestment_rate": null,
            "research_to_sale_ratio": 1.13,
            "price_fair": 0,
            "eps_avg_yearly": 0,
            "eps_latest_yearly": 0,
            "eps_growth_yearly": 0
        },
        "20201": {
            "year_quarter": 20201,
            "year": 2020,
            "quarter": 1,
            "eps": -0.2,
            "eps_growth_year": null,
            "eps_4q": -0.93,
            "eps_4q_growth_year": null,
            "roe": -2.33,
            "gross_profit": -7243,
            "gross_margin": -4.01,
            "net_income": -33343,
            "revenue": 180678,
            "common_shares": 1661228,
            "equity": 1411005,
            "current_ratio": 409.71,
            "debt_ratio": 34.42,
            "inventory_turnover_ratio": 1.97,
            "account_receivable_turnover_ratio": 0.91,
            "reinvestment_rate": null,
            "research_to_sale_ratio": 0.99,
            "price_fair": 0,
            "eps_avg_yearly": 0,
            "eps_latest_yearly": 0,
            "eps_growth_yearly": 0
        },
        "20202": {
            "year_quarter": 20202,
            "year": 2020,
            "quarter": 2,
            "eps": 0.75,
            "eps_growth_year": null,
            "eps_4q": -0.01,
            "eps_4q_growth_year": null,
            "roe": 8.49,
            "gross_profit": -7905,
            "gross_margin": -5.24,
            "net_income": 123273,
            "revenue": 150975,
            "common_shares": 1661228,
            "equity": 1494129,
            "current_ratio": 440.12,
            "debt_ratio": 32.58,
            "inventory_turnover_ratio": 1.75,
            "account_receivable_turnover_ratio": 0.8,
            "reinvestment_rate": null,
            "research_to_sale_ratio": 1.28,
            "price_fair": 0,
            "eps_avg_yearly": 0,
            "eps_latest_yearly": 0,
            "eps_growth_yearly": 0
        },
        "20203": {
            "year_quarter": 20203,
            "year": 2020,
            "quarter": 3,
            "eps": -0.28,
            "eps_growth_year": null,
            "eps_4q": -0.03,
            "eps_4q_growth_year": null,
            "roe": -3.14,
            "gross_profit": -5627,
            "gross_margin": -3.54,
            "net_income": -46342,
            "revenue": 158959,
            "common_shares": 1661228,
            "equity": 1458157,
            "current_ratio": 428.94,
            "debt_ratio": 34.48,
            "inventory_turnover_ratio": 2.23,
            "account_receivable_turnover_ratio": 0.92,
            "reinvestment_rate": null,
            "research_to_sale_ratio": 1.8,
            "price_fair": 0,
            "eps_avg_yearly": 0,
            "eps_latest_yearly": 0,
            "eps_growth_yearly": 0
        },
        "20204": {
            "year_quarter": 20204,
            "year": 2020,
            "quarter": 4,
            "eps": -0.2,
            "eps_growth_year": null,
            "eps_4q": 0.08,
            "eps_4q_growth_year": null,
            "roe": -2.31,
            "gross_profit": -3835,
            "gross_margin": -2.49,
            "net_income": -33276,
            "revenue": 154211,
            "common_shares": 1661228,
            "equity": 1425543,
            "current_ratio": 424.78,
            "debt_ratio": 35.78,
            "inventory_turnover_ratio": 2,
            "account_receivable_turnover_ratio": 0.94,
            "reinvestment_rate": null,
            "research_to_sale_ratio": 1.8,
            "price_fair": 0,
            "eps_avg_yearly": 0,
            "eps_latest_yearly": 0,
            "eps_growth_yearly": 0
        },
        "20211": {
            "year_quarter": 20211,
            "year": 2021,
            "quarter": 1,
            "eps": -0.2,
            "eps_growth_year": null,
            "eps_4q": 0.07,
            "eps_4q_growth_year": null,
            "roe": -2.4,
            "gross_profit": -9544,
            "gross_margin": -5.83,
            "net_income": -33857,
            "revenue": 163807,
            "common_shares": 1661228,
            "equity": 1391731,
            "current_ratio": 392.71,
            "debt_ratio": 36.99,
            "inventory_turnover_ratio": 1.65,
            "account_receivable_turnover_ratio": 0.99,
            "reinvestment_rate": null,
            "research_to_sale_ratio": 1.34,
            "price_fair": 0,
            "eps_avg_yearly": 0,
            "eps_latest_yearly": 0,
            "eps_growth_yearly": 0
        },
        "20212": {
            "year_quarter": 20212,
            "year": 2021,
            "quarter": 2,
            "eps": -0.22,
            "eps_growth_year": -129.33,
            "eps_4q": -0.89,
            "eps_4q_growth_year": null,
            "roe": -2.68,
            "gross_profit": 260,
            "gross_margin": 0.14,
            "net_income": -36824,
            "revenue": 179662,
            "common_shares": 1661228,
            "equity": 1353932,
            "current_ratio": 466.3,
            "debt_ratio": 37.86,
            "inventory_turnover_ratio": 1.28,
            "account_receivable_turnover_ratio": 1.01,
            "reinvestment_rate": null,
            "research_to_sale_ratio": 2.01,
            "price_fair": 0,
            "eps_avg_yearly": 0,
            "eps_latest_yearly": 0,
            "eps_growth_yearly": 0
        },
        "20213": {
            "year_quarter": 20213,
            "year": 2021,
            "quarter": 3,
            "eps": -0.27,
            "eps_growth_year": null,
            "eps_4q": -0.88,
            "eps_4q_growth_year": null,
            "roe": -3.48,
            "gross_profit": -12983,
            "gross_margin": -7.89,
            "net_income": -46277,
            "revenue": 164506,
            "common_shares": 1661228,
            "equity": 1307629,
            "current_ratio": 256.7,
            "debt_ratio": 41.7,
            "inventory_turnover_ratio": 1.2,
            "account_receivable_turnover_ratio": 0.85,
            "reinvestment_rate": null,
            "research_to_sale_ratio": 2.13,
            "price_fair": 0,
            "eps_avg_yearly": 0,
            "eps_latest_yearly": 0,
            "eps_growth_yearly": 0
        },
        "20214": {
            "year_quarter": 20214,
            "year": 2021,
            "quarter": 4,
            "eps": 0.01,
            "eps_growth_year": null,
            "eps_4q": -0.67,
            "eps_4q_growth_year": -956.82,
            "roe": 0.71,
            "gross_profit": -8755,
            "gross_margin": -5.54,
            "net_income": 9376,
            "revenue": 157903,
            "common_shares": 1661228,
            "equity": 1317105,
            "current_ratio": 230.77,
            "debt_ratio": 37.38,
            "inventory_turnover_ratio": 1.27,
            "account_receivable_turnover_ratio": 0.86,
            "reinvestment_rate": null,
            "research_to_sale_ratio": 2.11,
            "price_fair": 0,
            "eps_avg_yearly": 0,
            "eps_latest_yearly": 0,
            "eps_growth_yearly": 0
        },
        "20221": {
            "year_quarter": 20221,
            "year": 2022,
            "quarter": 1,
            "eps": -0.19,
            "eps_growth_year": null,
            "eps_4q": -0.66,
            "eps_4q_growth_year": -985.38,
            "roe": -2.42,
            "gross_profit": -19625,
            "gross_margin": -15.73,
            "net_income": -31449,
            "revenue": 124789,
            "common_shares": 1661228,
            "equity": 1287214,
            "current_ratio": 234.37,
            "debt_ratio": 36.53,
            "inventory_turnover_ratio": 1.12,
            "account_receivable_turnover_ratio": 0.83,
            "reinvestment_rate": null,
            "research_to_sale_ratio": 2.38,
            "price_fair": 0,
            "eps_avg_yearly": 0,
            "eps_latest_yearly": 0,
            "eps_growth_yearly": 0
        },
        "20222": {
            "year_quarter": 20222,
            "year": 2022,
            "quarter": 2,
            "eps": -0.12,
            "eps_growth_year": null,
            "eps_4q": -0.57,
            "eps_4q_growth_year": null,
            "roe": -1.63,
            "gross_profit": -9295,
            "gross_margin": -6.88,
            "net_income": -20805,
            "revenue": 135182,
            "common_shares": 1661228,
            "equity": 1267785,
            "current_ratio": 241.22,
            "debt_ratio": 35.2,
            "inventory_turnover_ratio": 1.22,
            "account_receivable_turnover_ratio": 0.97,
            "reinvestment_rate": null,
            "research_to_sale_ratio": 2.18,
            "price_fair": 0,
            "eps_avg_yearly": 0,
            "eps_latest_yearly": 0,
            "eps_growth_yearly": 0
        },
        "20223": {
            "year_quarter": 20223,
            "year": 2022,
            "quarter": 3,
            "eps": -0.05,
            "eps_growth_year": null,
            "eps_4q": -0.35,
            "eps_4q_growth_year": null,
            "roe": -0.69,
            "gross_profit": -12323,
            "gross_margin": -9.78,
            "net_income": -8756,
            "revenue": 125977,
            "common_shares": 1661228,
            "equity": 1261904,
            "current_ratio": 242.54,
            "debt_ratio": 34.93,
            "inventory_turnover_ratio": 1.43,
            "account_receivable_turnover_ratio": 0.89,
            "reinvestment_rate": null,
            "research_to_sale_ratio": 2.51,
            "price_fair": 0,
            "eps_avg_yearly": 0,
            "eps_latest_yearly": 0,
            "eps_growth_yearly": 0
        },
        "20224": {
            "year_quarter": 20224,
            "year": 2022,
            "quarter": 4,
            "eps": -0.1,
            "eps_growth_year": -800.18,
            "eps_4q": -0.46,
            "eps_4q_growth_year": null,
            "roe": -0.59,
            "gross_profit": -26004,
            "gross_margin": -24.78,
            "net_income": -7334,
            "revenue": 104935,
            "common_shares": 1661228,
            "equity": 1234446,
            "current_ratio": 608.72,
            "debt_ratio": 15.62,
            "inventory_turnover_ratio": 1.54,
            "account_receivable_turnover_ratio": 0.85,
            "reinvestment_rate": null,
            "research_to_sale_ratio": 3.09,
            "price_fair": 0,
            "eps_avg_yearly": 0,
            "eps_latest_yearly": 0,
            "eps_growth_yearly": 0
        },
        "20231": {
            "year_quarter": 20231,
            "year": 2023,
            "quarter": 1,
            "eps": -0.12,
            "eps_growth_year": null,
            "eps_4q": -0.39,
            "eps_4q_growth_year": null,
            "roe": -1.58,
            "gross_profit": 1157,
            "gross_margin": 0.81,
            "net_income": -19350,
            "revenue": 143158,
            "common_shares": 1661228,
            "equity": 1214770,
            "current_ratio": 550.64,
            "debt_ratio": 16.56,
            "inventory_turnover_ratio": 1.6,
            "account_receivable_turnover_ratio": 1.2,
            "reinvestment_rate": null,
            "research_to_sale_ratio": 2.3,
            "price_fair": 0,
            "eps_avg_yearly": 0,
            "eps_latest_yearly": 0,
            "eps_growth_yearly": 0
        }
    },
    "months": {
        "2001-06": {
            "month": "2001-06",
            "price": "8.35",
            "revenue": 34615
        },
        "2001-07": {
            "month": "2001-07",
            "price": "6.82",
            "revenue": 54089
        },
        "2001-08": {
            "month": "2001-08",
            "price": "7.05",
            "revenue": 44624
        },
        "2001-09": {
            "month": "2001-09",
            "price": "6.00",
            "revenue": 38684
        },
        "2001-10": {
            "month": "2001-10",
            "price": "5.02",
            "revenue": 53119
        },
        "2001-11": {
            "month": "2001-11",
            "price": "5.37",
            "revenue": 64749
        },
        "2001-12": {
            "month": "2001-12",
            "price": "6.92",
            "revenue": 49765
        },
        "2002-01": {
            "month": "2002-01",
            "price": "15.25",
            "revenue": 40589
        },
        "2002-02": {
            "month": "2002-02",
            "price": "16.22",
            "revenue": 56378
        },
        "2002-03": {
            "month": "2002-03",
            "price": "16.80",
            "revenue": 55826
        },
        "2002-04": {
            "month": "2002-04",
            "price": "15.33",
            "revenue": 55085
        },
        "2002-05": {
            "month": "2002-05",
            "price": "13.49",
            "revenue": 45764
        },
        "2002-06": {
            "month": "2002-06",
            "price": "12.11",
            "revenue": 49484
        },
        "2002-07": {
            "month": "2002-07",
            "price": "10.68",
            "revenue": 68382
        },
        "2002-08": {
            "month": "2002-08",
            "price": "11.47",
            "revenue": 74341
        },
        "2002-09": {
            "month": "2002-09",
            "price": "12.96",
            "revenue": 80002
        },
        "2002-10": {
            "month": "2002-10",
            "price": "9.88",
            "revenue": 69598
        },
        "2002-11": {
            "month": "2002-11",
            "price": "9.52",
            "revenue": 51366
        },
        "2002-12": {
            "month": "2002-12",
            "price": "8.03",
            "revenue": 63218
        },
        "2003-01": {
            "month": "2003-01",
            "price": "8.28",
            "revenue": 74483
        },
        "2003-02": {
            "month": "2003-02",
            "price": "7.57",
            "revenue": 42527
        },
        "2003-03": {
            "month": "2003-03",
            "price": "7.27",
            "revenue": 64002
        },
        "2003-04": {
            "month": "2003-04",
            "price": "7.94",
            "revenue": 67270
        },
        "2003-05": {
            "month": "2003-05",
            "price": "8.47",
            "revenue": 51858
        },
        "2003-06": {
            "month": "2003-06",
            "price": "9.00",
            "revenue": 48778
        },
        "2003-07": {
            "month": "2003-07",
            "price": "8.87",
            "revenue": 38105
        },
        "2003-08": {
            "month": "2003-08",
            "price": "8.21",
            "revenue": 45317
        },
        "2003-09": {
            "month": "2003-09",
            "price": "7.70",
            "revenue": 48163
        },
        "2003-10": {
            "month": "2003-10",
            "price": "7.24",
            "revenue": 57907
        },
        "2003-11": {
            "month": "2003-11",
            "price": "7.52",
            "revenue": 58834
        },
        "2003-12": {
            "month": "2003-12",
            "price": "7.70",
            "revenue": 72885
        },
        "2004-01": {
            "month": "2004-01",
            "price": "7.69",
            "revenue": 52521
        },
        "2004-02": {
            "month": "2004-02",
            "price": "8.81",
            "revenue": 65081
        },
        "2004-03": {
            "month": "2004-03",
            "price": "8.87",
            "revenue": 87829
        },
        "2004-04": {
            "month": "2004-04",
            "price": "9.81",
            "revenue": 91193
        },
        "2004-05": {
            "month": "2004-05",
            "price": "8.57",
            "revenue": 90216
        },
        "2004-06": {
            "month": "2004-06",
            "price": "8.84",
            "revenue": 97217
        },
        "2004-07": {
            "month": "2004-07",
            "price": "8.72",
            "revenue": 68220
        },
        "2004-08": {
            "month": "2004-08",
            "price": "8.32",
            "revenue": 76141
        },
        "2004-09": {
            "month": "2004-09",
            "price": "8.34",
            "revenue": 86969
        },
        "2004-10": {
            "month": "2004-10",
            "price": "8.20",
            "revenue": 77014
        },
        "2004-11": {
            "month": "2004-11",
            "price": "8.11",
            "revenue": 84459
        },
        "2004-12": {
            "month": "2004-12",
            "price": "7.54",
            "revenue": 87497
        },
        "2005-01": {
            "month": "2005-01",
            "price": "6.50",
            "revenue": 82197
        },
        "2005-02": {
            "month": "2005-02",
            "price": "6.78",
            "revenue": 43547
        },
        "2005-03": {
            "month": "2005-03",
            "price": "6.87",
            "revenue": 91134
        },
        "2005-04": {
            "month": "2005-04",
            "price": "6.52",
            "revenue": 86611
        },
        "2005-05": {
            "month": "2005-05",
            "price": "5.86",
            "revenue": 97282
        },
        "2005-06": {
            "month": "2005-06",
            "price": "6.35",
            "revenue": 75571
        },
        "2005-07": {
            "month": "2005-07",
            "price": "6.78",
            "revenue": 67612
        },
        "2005-08": {
            "month": "2005-08",
            "price": "5.94",
            "revenue": 86728
        },
        "2005-09": {
            "month": "2005-09",
            "price": "5.54",
            "revenue": 85826
        },
        "2005-10": {
            "month": "2005-10",
            "price": "5.57",
            "revenue": 89555
        },
        "2005-11": {
            "month": "2005-11",
            "price": "5.76",
            "revenue": 119957
        },
        "2005-12": {
            "month": "2005-12",
            "price": "6.40",
            "revenue": 113996
        },
        "2006-01": {
            "month": "2006-01",
            "price": "6.73",
            "revenue": 90073
        },
        "2006-02": {
            "month": "2006-02",
            "price": "6.91",
            "revenue": 75711
        },
        "2006-03": {
            "month": "2006-03",
            "price": "8.20",
            "revenue": 115698
        },
        "2006-04": {
            "month": "2006-04",
            "price": "10.73",
            "revenue": 96545
        },
        "2006-05": {
            "month": "2006-05",
            "price": "13.63",
            "revenue": 107061
        },
        "2006-06": {
            "month": "2006-06",
            "price": "13.09",
            "revenue": 111750
        },
        "2006-07": {
            "month": "2006-07",
            "price": "12.07",
            "revenue": 103305
        },
        "2006-08": {
            "month": "2006-08",
            "price": "14.36",
            "revenue": 100839
        },
        "2006-09": {
            "month": "2006-09",
            "price": "13.47",
            "revenue": 91150
        },
        "2006-10": {
            "month": "2006-10",
            "price": "13.46",
            "revenue": 83724
        },
        "2006-11": {
            "month": "2006-11",
            "price": "13.62",
            "revenue": 86477
        },
        "2006-12": {
            "month": "2006-12",
            "price": "13.65",
            "revenue": 74764
        },
        "2007-01": {
            "month": "2007-01",
            "price": "17.89",
            "revenue": 99837
        },
        "2007-02": {
            "month": "2007-02",
            "price": "21.54",
            "revenue": 75176
        },
        "2007-03": {
            "month": "2007-03",
            "price": "21.52",
            "revenue": 88456
        },
        "2007-04": {
            "month": "2007-04",
            "price": "25.98",
            "revenue": 103605
        },
        "2007-05": {
            "month": "2007-05",
            "price": "26.40",
            "revenue": 104136
        },
        "2007-06": {
            "month": "2007-06",
            "price": "34.49",
            "revenue": 92375
        },
        "2007-07": {
            "month": "2007-07",
            "price": "44.85",
            "revenue": 107866
        },
        "2007-08": {
            "month": "2007-08",
            "price": "37.61",
            "revenue": 124760
        },
        "2007-09": {
            "month": "2007-09",
            "price": "30.72",
            "revenue": 109269
        },
        "2007-10": {
            "month": "2007-10",
            "price": "24.70",
            "revenue": 130088
        },
        "2007-11": {
            "month": "2007-11",
            "price": "18.53",
            "revenue": 119923
        },
        "2007-12": {
            "month": "2007-12",
            "price": "16.95",
            "revenue": 112793
        },
        "2008-01": {
            "month": "2008-01",
            "price": "13.21",
            "revenue": 110186
        },
        "2008-02": {
            "month": "2008-02",
            "price": "13.81",
            "revenue": 70124
        },
        "2008-03": {
            "month": "2008-03",
            "price": "13.84",
            "revenue": 90567
        },
        "2008-04": {
            "month": "2008-04",
            "price": "13.46",
            "revenue": 84286
        },
        "2008-05": {
            "month": "2008-05",
            "price": "14.73",
            "revenue": 83225
        },
        "2008-06": {
            "month": "2008-06",
            "price": "11.76",
            "revenue": 95551
        },
        "2008-07": {
            "month": "2008-07",
            "price": "8.22",
            "revenue": 95065
        },
        "2008-08": {
            "month": "2008-08",
            "price": "7.44",
            "revenue": 74049
        },
        "2008-09": {
            "month": "2008-09",
            "price": "5.89",
            "revenue": 70185
        },
        "2008-10": {
            "month": "2008-10",
            "price": "4.92",
            "revenue": 72329
        },
        "2008-11": {
            "month": "2008-11",
            "price": "4.81",
            "revenue": 50225
        },
        "2008-12": {
            "month": "2008-12",
            "price": "5.04",
            "revenue": 40988
        },
        "2009-01": {
            "month": "2009-01",
            "price": "6.16",
            "revenue": 40560
        },
        "2009-02": {
            "month": "2009-02",
            "price": "5.82",
            "revenue": 40189
        },
        "2009-03": {
            "month": "2009-03",
            "price": "6.67",
            "revenue": 47077
        },
        "2009-04": {
            "month": "2009-04",
            "price": "7.57",
            "revenue": 46008
        },
        "2009-05": {
            "month": "2009-05",
            "price": "10.08",
            "revenue": 40021
        },
        "2009-06": {
            "month": "2009-06",
            "price": "14.08",
            "revenue": 45428
        },
        "2009-07": {
            "month": "2009-07",
            "price": "15.59",
            "revenue": 55026
        },
        "2009-08": {
            "month": "2009-08",
            "price": "17.50",
            "revenue": 42145
        },
        "2009-09": {
            "month": "2009-09",
            "price": "17.16",
            "revenue": 55683
        },
        "2009-10": {
            "month": "2009-10",
            "price": "16.37",
            "revenue": 55581
        },
        "2009-11": {
            "month": "2009-11",
            "price": "15.17",
            "revenue": 51622
        },
        "2009-12": {
            "month": "2009-12",
            "price": "15.72",
            "revenue": 47898
        },
        "2010-01": {
            "month": "2010-01",
            "price": "22.08",
            "revenue": 48540
        },
        "2010-02": {
            "month": "2010-02",
            "price": "22.44",
            "revenue": 41648
        },
        "2010-03": {
            "month": "2010-03",
            "price": "26.44",
            "revenue": 83549
        },
        "2010-04": {
            "month": "2010-04",
            "price": "26.95",
            "revenue": 75002
        },
        "2010-05": {
            "month": "2010-05",
            "price": "21.98",
            "revenue": 69530
        },
        "2010-06": {
            "month": "2010-06",
            "price": "20.37",
            "revenue": 105657
        },
        "2010-07": {
            "month": "2010-07",
            "price": "23.87",
            "revenue": 109013
        },
        "2010-08": {
            "month": "2010-08",
            "price": "21.94",
            "revenue": 110338
        },
        "2010-09": {
            "month": "2010-09",
            "price": "19.24",
            "revenue": 84799
        },
        "2010-10": {
            "month": "2010-10",
            "price": "16.69",
            "revenue": 73130
        },
        "2010-11": {
            "month": "2010-11",
            "price": "13.91",
            "revenue": 70190
        },
        "2010-12": {
            "month": "2010-12",
            "price": "15.09",
            "revenue": 64096
        },
        "2011-01": {
            "month": "2011-01",
            "price": "14.66",
            "revenue": 84452
        },
        "2011-02": {
            "month": "2011-02",
            "price": "14.68",
            "revenue": 76034
        },
        "2011-03": {
            "month": "2011-03",
            "price": "14.42",
            "revenue": 104628
        },
        "2011-04": {
            "month": "2011-04",
            "price": "14.83",
            "revenue": 84095
        },
        "2011-05": {
            "month": "2011-05",
            "price": "17.75",
            "revenue": 74617
        },
        "2011-06": {
            "month": "2011-06",
            "price": "18.46",
            "revenue": 80031
        },
        "2011-07": {
            "month": "2011-07",
            "price": "12.41",
            "revenue": 87001
        },
        "2011-08": {
            "month": "2011-08",
            "price": "10.54",
            "revenue": 80888
        },
        "2011-09": {
            "month": "2011-09",
            "price": "10.60",
            "revenue": 65201
        },
        "2011-10": {
            "month": "2011-10",
            "price": "8.90",
            "revenue": 54792
        },
        "2011-11": {
            "month": "2011-11",
            "price": "7.95",
            "revenue": 71051
        },
        "2011-12": {
            "month": "2011-12",
            "price": "7.03",
            "revenue": 102043
        },
        "2012-01": {
            "month": "2012-01",
            "price": "7.09",
            "revenue": 77404
        },
        "2012-02": {
            "month": "2012-02",
            "price": "8.97",
            "revenue": 83321
        },
        "2012-03": {
            "month": "2012-03",
            "price": "8.25",
            "revenue": 91542
        },
        "2012-04": {
            "month": "2012-04",
            "price": "7.31",
            "revenue": 84401
        },
        "2012-05": {
            "month": "2012-05",
            "price": "6.93",
            "revenue": 80501
        },
        "2012-06": {
            "month": "2012-06",
            "price": "6.72",
            "revenue": 102622
        },
        "2012-07": {
            "month": "2012-07",
            "price": "7.01",
            "revenue": 96520
        },
        "2012-08": {
            "month": "2012-08",
            "price": "7.37",
            "revenue": 109030
        },
        "2012-09": {
            "month": "2012-09",
            "price": "7.79",
            "revenue": 117895
        },
        "2012-10": {
            "month": "2012-10",
            "price": "8.68",
            "revenue": 110903
        },
        "2012-11": {
            "month": "2012-11",
            "price": "8.25",
            "revenue": 135619
        },
        "2012-12": {
            "month": "2012-12",
            "price": "9.71",
            "revenue": 151495
        },
        "2013-01": {
            "month": "2013-01",
            "price": "10.65",
            "revenue": 154445
        },
        "2013-02": {
            "month": "2013-02",
            "price": "10.94",
            "revenue": 111596
        },
        "2013-03": {
            "month": "2013-03",
            "price": "12.08",
            "revenue": 146241
        },
        "2013-04": {
            "month": "2013-04",
            "price": "15.54",
            "revenue": 120728
        },
        "2013-05": {
            "month": "2013-05",
            "price": "15.59",
            "revenue": 124248
        },
        "2013-06": {
            "month": "2013-06",
            "price": "14.97",
            "revenue": 131969
        },
        "2013-07": {
            "month": "2013-07",
            "price": "15.05",
            "revenue": 139942
        },
        "2013-08": {
            "month": "2013-08",
            "price": "15.49",
            "revenue": 152630
        },
        "2013-09": {
            "month": "2013-09",
            "price": "15.24",
            "revenue": 130494
        },
        "2013-10": {
            "month": "2013-10",
            "price": "15.30",
            "revenue": 140356
        },
        "2013-11": {
            "month": "2013-11",
            "price": "13.55",
            "revenue": 136835
        },
        "2013-12": {
            "month": "2013-12",
            "price": "13.45",
            "revenue": 143718
        },
        "2014-01": {
            "month": "2014-01",
            "price": "14.32",
            "revenue": 138892
        },
        "2014-02": {
            "month": "2014-02",
            "price": "13.51",
            "revenue": 101321
        },
        "2014-03": {
            "month": "2014-03",
            "price": "13.01",
            "revenue": 143218
        },
        "2014-04": {
            "month": "2014-04",
            "price": "13.55",
            "revenue": 125001
        },
        "2014-05": {
            "month": "2014-05",
            "price": "13.01",
            "revenue": 143740
        },
        "2014-06": {
            "month": "2014-06",
            "price": "12.66",
            "revenue": 114793
        },
        "2014-07": {
            "month": "2014-07",
            "price": "11.59",
            "revenue": 138983
        },
        "2014-08": {
            "month": "2014-08",
            "price": "10.10",
            "revenue": 144929
        },
        "2014-09": {
            "month": "2014-09",
            "price": "10.27",
            "revenue": 166281
        },
        "2014-10": {
            "month": "2014-10",
            "price": "9.44",
            "revenue": 130333
        },
        "2014-11": {
            "month": "2014-11",
            "price": "9.33",
            "revenue": 153454
        },
        "2014-12": {
            "month": "2014-12",
            "price": "10.04",
            "revenue": 157304
        },
        "2015-01": {
            "month": "2015-01",
            "price": "10.13",
            "revenue": 158474
        },
        "2015-02": {
            "month": "2015-02",
            "price": "9.98",
            "revenue": 97033
        },
        "2015-03": {
            "month": "2015-03",
            "price": "10.16",
            "revenue": 129723
        },
        "2015-04": {
            "month": "2015-04",
            "price": "9.76",
            "revenue": 160806
        },
        "2015-05": {
            "month": "2015-05",
            "price": "9.13",
            "revenue": 133262
        },
        "2015-06": {
            "month": "2015-06",
            "price": "8.05",
            "revenue": 110978
        },
        "2015-07": {
            "month": "2015-07",
            "price": "7.36",
            "revenue": 102472
        },
        "2015-08": {
            "month": "2015-08",
            "price": "6.77",
            "revenue": 94511
        },
        "2015-09": {
            "month": "2015-09",
            "price": "7.42",
            "revenue": 100069
        },
        "2015-10": {
            "month": "2015-10",
            "price": "7.25",
            "revenue": 90269
        },
        "2015-11": {
            "month": "2015-11",
            "price": "6.83",
            "revenue": 92636
        },
        "2015-12": {
            "month": "2015-12",
            "price": "6.72",
            "revenue": 92559
        },
        "2016-01": {
            "month": "2016-01",
            "price": "6.36",
            "revenue": 119804
        },
        "2016-02": {
            "month": "2016-02",
            "price": "6.28",
            "revenue": 46396
        },
        "2016-03": {
            "month": "2016-03",
            "price": "6.40",
            "revenue": 104896
        },
        "2016-04": {
            "month": "2016-04",
            "price": "6.00",
            "revenue": 91217
        },
        "2016-05": {
            "month": "2016-05",
            "price": "5.21",
            "revenue": 82690
        },
        "2016-06": {
            "month": "2016-06",
            "price": "5.28",
            "revenue": 119422
        },
        "2016-07": {
            "month": "2016-07",
            "price": "5.83",
            "revenue": 107966
        },
        "2016-08": {
            "month": "2016-08",
            "price": "5.86",
            "revenue": 112017
        },
        "2016-09": {
            "month": "2016-09",
            "price": "6.14",
            "revenue": 107239
        },
        "2016-10": {
            "month": "2016-10",
            "price": "6.72",
            "revenue": 86927
        },
        "2016-11": {
            "month": "2016-11",
            "price": "6.62",
            "revenue": 108930
        },
        "2016-12": {
            "month": "2016-12",
            "price": "6.66",
            "revenue": 131038
        },
        "2017-01": {
            "month": "2017-01",
            "price": "7.10",
            "revenue": 127175
        },
        "2017-02": {
            "month": "2017-02",
            "price": "7.98",
            "revenue": 82481
        },
        "2017-03": {
            "month": "2017-03",
            "price": "7.79",
            "revenue": 118488
        },
        "2017-04": {
            "month": "2017-04",
            "price": "7.31",
            "revenue": 101454
        },
        "2017-05": {
            "month": "2017-05",
            "price": "7.23",
            "revenue": 86681
        },
        "2017-06": {
            "month": "2017-06",
            "price": "7.22",
            "revenue": 78354
        },
        "2017-07": {
            "month": "2017-07",
            "price": "7.01",
            "revenue": 93273
        },
        "2017-08": {
            "month": "2017-08",
            "price": "7.26",
            "revenue": 84375
        },
        "2017-09": {
            "month": "2017-09",
            "price": "7.73",
            "revenue": 82230
        },
        "2017-10": {
            "month": "2017-10",
            "price": "7.91",
            "revenue": 85491
        },
        "2017-11": {
            "month": "2017-11",
            "price": "7.92",
            "revenue": 102441
        },
        "2017-12": {
            "month": "2017-12",
            "price": "7.54",
            "revenue": 92216
        },
        "2018-01": {
            "month": "2018-01",
            "price": "7.74",
            "revenue": 109489
        },
        "2018-02": {
            "month": "2018-02",
            "price": "7.33",
            "revenue": 69906
        },
        "2018-03": {
            "month": "2018-03",
            "price": "7.32",
            "revenue": 84072
        },
        "2018-04": {
            "month": "2018-04",
            "price": "7.17",
            "revenue": 94030
        },
        "2018-05": {
            "month": "2018-05",
            "price": "7.15",
            "revenue": 102870
        },
        "2018-06": {
            "month": "2018-06",
            "price": "8.09",
            "revenue": 96008
        },
        "2018-07": {
            "month": "2018-07",
            "price": "8.02",
            "revenue": 97393
        },
        "2018-08": {
            "month": "2018-08",
            "price": "7.37",
            "revenue": 88951
        },
        "2018-09": {
            "month": "2018-09",
            "price": "6.18",
            "revenue": 75246
        },
        "2018-10": {
            "month": "2018-10",
            "price": "4.82",
            "revenue": 65469
        },
        "2018-11": {
            "month": "2018-11",
            "price": "4.63",
            "revenue": 74361
        },
        "2018-12": {
            "month": "2018-12",
            "price": "4.70",
            "revenue": 85855
        },
        "2019-01": {
            "month": "2019-01",
            "price": "4.59",
            "revenue": 99204
        },
        "2019-02": {
            "month": "2019-02",
            "price": "4.83",
            "revenue": 59113
        },
        "2019-03": {
            "month": "2019-03",
            "price": "5.02",
            "revenue": 100137
        },
        "2019-04": {
            "month": "2019-04",
            "price": "5.11",
            "revenue": 75273
        },
        "2019-05": {
            "month": "2019-05",
            "price": "5.08",
            "revenue": 76205
        },
        "2019-06": {
            "month": "2019-06",
            "price": "5.00",
            "revenue": 62336
        },
        "2019-07": {
            "month": "2019-07",
            "price": "5.01",
            "revenue": 81822
        },
        "2019-08": {
            "month": "2019-08",
            "price": "5.03",
            "revenue": 83647
        },
        "2019-09": {
            "month": "2019-09",
            "price": "5.16",
            "revenue": 75721
        },
        "2019-10": {
            "month": "2019-10",
            "price": "5.08",
            "revenue": 61451
        },
        "2019-11": {
            "month": "2019-11",
            "price": "4.82",
            "revenue": 57594
        },
        "2019-12": {
            "month": "2019-12",
            "price": "4.74",
            "revenue": 56796
        },
        "2020-01": {
            "month": "2020-01",
            "price": "4.84",
            "revenue": 63498
        },
        "2020-02": {
            "month": "2020-02",
            "price": "4.73",
            "revenue": 59742
        },
        "2020-03": {
            "month": "2020-03",
            "price": "4.05",
            "revenue": 57438
        },
        "2020-04": {
            "month": "2020-04",
            "price": "4.46",
            "revenue": 65144
        },
        "2020-05": {
            "month": "2020-05",
            "price": "4.43",
            "revenue": 47255
        },
        "2020-06": {
            "month": "2020-06",
            "price": "4.22",
            "revenue": 43042
        },
        "2020-07": {
            "month": "2020-07",
            "price": "4.96",
            "revenue": 49037
        },
        "2020-08": {
            "month": "2020-08",
            "price": "5.48",
            "revenue": 54257
        },
        "2020-09": {
            "month": "2020-09",
            "price": "6.79",
            "revenue": 51206
        },
        "2020-10": {
            "month": "2020-10",
            "price": "6.32",
            "revenue": 46335
        },
        "2020-11": {
            "month": "2020-11",
            "price": "6.11",
            "revenue": 50440
        },
        "2020-12": {
            "month": "2020-12",
            "price": "6.76",
            "revenue": 57457
        },
        "2021-01": {
            "month": "2021-01",
            "price": "6.68",
            "revenue": 59717
        },
        "2021-02": {
            "month": "2021-02",
            "price": "6.45",
            "revenue": 43852
        },
        "2021-03": {
            "month": "2021-03",
            "price": "7.04",
            "revenue": 60239
        },
        "2021-04": {
            "month": "2021-04",
            "price": "9.09",
            "revenue": 52276
        },
        "2021-05": {
            "month": "2021-05",
            "price": "7.33",
            "revenue": 67440
        },
        "2021-06": {
            "month": "2021-06",
            "price": "7.21",
            "revenue": 59946
        },
        "2021-07": {
            "month": "2021-07",
            "price": "8.36",
            "revenue": 67655
        },
        "2021-08": {
            "month": "2021-08",
            "price": "7.40",
            "revenue": 46836
        },
        "2021-09": {
            "month": "2021-09",
            "price": "6.68",
            "revenue": 50014
        },
        "2021-10": {
            "month": "2021-10",
            "price": "6.74",
            "revenue": 54670
        },
        "2021-11": {
            "month": "2021-11",
            "price": "6.59",
            "revenue": 52991
        },
        "2021-12": {
            "month": "2021-12",
            "price": "7.09",
            "revenue": 53298
        },
        "2022-01": {
            "month": "2022-01",
            "price": "6.91",
            "revenue": 47919
        },
        "2022-02": {
            "month": "2022-02",
            "price": "6.81",
            "revenue": 34140
        },
        "2022-03": {
            "month": "2022-03",
            "price": "6.56",
            "revenue": 42729
        },
        "2022-04": {
            "month": "2022-04",
            "price": "6.47",
            "revenue": 55409
        },
        "2022-05": {
            "month": "2022-05",
            "price": "6.14",
            "revenue": 43534
        },
        "2022-06": {
            "month": "2022-06",
            "price": "6.23",
            "revenue": 36864
        },
        "2022-07": {
            "month": "2022-07",
            "price": "5.85",
            "revenue": 42127
        },
        "2022-08": {
            "month": "2022-08",
            "price": "6.04",
            "revenue": 40580
        },
        "2022-09": {
            "month": "2022-09",
            "price": "6.44",
            "revenue": 42645
        },
        "2022-10": {
            "month": "2022-10",
            "price": "5.71",
            "revenue": 41968
        },
        "2022-11": {
            "month": "2022-11",
            "price": "5.89",
            "revenue": 31073
        },
        "2022-12": {
            "month": "2022-12",
            "price": "6.26",
            "revenue": 31894
        },
        "2023-01": {
            "month": "2023-01",
            "price": "6.16",
            "revenue": 52722
        },
        "2023-02": {
            "month": "2023-02",
            "price": "6.53",
            "revenue": 39961
        },
        "2023-03": {
            "month": "2023-03",
            "price": "6.99",
            "revenue": 50473
        },
        "2023-04": {
            "month": "2023-04",
            "price": "7.77",
            "revenue": 52323
        }
    }
}
