{
    "summary": {
        "stock_name": "協益",
        "stock_id": "5356",
        "category": "電腦及週邊設備",
        "main_business": "雷射印表機碳粉匣、給皂器、汽車音響用面板之製造、塑膠鋼模<br>電子基板之裝著加工與組裝測試、電腦週邊產品、電子",
        "website_url": "http://www.sirtec.com.tw",
        "ceo": "王自軍",
        "pe_ratio": 62,
        "report_year_from": 2001,
        "report_year_to": 2023,
        "age": 22,
        "eps_negative_percentage": 9,
        "eps_growth_avg": {
            "last_all": 1.93,
            "last_2y": -45.72,
            "last_4y": -24.79,
            "last_8y": -11.21,
            "last_12y": -1.48,
            "last_16y": 4.63,
            "last_20y": 1.93,
            "at_2006_last_3y": -36.92,
            "at_2007_last_3y": -27.57,
            "at_2008_last_3y": -13.97,
            "at_2009_last_3y": 22.96,
            "at_2010_last_3y": 50.98,
            "at_2011_last_3y": 44.92,
            "at_2012_last_3y": 38.14,
            "at_2013_last_3y": 18,
            "at_2014_last_3y": 15.04,
            "at_2015_last_3y": 5.64,
            "at_2016_last_3y": 11.51,
            "at_2017_last_3y": 2.37,
            "at_2018_last_3y": -34.62,
            "at_2019_last_3y": -6.15,
            "at_2020_last_3y": -4.07,
            "at_2021_last_3y": -24.79,
            "at_2022_last_3y": -13.13,
            "at_2023_last_3y": -13.13,
            "at_2006_last_all": -9.54,
            "at_2007_last_all": -7.95,
            "at_2008_last_all": -6.25,
            "at_2009_last_all": 7.03,
            "at_2010_last_all": 17.36,
            "at_2011_last_all": 13.2,
            "at_2012_last_all": 9.89,
            "at_2013_last_all": 10.69,
            "at_2014_last_all": 16.64,
            "at_2015_last_all": 11.04,
            "at_2016_last_all": 10.32,
            "at_2017_last_all": 8.61,
            "at_2018_last_all": 4.58,
            "at_2019_last_all": 7.22,
            "at_2020_last_all": 7.29,
            "at_2021_last_all": 1.93,
            "at_2022_last_all": 1.93,
            "at_2023_last_all": 1.93
        },
        "latest_eps": 0.49,
        "latest_price": 30.5,
        "latest_roe": 1.05,
        "latest_gross_margin": 6.6,
        "latest_equity": 4409569,
        "latest_revenue": 775494,
        "latest_gross_profit": 51177,
        "latest_net_income": 75195,
        "latest_debt_ratio": 24.65,
        "latest_current_ratio": 346.06,
        "latest_account_receivable_turnover_ratio": 1.19,
        "latest_inventory_turnover_ratio": 1.07,
        "latest_reinvestment_rate": 114.31,
        "latest_research_to_sale_ratio": 0.02
    },
    "eps_dividends": {
        "1997": {
            "cash": 0,
            "stock": 1,
            "eps": 0
        },
        "1998": {
            "cash": 0,
            "stock": 1,
            "eps": 0
        },
        "1999": {
            "cash": 0,
            "stock": 2,
            "eps": 0
        },
        "2000": {
            "cash": 0,
            "stock": 2,
            "eps": 0
        },
        "2001": {
            "cash": 0,
            "stock": 1,
            "eps": 1.28
        },
        "2002": {
            "cash": 0,
            "stock": 1,
            "eps": 3.58
        },
        "2003": {
            "cash": 0.5,
            "stock": 1,
            "eps": 2.24
        },
        "2004": {
            "cash": 0,
            "stock": 1,
            "eps": 1.11
        },
        "2005": {
            "cash": 0,
            "stock": 0.5,
            "eps": 0.58
        },
        "2006": {
            "cash": 0.2,
            "stock": 0,
            "eps": 0.51
        },
        "2007": {
            "cash": 0.2,
            "stock": 0,
            "eps": 0.51
        },
        "2008": {
            "cash": 0.15,
            "stock": 0,
            "eps": 0.53
        },
        "2009": {
            "cash": 0.1,
            "stock": 0,
            "eps": 2.55
        },
        "2010": {
            "cash": 1,
            "stock": 0,
            "eps": 8.75
        },
        "2011": {
            "cash": 5,
            "stock": 0,
            "eps": 6.63
        },
        "2012": {
            "cash": 4.5,
            "stock": 0,
            "eps": 5.09
        },
        "2013": {
            "cash": 4,
            "stock": 0,
            "eps": 6.08
        },
        "2014": {
            "cash": 3.6,
            "stock": 0,
            "eps": 11.44
        },
        "2015": {
            "cash": 5.5,
            "stock": 0,
            "eps": 4.37
        },
        "2016": {
            "cash": 4,
            "stock": 0,
            "eps": 4.38
        },
        "2017": {
            "cash": 4,
            "stock": 0,
            "eps": 3.63
        },
        "2018": {
            "cash": 2,
            "stock": 0,
            "eps": 1.46
        },
        "2019": {
            "cash": 2,
            "stock": 0,
            "eps": 2.22
        },
        "2020": {
            "cash": 2.2,
            "stock": 0,
            "eps": 2.41
        },
        "2021": {
            "cash": 2.2,
            "stock": 0,
            "eps": -0.28
        },
        "2022": {
            "cash": 1.3,
            "stock": 0,
            "eps": -0.59
        },
        "2023": {
            "cash": 1.5,
            "stock": 0,
            "eps": 0.78
        }
    },
    "dividends": {
        "1997-05-08": {
            "cash": 0,
            "stock": 1
        },
        "1998-04-20": {
            "cash": 0,
            "stock": 1
        },
        "1999-03-29": {
            "cash": 0,
            "stock": 2
        },
        "2000-06-09": {
            "cash": 0,
            "stock": 2
        },
        "2001-06-01": {
            "cash": 0,
            "stock": 1
        },
        "2002-05-30": {
            "cash": 0,
            "stock": 1
        },
        "2003-06-06": {
            "cash": 0.5,
            "stock": 1
        },
        "2004-03-08": {
            "cash": 0,
            "stock": 1
        },
        "2005-03-21": {
            "cash": 0,
            "stock": 0.5
        },
        "2006-03-21": {
            "cash": 0.2,
            "stock": 0
        },
        "2007-03-14": {
            "cash": 0.2,
            "stock": 0
        },
        "2008-03-24": {
            "cash": 0.15,
            "stock": 0
        },
        "2009-03-25": {
            "cash": 0.1,
            "stock": 0
        },
        "2010-04-28": {
            "cash": 1,
            "stock": 0
        },
        "2011-04-07": {
            "cash": 5,
            "stock": 0
        },
        "2012-06-12": {
            "cash": 4.5,
            "stock": 0
        },
        "2013-06-13": {
            "cash": 4,
            "stock": 0
        },
        "2014-06-17": {
            "cash": 3.6,
            "stock": 0
        },
        "2015-09-14": {
            "cash": 5.5,
            "stock": 0
        },
        "2016-08-01": {
            "cash": 4,
            "stock": 0
        },
        "2017-08-01": {
            "cash": 4,
            "stock": 0
        },
        "2018-07-19": {
            "cash": 2,
            "stock": 0
        },
        "2019-05-06": {
            "cash": 2,
            "stock": 0
        },
        "2020-07-28": {
            "cash": 2.2,
            "stock": 0
        },
        "2021-07-28": {
            "cash": 2.2,
            "stock": 0
        },
        "2022-08-04": {
            "cash": 1.3,
            "stock": 0
        },
        "2023-05-02": {
            "cash": 1.5,
            "stock": 0
        }
    },
    "prices": {
        "200101": "20.45",
        "200102": "23.71",
        "200103": "24.33",
        "200104": "26.19",
        "200105": "20.85",
        "200106": "21.48",
        "200107": "17.60",
        "200108": "15.68",
        "200109": "12.96",
        "200110": "12.15",
        "200111": "13.45",
        "200112": "17.13",
        "200201": "19.95",
        "200202": "28.65",
        "200203": "37.55",
        "200204": "50.43",
        "200205": "47.79",
        "200206": "43.16",
        "200207": "35.75",
        "200208": "40.59",
        "200209": "39.12",
        "200210": "33.08",
        "200211": "32.12",
        "200212": "26.37",
        "200301": "23.98",
        "200302": "23.51",
        "200303": "26.18",
        "200304": "27.70",
        "200305": "24.55",
        "200306": "24.94",
        "200307": "22.53",
        "200308": "20.31",
        "200309": "21.89",
        "200310": "23.29",
        "200311": "23.31",
        "200312": "23.77",
        "200401": "23.92",
        "200402": "22.71",
        "200403": "21.56",
        "200404": "21.68",
        "200405": "20.16",
        "200406": "18.17",
        "200407": "14.77",
        "200408": "12.98",
        "200409": "12.10",
        "200410": "11.67",
        "200411": "10.67",
        "200412": "9.57",
        "200501": "9.09",
        "200502": "9.87",
        "200503": "10.11",
        "200504": "8.93",
        "200505": "8.25",
        "200506": "9.01",
        "200507": "10.13",
        "200508": "8.68",
        "200509": "8.30",
        "200510": "7.99",
        "200511": "7.50",
        "200512": "8.53",
        "200601": "8.76",
        "200602": "7.93",
        "200603": "7.59",
        "200604": "7.82",
        "200605": "8.58",
        "200606": "7.38",
        "200607": "7.00",
        "200608": "6.86",
        "200609": "6.86",
        "200610": "7.32",
        "200611": "8.06",
        "200612": "9.83",
        "200701": "13.18",
        "200702": "11.55",
        "200703": "12.28",
        "200704": "12.61",
        "200705": "11.95",
        "200706": "16.44",
        "200707": "16.40",
        "200708": "13.52",
        "200709": "12.81",
        "200710": "12.44",
        "200711": "9.97",
        "200712": "9.55",
        "200801": "8.64",
        "200802": "8.38",
        "200803": "9.54",
        "200804": "9.94",
        "200805": "9.92",
        "200806": "9.38",
        "200807": "7.68",
        "200808": "7.68",
        "200809": "6.42",
        "200810": "5.10",
        "200811": "4.46",
        "200812": "4.50",
        "200901": "4.72",
        "200902": "4.94",
        "200903": "5.61",
        "200904": "6.58",
        "200905": "7.40",
        "200906": "7.83",
        "200907": "8.57",
        "200908": "8.91",
        "200909": "10.44",
        "200910": "10.90",
        "200911": "11.05",
        "200912": "12.14",
        "201001": "12.52",
        "201002": "10.52",
        "201003": "13.14",
        "201004": "23.34",
        "201005": "28.90",
        "201006": "32.31",
        "201007": "31.37",
        "201008": "38.72",
        "201009": "42.81",
        "201010": "43.04",
        "201011": "46.71",
        "201012": "55.02",
        "201101": "61.78",
        "201102": "57.45",
        "201103": "58.46",
        "201104": "60.05",
        "201105": "58.18",
        "201106": "54.61",
        "201107": "50.79",
        "201108": "42.34",
        "201109": "43.67",
        "201110": "41.32",
        "201111": "36.59",
        "201112": "31.86",
        "201201": "35.22",
        "201202": "41.44",
        "201203": "43.93",
        "201204": "42.90",
        "201205": "40.75",
        "201206": "40.93",
        "201207": "37.67",
        "201208": "36.21",
        "201209": "34.72",
        "201210": "33.70",
        "201211": "33.29",
        "201212": "35.44",
        "201301": "35.87",
        "201302": "36.44",
        "201303": "38.41",
        "201304": "42.86",
        "201305": "45.83",
        "201306": "48.57",
        "201307": "49.75",
        "201308": "56.56",
        "201309": "55.61",
        "201310": "56.49",
        "201311": "55.20",
        "201312": "55.55",
        "201401": "57.07",
        "201402": "59.26",
        "201403": "60.30",
        "201404": "57.68",
        "201405": "55.63",
        "201406": "57.66",
        "201407": "65.20",
        "201408": "63.37",
        "201409": "63.95",
        "201410": "62.80",
        "201411": "64.28",
        "201412": "64.50",
        "201501": "66.19",
        "201502": "66.37",
        "201503": "68.97",
        "201504": "66.64",
        "201505": "61.96",
        "201506": "58.35",
        "201507": "54.60",
        "201508": "44.01",
        "201509": "43.19",
        "201510": "42.12",
        "201511": "38.87",
        "201512": "38.23",
        "201601": "35.72",
        "201602": "35.67",
        "201603": "40.79",
        "201604": "42.06",
        "201605": "38.74",
        "201606": "40.63",
        "201607": "39.17",
        "201608": "39.48",
        "201609": "39.29",
        "201610": "39.28",
        "201611": "39.04",
        "201612": "41.33",
        "201701": "44.22",
        "201702": "45.29",
        "201703": "45.33",
        "201704": "46.16",
        "201705": "47.18",
        "201706": "48.85",
        "201707": "45.48",
        "201708": "47.03",
        "201709": "51.89",
        "201710": "50.52",
        "201711": "42.47",
        "201712": "40.32",
        "201801": "40.52",
        "201802": "39.91",
        "201803": "40.20",
        "201804": "38.66",
        "201805": "33.32",
        "201806": "31.04",
        "201807": "25.85",
        "201808": "24.96",
        "201809": "27.81",
        "201810": "24.21",
        "201811": "22.26",
        "201812": "24.81",
        "201901": "24.65",
        "201902": "25.26",
        "201903": "25.20",
        "201904": "24.64",
        "201905": "25.11",
        "201906": "25.28",
        "201907": "29.47",
        "201908": "34.05",
        "201909": "33.77",
        "201910": "30.94",
        "201911": "31.10",
        "201912": "31.08",
        "202001": "30.04",
        "202002": "28.92",
        "202003": "25.63",
        "202004": "26.56",
        "202005": "28.84",
        "202006": "29.36",
        "202007": "27.53",
        "202008": "26.50",
        "202009": "26.66",
        "202010": "26.37",
        "202011": "26.45",
        "202012": "27.41",
        "202101": "27.02",
        "202102": "26.87",
        "202103": "28.49",
        "202104": "31.01",
        "202105": "29.23",
        "202106": "29.35",
        "202107": "28.16",
        "202108": "26.46",
        "202109": "26.20",
        "202110": "25.98",
        "202111": "26.07",
        "202112": "29.55",
        "202201": "27.37",
        "202202": "27.26",
        "202203": "26.67",
        "202204": "24.69",
        "202205": "23.95",
        "202206": "24.00",
        "202207": "22.76",
        "202208": "22.36",
        "202209": "22.10",
        "202210": "20.38",
        "202211": "19.85",
        "202212": "20.48",
        "202301": "20.57",
        "202302": "20.99",
        "202303": "21.53",
        "202304": "21.91",
        "202305": "27.11",
        "202306": "28.96"
    },
    "quarters": {
        "20011": {
            "year_quarter": 20011,
            "year": 2001,
            "quarter": 1,
            "eps": 0.25,
            "eps_growth_year": null,
            "eps_4q": 1.15,
            "eps_4q_growth_year": 10.67,
            "roe": 2.04,
            "roe_4q": 2.04,
            "gross_profit": 87774,
            "gross_margin": 11.48,
            "gross_margin_4q_avg": 11.48,
            "net_income": 20820,
            "revenue": 764499,
            "common_shares": 834985,
            "book_valuer_per_share": 12.61,
            "book_valuer_per_share_4q_avg": 12.61,
            "equity": 1052978,
            "current_ratio": 101.69,
            "debt_ratio": 63.55,
            "inventory_turnover_ratio": 1.83,
            "account_receivable_turnover_ratio": null,
            "reinvestment_rate": null,
            "research_to_sale_ratio": null,
            "price_fair": 0,
            "eps_avg_yearly": 0,
            "eps_latest_yearly": 0,
            "eps_growth_yearly": 0
        },
        "20012": {
            "year_quarter": 20012,
            "year": 2001,
            "quarter": 2,
            "eps": 0.26,
            "eps_growth_year": 30,
            "eps_4q": 1.1,
            "eps_4q_growth_year": 68.77,
            "roe": 2.26,
            "roe_4q": 4.3,
            "gross_profit": 74574,
            "gross_margin": 9.69,
            "gross_margin_4q_avg": 10.59,
            "net_income": 24068,
            "revenue": 769333,
            "common_shares": 834985,
            "book_valuer_per_share": 12.9,
            "book_valuer_per_share_4q_avg": 12.76,
            "equity": 1077316,
            "current_ratio": 103.28,
            "debt_ratio": 62.59,
            "inventory_turnover_ratio": 2.1,
            "account_receivable_turnover_ratio": null,
            "reinvestment_rate": null,
            "research_to_sale_ratio": null,
            "price_fair": 0,
            "eps_avg_yearly": 0,
            "eps_latest_yearly": 0,
            "eps_growth_yearly": 0
        },
        "20013": {
            "year_quarter": 20013,
            "year": 2001,
            "quarter": 3,
            "eps": 0.31,
            "eps_growth_year": -43.64,
            "eps_4q": 0.93,
            "eps_4q_growth_year": -17.95,
            "roe": 2.61,
            "roe_4q": 6.909999999999999,
            "gross_profit": 82241,
            "gross_margin": 11.19,
            "gross_margin_4q_avg": 10.79,
            "net_income": 28211,
            "revenue": 734645,
            "common_shares": 924700,
            "book_valuer_per_share": 11.76,
            "book_valuer_per_share_4q_avg": 12.42,
            "equity": 1087826,
            "current_ratio": 103.02,
            "debt_ratio": 61.43,
            "inventory_turnover_ratio": 2.36,
            "account_receivable_turnover_ratio": null,
            "reinvestment_rate": null,
            "research_to_sale_ratio": null,
            "price_fair": 0,
            "eps_avg_yearly": 0,
            "eps_latest_yearly": 0,
            "eps_growth_yearly": 0
        },
        "20014": {
            "year_quarter": 20014,
            "year": 2001,
            "quarter": 4,
            "eps": 0.46,
            "eps_growth_year": 228.57,
            "eps_4q": 1.25,
            "eps_4q_growth_year": 98.55,
            "roe": 3.84,
            "roe_4q": 10.75,
            "gross_profit": 56148,
            "gross_margin": 7.65,
            "gross_margin_4q_avg": 10,
            "net_income": 42369,
            "revenue": 734124,
            "common_shares": 924700,
            "book_valuer_per_share": 12.02,
            "book_valuer_per_share_4q_avg": 12.32,
            "equity": 1119229,
            "current_ratio": 98.56,
            "debt_ratio": 60.93,
            "inventory_turnover_ratio": 2.8,
            "account_receivable_turnover_ratio": null,
            "reinvestment_rate": null,
            "research_to_sale_ratio": null,
            "price_fair": 0,
            "eps_avg_yearly": 0,
            "eps_latest_yearly": 0,
            "eps_growth_yearly": 0
        },
        "20021": {
            "year_quarter": 20021,
            "year": 2002,
            "quarter": 1,
            "eps": 0.92,
            "eps_growth_year": 268,
            "eps_4q": 1.97,
            "eps_4q_growth_year": 70.5,
            "roe": 7.18,
            "roe_4q": 15.889999999999999,
            "gross_profit": 84440,
            "gross_margin": 11.06,
            "gross_margin_4q_avg": 9.9,
            "net_income": 83219,
            "revenue": 763753,
            "common_shares": 924700,
            "book_valuer_per_share": 12.97,
            "book_valuer_per_share_4q_avg": 12.41,
            "equity": 1199090,
            "current_ratio": 112.87,
            "debt_ratio": 58.77,
            "inventory_turnover_ratio": 3.23,
            "account_receivable_turnover_ratio": null,
            "reinvestment_rate": null,
            "research_to_sale_ratio": null,
            "price_fair": 128.8,
            "eps_avg_yearly": 3.68,
            "eps_latest_yearly": 3.68,
            "eps_growth_yearly": 400
        },
        "20022": {
            "year_quarter": 20022,
            "year": 2002,
            "quarter": 2,
            "eps": 1.17,
            "eps_growth_year": 350,
            "eps_4q": 2.69,
            "eps_4q_growth_year": 144.21,
            "roe": 9.05,
            "roe_4q": 22.68,
            "gross_profit": 69576,
            "gross_margin": 7.39,
            "gross_margin_4q_avg": 9.32,
            "net_income": 118002,
            "revenue": 941893,
            "common_shares": 924700,
            "book_valuer_per_share": 15.25,
            "book_valuer_per_share_4q_avg": 13,
            "equity": 1410101,
            "current_ratio": 115.42,
            "debt_ratio": 52.91,
            "inventory_turnover_ratio": 4.2,
            "account_receivable_turnover_ratio": null,
            "reinvestment_rate": null,
            "research_to_sale_ratio": null,
            "price_fair": 146.3,
            "eps_avg_yearly": 4.18,
            "eps_latest_yearly": 4.68,
            "eps_growth_yearly": 254.35
        },
        "20023": {
            "year_quarter": 20023,
            "year": 2002,
            "quarter": 3,
            "eps": 1.02,
            "eps_growth_year": 229.03,
            "eps_4q": 3.35,
            "eps_4q_growth_year": 261.47,
            "roe": 6.02,
            "roe_4q": 26.09,
            "gross_profit": 93632,
            "gross_margin": 9.15,
            "gross_margin_4q_avg": 8.81,
            "net_income": 106503,
            "revenue": 1023521,
            "common_shares": 1228850,
            "book_valuer_per_share": 17.31,
            "book_valuer_per_share_4q_avg": 14.39,
            "equity": 2127320,
            "current_ratio": 161.11,
            "debt_ratio": 32.12,
            "inventory_turnover_ratio": 3.97,
            "account_receivable_turnover_ratio": null,
            "reinvestment_rate": null,
            "research_to_sale_ratio": null,
            "price_fair": 145.13,
            "eps_avg_yearly": 4.15,
            "eps_latest_yearly": 4.08,
            "eps_growth_yearly": 152.47
        },
        "20024": {
            "year_quarter": 20024,
            "year": 2002,
            "quarter": 4,
            "eps": 0.47,
            "eps_growth_year": 2.17,
            "eps_4q": 3.4,
            "eps_4q_growth_year": 170.97,
            "roe": 2.29,
            "roe_4q": 24.54,
            "gross_profit": 76605,
            "gross_margin": 7.73,
            "gross_margin_4q_avg": 8.83,
            "net_income": 49412,
            "revenue": 990531,
            "common_shares": 1228850,
            "book_valuer_per_share": 17.71,
            "book_valuer_per_share_4q_avg": 15.81,
            "equity": 2185845,
            "current_ratio": 150.51,
            "debt_ratio": 36.05,
            "inventory_turnover_ratio": 4.05,
            "account_receivable_turnover_ratio": null,
            "reinvestment_rate": 133.14,
            "research_to_sale_ratio": null,
            "price_fair": 125.3,
            "eps_avg_yearly": 3.58,
            "eps_latest_yearly": 1.88,
            "eps_growth_yearly": 60.43
        },
        "20031": {
            "year_quarter": 20031,
            "year": 2003,
            "quarter": 1,
            "eps": 0.54,
            "eps_growth_year": -41.3,
            "eps_4q": 2.78,
            "eps_4q_growth_year": 41.17,
            "roe": 2.99,
            "roe_4q": 20.35,
            "gross_profit": 87885,
            "gross_margin": 9.29,
            "gross_margin_4q_avg": 8.39,
            "net_income": 66156,
            "revenue": 945768,
            "common_shares": 1228850,
            "book_valuer_per_share": 18.25,
            "book_valuer_per_share_4q_avg": 17.13,
            "equity": 2242974,
            "current_ratio": 139.02,
            "debt_ratio": 35.7,
            "inventory_turnover_ratio": 3.89,
            "account_receivable_turnover_ratio": null,
            "reinvestment_rate": 42.56,
            "research_to_sale_ratio": null,
            "price_fair": 115.36,
            "eps_avg_yearly": 3.3,
            "eps_latest_yearly": 2.16,
            "eps_growth_yearly": 60.26
        },
        "20032": {
            "year_quarter": 20032,
            "year": 2003,
            "quarter": 2,
            "eps": 0.52,
            "eps_growth_year": -55.56,
            "eps_4q": 2.14,
            "eps_4q_growth_year": -20.44,
            "roe": 3.16,
            "roe_4q": 14.46,
            "gross_profit": 68510,
            "gross_margin": 7.38,
            "gross_margin_4q_avg": 8.39,
            "net_income": 71099,
            "revenue": 927904,
            "common_shares": 1228850,
            "book_valuer_per_share": 18.41,
            "book_valuer_per_share_4q_avg": 17.92,
            "equity": 2262385,
            "current_ratio": 156.5,
            "debt_ratio": 30.25,
            "inventory_turnover_ratio": 3.65,
            "account_receivable_turnover_ratio": null,
            "reinvestment_rate": 38.98,
            "research_to_sale_ratio": null,
            "price_fair": 108.27,
            "eps_avg_yearly": 3.09,
            "eps_latest_yearly": 2.08,
            "eps_growth_yearly": 47.75
        },
        "20033": {
            "year_quarter": 20033,
            "year": 2003,
            "quarter": 3,
            "eps": 0.57,
            "eps_growth_year": -44.12,
            "eps_4q": 1.92,
            "eps_4q_growth_year": -42.72,
            "roe": 3.44,
            "roe_4q": 11.879999999999999,
            "gross_profit": 78535,
            "gross_margin": 8.27,
            "gross_margin_4q_avg": 8.17,
            "net_income": 78790,
            "revenue": 949718,
            "common_shares": 1380000,
            "book_valuer_per_share": 16.81,
            "book_valuer_per_share_4q_avg": 17.8,
            "equity": 2320029,
            "current_ratio": 137.41,
            "debt_ratio": 35.45,
            "inventory_turnover_ratio": 3.21,
            "account_receivable_turnover_ratio": null,
            "reinvestment_rate": 34.24,
            "research_to_sale_ratio": null,
            "price_fair": 104.2,
            "eps_avg_yearly": 2.98,
            "eps_latest_yearly": 2.28,
            "eps_growth_yearly": 46.42
        },
        "20034": {
            "year_quarter": 20034,
            "year": 2003,
            "quarter": 4,
            "eps": 0.61,
            "eps_growth_year": 29.79,
            "eps_4q": 2.17,
            "eps_4q_growth_year": -36.06,
            "roe": 3.56,
            "roe_4q": 13.15,
            "gross_profit": 99576,
            "gross_margin": 8.25,
            "gross_margin_4q_avg": 8.3,
            "net_income": 84377,
            "revenue": 1206800,
            "common_shares": 1380000,
            "book_valuer_per_share": 17.46,
            "book_valuer_per_share_4q_avg": 17.73,
            "equity": 2420870,
            "current_ratio": 153.85,
            "debt_ratio": 38.53,
            "inventory_turnover_ratio": 3.42,
            "account_receivable_turnover_ratio": null,
            "reinvestment_rate": 117.73,
            "research_to_sale_ratio": null,
            "price_fair": 101.85,
            "eps_avg_yearly": 2.91,
            "eps_latest_yearly": 2.44,
            "eps_growth_yearly": 44.13
        },
        "20041": {
            "year_quarter": 20041,
            "year": 2004,
            "quarter": 1,
            "eps": 0.4,
            "eps_growth_year": -25.93,
            "eps_4q": 2.11,
            "eps_4q_growth_year": -24.16,
            "roe": 2.27,
            "roe_4q": 12.43,
            "gross_profit": 112714,
            "gross_margin": 10.3,
            "gross_margin_4q_avg": 8.55,
            "net_income": 54957,
            "revenue": 1094346,
            "common_shares": 1380000,
            "book_valuer_per_share": 17.62,
            "book_valuer_per_share_4q_avg": 17.58,
            "equity": 2431174,
            "current_ratio": 152.57,
            "debt_ratio": 47.47,
            "inventory_turnover_ratio": 2.57,
            "account_receivable_turnover_ratio": null,
            "reinvestment_rate": -19.19,
            "research_to_sale_ratio": null,
            "price_fair": 93.78,
            "eps_avg_yearly": 2.76,
            "eps_latest_yearly": 1.6,
            "eps_growth_yearly": 23.92
        },
        "20042": {
            "year_quarter": 20042,
            "year": 2004,
            "quarter": 2,
            "eps": 0.3,
            "eps_growth_year": -42.31,
            "eps_4q": 1.73,
            "eps_4q_growth_year": -19.39,
            "roe": 1.86,
            "roe_4q": 11.129999999999999,
            "gross_profit": 110127,
            "gross_margin": 7.94,
            "gross_margin_4q_avg": 8.69,
            "net_income": 45813,
            "revenue": 1386141,
            "common_shares": 1380000,
            "book_valuer_per_share": 18.17,
            "book_valuer_per_share_4q_avg": 17.52,
            "equity": 2507087,
            "current_ratio": 134.28,
            "debt_ratio": 51.09,
            "inventory_turnover_ratio": 2.98,
            "account_receivable_turnover_ratio": null,
            "reinvestment_rate": -23.49,
            "research_to_sale_ratio": null,
            "price_fair": 56.15,
            "eps_avg_yearly": 2.61,
            "eps_latest_yearly": 1.2,
            "eps_growth_yearly": 11.53
        },
        "20043": {
            "year_quarter": 20043,
            "year": 2004,
            "quarter": 3,
            "eps": 0.23,
            "eps_growth_year": -59.65,
            "eps_4q": 1.45,
            "eps_4q_growth_year": -24.31,
            "roe": 1.41,
            "roe_4q": 9.1,
            "gross_profit": 138591,
            "gross_margin": 9.37,
            "gross_margin_4q_avg": 8.97,
            "net_income": 34804,
            "revenue": 1478353,
            "common_shares": 1543000,
            "book_valuer_per_share": 15.77,
            "book_valuer_per_share_4q_avg": 17.26,
            "equity": 2433876,
            "current_ratio": 130.5,
            "debt_ratio": 51.51,
            "inventory_turnover_ratio": 3.05,
            "account_receivable_turnover_ratio": null,
            "reinvestment_rate": -48.6,
            "research_to_sale_ratio": null,
            "price_fair": 29.45,
            "eps_avg_yearly": 2.45,
            "eps_latest_yearly": 0.92,
            "eps_growth_yearly": 2
        },
        "20044": {
            "year_quarter": 20044,
            "year": 2004,
            "quarter": 4,
            "eps": 0.18,
            "eps_growth_year": -70.49,
            "eps_4q": 1.1,
            "eps_4q_growth_year": -49.55,
            "roe": 1.13,
            "roe_4q": 6.67,
            "gross_profit": -5899,
            "gross_margin": -0.46,
            "gross_margin_4q_avg": 6.79,
            "net_income": 26650,
            "revenue": 1277373,
            "common_shares": 1393000,
            "book_valuer_per_share": 16.48,
            "book_valuer_per_share_4q_avg": 17.01,
            "equity": 2295977,
            "current_ratio": 149.85,
            "debt_ratio": 48.62,
            "inventory_turnover_ratio": 3.15,
            "account_receivable_turnover_ratio": null,
            "reinvestment_rate": 29.1,
            "research_to_sale_ratio": null,
            "price_fair": 6.93,
            "eps_avg_yearly": 2.31,
            "eps_latest_yearly": 0.72,
            "eps_growth_yearly": -5.41
        },
        "20051": {
            "year_quarter": 20051,
            "year": 2005,
            "quarter": 1,
            "eps": 0.11,
            "eps_growth_year": -72.5,
            "eps_4q": 0.86,
            "eps_4q_growth_year": -59.09,
            "roe": 0.68,
            "roe_4q": 5.08,
            "gross_profit": 69294,
            "gross_margin": 5.94,
            "gross_margin_4q_avg": 5.7,
            "net_income": 15708,
            "revenue": 1166083,
            "common_shares": 1393000,
            "book_valuer_per_share": 16.46,
            "book_valuer_per_share_4q_avg": 16.72,
            "equity": 2293433,
            "current_ratio": 104.19,
            "debt_ratio": 48.34,
            "inventory_turnover_ratio": 3.08,
            "account_receivable_turnover_ratio": null,
            "reinvestment_rate": -41.3,
            "research_to_sale_ratio": null,
            "price_fair": 6.5,
            "eps_avg_yearly": 2.17,
            "eps_latest_yearly": 0.44,
            "eps_growth_yearly": -16.96
        },
        "20052": {
            "year_quarter": 20052,
            "year": 2005,
            "quarter": 2,
            "eps": 0.17,
            "eps_growth_year": -43.33,
            "eps_4q": 0.71,
            "eps_4q_growth_year": -59.07,
            "roe": 1.05,
            "roe_4q": 4.27,
            "gross_profit": 72841,
            "gross_margin": 5.42,
            "gross_margin_4q_avg": 5.07,
            "net_income": 24411,
            "revenue": 1344733,
            "common_shares": 1393000,
            "book_valuer_per_share": 16.82,
            "book_valuer_per_share_4q_avg": 16.38,
            "equity": 2343334,
            "current_ratio": 105.62,
            "debt_ratio": 50.17,
            "inventory_turnover_ratio": 3.91,
            "account_receivable_turnover_ratio": null,
            "reinvestment_rate": -46.44,
            "research_to_sale_ratio": null,
            "price_fair": 6.18,
            "eps_avg_yearly": 2.06,
            "eps_latest_yearly": 0.68,
            "eps_growth_yearly": -0.17
        },
        "20053": {
            "year_quarter": 20053,
            "year": 2005,
            "quarter": 3,
            "eps": 0.16,
            "eps_growth_year": -30.43,
            "eps_4q": 0.62,
            "eps_4q_growth_year": -57.63,
            "roe": 0.99,
            "roe_4q": 3.85,
            "gross_profit": 96052,
            "gross_margin": 7.05,
            "gross_margin_4q_avg": 4.49,
            "net_income": 23436,
            "revenue": 1362031,
            "common_shares": 1462650,
            "book_valuer_per_share": 16.41,
            "book_valuer_per_share_4q_avg": 16.54,
            "equity": 2399983,
            "current_ratio": 105.32,
            "debt_ratio": 48.81,
            "inventory_turnover_ratio": 5.19,
            "account_receivable_turnover_ratio": null,
            "reinvestment_rate": -49.3,
            "research_to_sale_ratio": null,
            "price_fair": 5.9,
            "eps_avg_yearly": 1.97,
            "eps_latest_yearly": 0.64,
            "eps_growth_yearly": -1.73
        },
        "20054": {
            "year_quarter": 20054,
            "year": 2005,
            "quarter": 4,
            "eps": 0.14,
            "eps_growth_year": -22.22,
            "eps_4q": 0.56,
            "eps_4q_growth_year": -48.51,
            "roe": 0.87,
            "roe_4q": 3.5900000000000003,
            "gross_profit": 27877,
            "gross_margin": 1.97,
            "gross_margin_4q_avg": 5.1,
            "net_income": 20976,
            "revenue": 1413289,
            "common_shares": 1400000,
            "book_valuer_per_share": 17.34,
            "book_valuer_per_share_4q_avg": 16.76,
            "equity": 2428000,
            "current_ratio": 137.05,
            "debt_ratio": 51.16,
            "inventory_turnover_ratio": 4.41,
            "account_receivable_turnover_ratio": null,
            "reinvestment_rate": 14.45,
            "research_to_sale_ratio": null,
            "price_fair": 5.63,
            "eps_avg_yearly": 1.88,
            "eps_latest_yearly": 0.56,
            "eps_growth_yearly": -4.74
        },
        "20061": {
            "year_quarter": 20061,
            "year": 2006,
            "quarter": 1,
            "eps": 0.1,
            "eps_growth_year": -9.09,
            "eps_4q": 0.58,
            "eps_4q_growth_year": -32.5,
            "roe": 0.59,
            "roe_4q": 3.5,
            "gross_profit": 69216,
            "gross_margin": 6.35,
            "gross_margin_4q_avg": 5.2,
            "net_income": 14300,
            "revenue": 1089211,
            "common_shares": 1400000,
            "book_valuer_per_share": 17.32,
            "book_valuer_per_share_4q_avg": 16.97,
            "equity": 2425043,
            "current_ratio": 106.07,
            "debt_ratio": 42.64,
            "inventory_turnover_ratio": 3.26,
            "account_receivable_turnover_ratio": null,
            "reinvestment_rate": -63.13,
            "research_to_sale_ratio": null,
            "price_fair": 5.02,
            "eps_avg_yearly": 1.67,
            "eps_latest_yearly": 0.4,
            "eps_growth_yearly": -36.89
        },
        "20062": {
            "year_quarter": 20062,
            "year": 2006,
            "quarter": 2,
            "eps": 0.05,
            "eps_growth_year": -70.59,
            "eps_4q": 0.45,
            "eps_4q_growth_year": -36.41,
            "roe": 0.3,
            "roe_4q": 2.75,
            "gross_profit": 59660,
            "gross_margin": 5.17,
            "gross_margin_4q_avg": 5.14,
            "net_income": 7342,
            "revenue": 1154026,
            "common_shares": 1400000,
            "book_valuer_per_share": 17.19,
            "book_valuer_per_share_4q_avg": 17.07,
            "equity": 2405911,
            "current_ratio": 102.02,
            "debt_ratio": 43.41,
            "inventory_turnover_ratio": 6.1,
            "account_receivable_turnover_ratio": null,
            "reinvestment_rate": -73.4,
            "research_to_sale_ratio": null,
            "price_fair": 4.18,
            "eps_avg_yearly": 1.39,
            "eps_latest_yearly": 0.2,
            "eps_growth_yearly": -56.18
        },
        "20063": {
            "year_quarter": 20063,
            "year": 2006,
            "quarter": 3,
            "eps": 0.14,
            "eps_growth_year": -12.5,
            "eps_4q": 0.46,
            "eps_4q_growth_year": -26.1,
            "roe": 0.78,
            "roe_4q": 2.54,
            "gross_profit": 60730,
            "gross_margin": 4.2,
            "gross_margin_4q_avg": 4.42,
            "net_income": 18935,
            "revenue": 1445080,
            "common_shares": 1400000,
            "book_valuer_per_share": 17.47,
            "book_valuer_per_share_4q_avg": 17.33,
            "equity": 2446205,
            "current_ratio": 102.48,
            "debt_ratio": 46.15,
            "inventory_turnover_ratio": 7.74,
            "account_receivable_turnover_ratio": null,
            "reinvestment_rate": -89.31,
            "research_to_sale_ratio": null,
            "price_fair": 3.52,
            "eps_avg_yearly": 1.17,
            "eps_latest_yearly": 0.56,
            "eps_growth_yearly": -7.97
        },
        "20064": {
            "year_quarter": 20064,
            "year": 2006,
            "quarter": 4,
            "eps": 0.22,
            "eps_growth_year": 57.14,
            "eps_4q": 0.51,
            "eps_4q_growth_year": -9.09,
            "roe": 1.23,
            "roe_4q": 2.8999999999999995,
            "gross_profit": 69353,
            "gross_margin": 4.61,
            "gross_margin_4q_avg": 5.08,
            "net_income": 30476,
            "revenue": 1503738,
            "common_shares": 1400000,
            "book_valuer_per_share": 17.82,
            "book_valuer_per_share_4q_avg": 17.45,
            "equity": 2495026,
            "current_ratio": 150.25,
            "debt_ratio": 45.71,
            "inventory_turnover_ratio": 6.41,
            "account_receivable_turnover_ratio": null,
            "reinvestment_rate": -35.35,
            "research_to_sale_ratio": null,
            "price_fair": 33.07,
            "eps_avg_yearly": 1.11,
            "eps_latest_yearly": 0.88,
            "eps_growth_yearly": 19.79
        },
        "20071": {
            "year_quarter": 20071,
            "year": 2007,
            "quarter": 1,
            "eps": 0.1,
            "eps_growth_year": 0,
            "eps_4q": 0.49,
            "eps_4q_growth_year": -15.69,
            "roe": 0.58,
            "roe_4q": 2.8899999999999997,
            "gross_profit": 97312,
            "gross_margin": 6.95,
            "gross_margin_4q_avg": 5.23,
            "net_income": 14549,
            "revenue": 1400783,
            "common_shares": 1400000,
            "book_valuer_per_share": 18.08,
            "book_valuer_per_share_4q_avg": 17.64,
            "equity": 2530831,
            "current_ratio": 107.96,
            "debt_ratio": 45.03,
            "inventory_turnover_ratio": 5.92,
            "account_receivable_turnover_ratio": null,
            "reinvestment_rate": -100.82,
            "research_to_sale_ratio": null,
            "price_fair": 12.43,
            "eps_avg_yearly": 1,
            "eps_latest_yearly": 0.4,
            "eps_growth_yearly": 2.43
        },
        "20072": {
            "year_quarter": 20072,
            "year": 2007,
            "quarter": 2,
            "eps": 0.1,
            "eps_growth_year": 100,
            "eps_4q": 0.57,
            "eps_4q_growth_year": 27.23,
            "roe": 0.53,
            "roe_4q": 3.12,
            "gross_profit": 60997,
            "gross_margin": 4.22,
            "gross_margin_4q_avg": 5,
            "net_income": 13542,
            "revenue": 1444643,
            "common_shares": 1400000,
            "book_valuer_per_share": 18.11,
            "book_valuer_per_share_4q_avg": 17.87,
            "equity": 2535642,
            "current_ratio": 105.56,
            "debt_ratio": 43.99,
            "inventory_turnover_ratio": 9.52,
            "account_receivable_turnover_ratio": null,
            "reinvestment_rate": -112.6,
            "research_to_sale_ratio": null,
            "price_fair": 11.96,
            "eps_avg_yearly": 0.9,
            "eps_latest_yearly": 0.4,
            "eps_growth_yearly": 3.36
        },
        "20073": {
            "year_quarter": 20073,
            "year": 2007,
            "quarter": 3,
            "eps": 0.12,
            "eps_growth_year": -14.29,
            "eps_4q": 0.55,
            "eps_4q_growth_year": 21.09,
            "roe": 0.64,
            "roe_4q": 2.98,
            "gross_profit": 57506,
            "gross_margin": 3.34,
            "gross_margin_4q_avg": 4.78,
            "net_income": 16303,
            "revenue": 1719268,
            "common_shares": 1400000,
            "book_valuer_per_share": 18.27,
            "book_valuer_per_share_4q_avg": 18.07,
            "equity": 2558011,
            "current_ratio": 106.26,
            "debt_ratio": 47.2,
            "inventory_turnover_ratio": 13.2,
            "account_receivable_turnover_ratio": null,
            "reinvestment_rate": -131.28,
            "research_to_sale_ratio": null,
            "price_fair": 12.48,
            "eps_avg_yearly": 0.78,
            "eps_latest_yearly": 0.48,
            "eps_growth_yearly": 5.95
        },
        "20074": {
            "year_quarter": 20074,
            "year": 2007,
            "quarter": 4,
            "eps": 0.19,
            "eps_growth_year": -13.64,
            "eps_4q": 0.5,
            "eps_4q_growth_year": -1.9,
            "roe": 1.04,
            "roe_4q": 2.79,
            "gross_profit": 63823,
            "gross_margin": 3.97,
            "gross_margin_4q_avg": 4.62,
            "net_income": 26932,
            "revenue": 1606814,
            "common_shares": 1400000,
            "book_valuer_per_share": 18.56,
            "book_valuer_per_share_4q_avg": 18.26,
            "equity": 2597850,
            "current_ratio": 175.23,
            "debt_ratio": 42.22,
            "inventory_turnover_ratio": 9.01,
            "account_receivable_turnover_ratio": null,
            "reinvestment_rate": -162.27,
            "research_to_sale_ratio": null,
            "price_fair": 19.5,
            "eps_avg_yearly": 0.68,
            "eps_latest_yearly": 0.76,
            "eps_growth_yearly": 18.78
        },
        "20081": {
            "year_quarter": 20081,
            "year": 2008,
            "quarter": 1,
            "eps": 0.05,
            "eps_growth_year": -50,
            "eps_4q": 0.45,
            "eps_4q_growth_year": -8.88,
            "roe": 0.28,
            "roe_4q": 2.49,
            "gross_profit": 210225,
            "gross_margin": 12.36,
            "gross_margin_4q_avg": 5.97,
            "net_income": 7159,
            "revenue": 1700257,
            "common_shares": 1400000,
            "book_valuer_per_share": 18.04,
            "book_valuer_per_share_4q_avg": 18.25,
            "equity": 2525131,
            "current_ratio": 187.23,
            "debt_ratio": 40.2,
            "inventory_turnover_ratio": 5.87,
            "account_receivable_turnover_ratio": null,
            "reinvestment_rate": 105.48,
            "research_to_sale_ratio": null,
            "price_fair": 11.19,
            "eps_avg_yearly": 0.59,
            "eps_latest_yearly": 0.2,
            "eps_growth_yearly": 8.97
        },
        "20082": {
            "year_quarter": 20082,
            "year": 2008,
            "quarter": 2,
            "eps": 0.11,
            "eps_growth_year": 10,
            "eps_4q": 0.46,
            "eps_4q_growth_year": -19.12,
            "roe": 0.62,
            "roe_4q": 2.58,
            "gross_profit": 279585,
            "gross_margin": 12,
            "gross_margin_4q_avg": 7.92,
            "net_income": 15709,
            "revenue": 2329473,
            "common_shares": 1400000,
            "book_valuer_per_share": 18.07,
            "book_valuer_per_share_4q_avg": 18.24,
            "equity": 2529691,
            "current_ratio": 182.13,
            "debt_ratio": 43.46,
            "inventory_turnover_ratio": 6.86,
            "account_receivable_turnover_ratio": null,
            "reinvestment_rate": 79.86,
            "research_to_sale_ratio": null,
            "price_fair": 18.99,
            "eps_avg_yearly": 0.54,
            "eps_latest_yearly": 0.44,
            "eps_growth_yearly": 45.22
        },
        "20083": {
            "year_quarter": 20083,
            "year": 2008,
            "quarter": 3,
            "eps": 0.2,
            "eps_growth_year": 66.67,
            "eps_4q": 0.55,
            "eps_4q_growth_year": -0.3,
            "roe": 1.09,
            "roe_4q": 3.0300000000000002,
            "gross_profit": 234245,
            "gross_margin": 12.73,
            "gross_margin_4q_avg": 10.27,
            "net_income": 28503,
            "revenue": 1840105,
            "common_shares": 1400000,
            "book_valuer_per_share": 19.15,
            "book_valuer_per_share_4q_avg": 18.46,
            "equity": 2681411,
            "current_ratio": 198.01,
            "debt_ratio": 38.96,
            "inventory_turnover_ratio": 5.97,
            "account_receivable_turnover_ratio": null,
            "reinvestment_rate": 80.36,
            "research_to_sale_ratio": null,
            "price_fair": 18.73,
            "eps_avg_yearly": 0.54,
            "eps_latest_yearly": 0.8,
            "eps_growth_yearly": 71.51
        },
        "20084": {
            "year_quarter": 20084,
            "year": 2008,
            "quarter": 4,
            "eps": 0.17,
            "eps_growth_year": -10.53,
            "eps_4q": 0.54,
            "eps_4q_growth_year": 6.78,
            "roe": 0.88,
            "roe_4q": 2.87,
            "gross_profit": 351096,
            "gross_margin": 18.47,
            "gross_margin_4q_avg": 13.89,
            "net_income": 23777,
            "revenue": 1901169,
            "common_shares": 1400000,
            "book_valuer_per_share": 19.58,
            "book_valuer_per_share_4q_avg": 18.71,
            "equity": 2740678,
            "current_ratio": 230.68,
            "debt_ratio": 34.81,
            "inventory_turnover_ratio": 6,
            "account_receivable_turnover_ratio": 2.34,
            "reinvestment_rate": -297.26,
            "research_to_sale_ratio": null,
            "price_fair": 18.64,
            "eps_avg_yearly": 0.53,
            "eps_latest_yearly": 0.68,
            "eps_growth_yearly": 73.19
        },
        "20091": {
            "year_quarter": 20091,
            "year": 2009,
            "quarter": 1,
            "eps": 0.08,
            "eps_growth_year": 60,
            "eps_4q": 0.57,
            "eps_4q_growth_year": 28.64,
            "roe": 0.4,
            "roe_4q": 2.99,
            "gross_profit": 287627,
            "gross_margin": 20.38,
            "gross_margin_4q_avg": 15.9,
            "net_income": 11001,
            "revenue": 1411265,
            "common_shares": 1400000,
            "book_valuer_per_share": 20.08,
            "book_valuer_per_share_4q_avg": 19.22,
            "equity": 2811787,
            "current_ratio": 290.02,
            "debt_ratio": 27.81,
            "inventory_turnover_ratio": 4.47,
            "account_receivable_turnover_ratio": 1.08,
            "reinvestment_rate": 5.86,
            "research_to_sale_ratio": null,
            "price_fair": 18.38,
            "eps_avg_yearly": 0.53,
            "eps_latest_yearly": 0.32,
            "eps_growth_yearly": 69.68
        },
        "20092": {
            "year_quarter": 20092,
            "year": 2009,
            "quarter": 2,
            "eps": 0.2,
            "eps_growth_year": 81.82,
            "eps_4q": 0.65,
            "eps_4q_growth_year": 40.54,
            "roe": 1.01,
            "roe_4q": 3.38,
            "gross_profit": 282881,
            "gross_margin": 20.73,
            "gross_margin_4q_avg": 18.08,
            "net_income": 28093,
            "revenue": 1364733,
            "common_shares": 1400000,
            "book_valuer_per_share": 19.78,
            "book_valuer_per_share_4q_avg": 19.65,
            "equity": 2769055,
            "current_ratio": 300.46,
            "debt_ratio": 27.09,
            "inventory_turnover_ratio": 5.11,
            "account_receivable_turnover_ratio": 1.43,
            "reinvestment_rate": -6.88,
            "research_to_sale_ratio": null,
            "price_fair": 18.64,
            "eps_avg_yearly": 0.53,
            "eps_latest_yearly": 0.8,
            "eps_growth_yearly": 93.54
        },
        "20093": {
            "year_quarter": 20093,
            "year": 2009,
            "quarter": 3,
            "eps": 0.19,
            "eps_growth_year": -5,
            "eps_4q": 0.64,
            "eps_4q_growth_year": 16.41,
            "roe": 0.96,
            "roe_4q": 3.25,
            "gross_profit": 393412,
            "gross_margin": 23.22,
            "gross_margin_4q_avg": 20.7,
            "net_income": 26568,
            "revenue": 1693915,
            "common_shares": 1400000,
            "book_valuer_per_share": 19.66,
            "book_valuer_per_share_4q_avg": 19.78,
            "equity": 2751863,
            "current_ratio": 210.54,
            "debt_ratio": 40.02,
            "inventory_turnover_ratio": 8.23,
            "account_receivable_turnover_ratio": 1.27,
            "reinvestment_rate": -4.64,
            "research_to_sale_ratio": null,
            "price_fair": 18.9,
            "eps_avg_yearly": 0.54,
            "eps_latest_yearly": 0.76,
            "eps_growth_yearly": 93.76
        },
        "20094": {
            "year_quarter": 20094,
            "year": 2009,
            "quarter": 4,
            "eps": 2.08,
            "eps_growth_year": 1123.53,
            "eps_4q": 2.55,
            "eps_4q_growth_year": 375.14,
            "roe": 10.1,
            "roe_4q": 12.469999999999999,
            "gross_profit": 318401,
            "gross_margin": 18.8,
            "gross_margin_4q_avg": 20.78,
            "net_income": 291741,
            "revenue": 1693686,
            "common_shares": 1400000,
            "book_valuer_per_share": 21.63,
            "book_valuer_per_share_4q_avg": 20.29,
            "equity": 3027679,
            "current_ratio": 385.75,
            "debt_ratio": 22.2,
            "inventory_turnover_ratio": 10.41,
            "account_receivable_turnover_ratio": 3.32,
            "reinvestment_rate": 177.79,
            "research_to_sale_ratio": null,
            "price_fair": 35.88,
            "eps_avg_yearly": 1.03,
            "eps_latest_yearly": 8.32,
            "eps_growth_yearly": 345.57
        },
        "20101": {
            "year_quarter": 20101,
            "year": 2010,
            "quarter": 1,
            "eps": 1.02,
            "eps_growth_year": 1175,
            "eps_4q": 3.67,
            "eps_4q_growth_year": 539.51,
            "roe": 4.59,
            "roe_4q": 16.66,
            "gross_profit": 299500,
            "gross_margin": 18.32,
            "gross_margin_4q_avg": 20.27,
            "net_income": 140121,
            "revenue": 1634644,
            "common_shares": 1400000,
            "book_valuer_per_share": 23.23,
            "book_valuer_per_share_4q_avg": 21.08,
            "equity": 3076885,
            "current_ratio": 327.86,
            "debt_ratio": 26.41,
            "inventory_turnover_ratio": 9.28,
            "account_receivable_turnover_ratio": 1.59,
            "reinvestment_rate": 325.74,
            "research_to_sale_ratio": null,
            "price_fair": 43.93,
            "eps_avg_yearly": 1.26,
            "eps_latest_yearly": 4.08,
            "eps_growth_yearly": 339.97
        },
        "20102": {
            "year_quarter": 20102,
            "year": 2010,
            "quarter": 2,
            "eps": 2.43,
            "eps_growth_year": 1113.1,
            "eps_4q": 5.89,
            "eps_4q_growth_year": 805.07,
            "roe": 10.08,
            "roe_4q": 25.73,
            "gross_profit": 379311,
            "gross_margin": 15.5,
            "gross_margin_4q_avg": 18.96,
            "net_income": 321329,
            "revenue": 2447444,
            "common_shares": 1324410,
            "book_valuer_per_share": 24.91,
            "book_valuer_per_share_4q_avg": 22.36,
            "equity": 3299313,
            "current_ratio": 222.04,
            "debt_ratio": 38.8,
            "inventory_turnover_ratio": 6.76,
            "account_receivable_turnover_ratio": 1.72,
            "reinvestment_rate": 270.78,
            "research_to_sale_ratio": null,
            "price_fair": 64.75,
            "eps_avg_yearly": 1.85,
            "eps_latest_yearly": 9.72,
            "eps_growth_yearly": 387.03
        },
        "20103": {
            "year_quarter": 20103,
            "year": 2010,
            "quarter": 3,
            "eps": 2.54,
            "eps_growth_year": 1235.76,
            "eps_4q": 8.22,
            "eps_4q_growth_year": 1185.91,
            "roe": 9.78,
            "roe_4q": 34.55,
            "gross_profit": 449494,
            "gross_margin": 19.95,
            "gross_margin_4q_avg": 18.14,
            "net_income": 336128,
            "revenue": 2253173,
            "common_shares": 1324410,
            "book_valuer_per_share": 26.97,
            "book_valuer_per_share_4q_avg": 24.19,
            "equity": 3571569,
            "current_ratio": 239.98,
            "debt_ratio": 36.48,
            "inventory_turnover_ratio": 2.34,
            "account_receivable_turnover_ratio": 1.34,
            "reinvestment_rate": 217.49,
            "research_to_sale_ratio": null,
            "price_fair": 85.75,
            "eps_avg_yearly": 2.45,
            "eps_latest_yearly": 10.16,
            "eps_growth_yearly": 343.17
        },
        "20104": {
            "year_quarter": 20104,
            "year": 2010,
            "quarter": 4,
            "eps": 2.76,
            "eps_growth_year": 32.85,
            "eps_4q": 8.79,
            "eps_4q_growth_year": 244.13,
            "roe": 10.01,
            "roe_4q": 34.459999999999994,
            "gross_profit": 265335,
            "gross_margin": 11.47,
            "gross_margin_4q_avg": 16.31,
            "net_income": 365958,
            "revenue": 2313174,
            "common_shares": 1324410,
            "book_valuer_per_share": 28.25,
            "book_valuer_per_share_4q_avg": 25.84,
            "equity": 3741239,
            "current_ratio": 299.07,
            "debt_ratio": 29.27,
            "inventory_turnover_ratio": 1.85,
            "account_receivable_turnover_ratio": 1.66,
            "reinvestment_rate": 123.76,
            "research_to_sale_ratio": null,
            "price_fair": 107.98,
            "eps_avg_yearly": 3.09,
            "eps_latest_yearly": 11.04,
            "eps_growth_yearly": 331.04
        },
        "20111": {
            "year_quarter": 20111,
            "year": 2011,
            "quarter": 1,
            "eps": 2.44,
            "eps_growth_year": 139.22,
            "eps_4q": 10.17,
            "eps_4q_growth_year": 176.85,
            "roe": 8.26,
            "roe_4q": 38.129999999999995,
            "gross_profit": 339802,
            "gross_margin": 17.01,
            "gross_margin_4q_avg": 15.98,
            "net_income": 323546,
            "revenue": 1997501,
            "common_shares": 1324410,
            "book_valuer_per_share": 30.91,
            "book_valuer_per_share_4q_avg": 27.76,
            "equity": 4093113,
            "current_ratio": 362.72,
            "debt_ratio": 24.28,
            "inventory_turnover_ratio": 1.53,
            "account_receivable_turnover_ratio": 1.45,
            "reinvestment_rate": 167.34,
            "research_to_sale_ratio": null,
            "price_fair": 128.45,
            "eps_avg_yearly": 3.67,
            "eps_latest_yearly": 9.76,
            "eps_growth_yearly": 341.78
        },
        "20112": {
            "year_quarter": 20112,
            "year": 2011,
            "quarter": 2,
            "eps": 1.46,
            "eps_growth_year": -39.94,
            "eps_4q": 9.2,
            "eps_4q_growth_year": 56.28,
            "roe": 5.04,
            "roe_4q": 33.09,
            "gross_profit": 217540,
            "gross_margin": 11.14,
            "gross_margin_4q_avg": 14.89,
            "net_income": 193005,
            "revenue": 1952452,
            "common_shares": 1324410,
            "book_valuer_per_share": 26.88,
            "book_valuer_per_share_4q_avg": 28.25,
            "equity": 3560454,
            "current_ratio": 240.84,
            "debt_ratio": 36.59,
            "inventory_turnover_ratio": 1.79,
            "account_receivable_turnover_ratio": 1.25,
            "reinvestment_rate": 161.93,
            "research_to_sale_ratio": null,
            "price_fair": 140.35,
            "eps_avg_yearly": 4.01,
            "eps_latest_yearly": 5.84,
            "eps_growth_yearly": 331.74
        },
        "20113": {
            "year_quarter": 20113,
            "year": 2011,
            "quarter": 3,
            "eps": 1.07,
            "eps_growth_year": -57.67,
            "eps_4q": 7.74,
            "eps_4q_growth_year": -5.92,
            "roe": 3.81,
            "roe_4q": 27.119999999999997,
            "gross_profit": 238378,
            "gross_margin": 11.72,
            "gross_margin_4q_avg": 12.84,
            "net_income": 142295,
            "revenue": 2033930,
            "common_shares": 1324410,
            "book_valuer_per_share": 29.57,
            "book_valuer_per_share_4q_avg": 28.9,
            "equity": 3915920,
            "current_ratio": 305.88,
            "debt_ratio": 28.74,
            "inventory_turnover_ratio": 1.76,
            "account_receivable_turnover_ratio": 1.21,
            "reinvestment_rate": 169.33,
            "research_to_sale_ratio": null,
            "price_fair": 148.66,
            "eps_avg_yearly": 4.25,
            "eps_latest_yearly": 4.28,
            "eps_growth_yearly": 320.06
        },
        "20114": {
            "year_quarter": 20114,
            "year": 2011,
            "quarter": 4,
            "eps": 1.66,
            "eps_growth_year": -40.04,
            "eps_4q": 6.63,
            "eps_4q_growth_year": -24.52,
            "roe": 5.46,
            "roe_4q": 22.57,
            "gross_profit": 294357,
            "gross_margin": 13.24,
            "gross_margin_4q_avg": 13.28,
            "net_income": 219418,
            "revenue": 2222836,
            "common_shares": 1324410,
            "book_valuer_per_share": 31.12,
            "book_valuer_per_share_4q_avg": 29.62,
            "equity": 4121576,
            "current_ratio": 308.32,
            "debt_ratio": 28.72,
            "inventory_turnover_ratio": 1.74,
            "account_receivable_turnover_ratio": 1.27,
            "reinvestment_rate": 130.93,
            "research_to_sale_ratio": null,
            "price_fair": 161.53,
            "eps_avg_yearly": 4.62,
            "eps_latest_yearly": 6.64,
            "eps_growth_yearly": 319.27
        },
        "20121": {
            "year_quarter": 20121,
            "year": 2012,
            "quarter": 1,
            "eps": 1.04,
            "eps_growth_year": -57.38,
            "eps_4q": 5.23,
            "eps_4q_growth_year": -48.57,
            "roe": 3.33,
            "roe_4q": 17.64,
            "gross_profit": 244635,
            "gross_margin": 12.02,
            "gross_margin_4q_avg": 12.03,
            "net_income": 137981,
            "revenue": 2035750,
            "common_shares": 1324410,
            "book_valuer_per_share": 31.49,
            "book_valuer_per_share_4q_avg": 29.77,
            "equity": 4170531,
            "current_ratio": 321.42,
            "debt_ratio": 27.65,
            "inventory_turnover_ratio": 1.6,
            "account_receivable_turnover_ratio": 1.2,
            "reinvestment_rate": 109.1,
            "research_to_sale_ratio": null,
            "price_fair": 170.19,
            "eps_avg_yearly": 4.86,
            "eps_latest_yearly": 4.16,
            "eps_growth_yearly": 328.35
        },
        "20122": {
            "year_quarter": 20122,
            "year": 2012,
            "quarter": 2,
            "eps": 0.94,
            "eps_growth_year": -35.34,
            "eps_4q": 4.72,
            "eps_4q_growth_year": -48.76,
            "roe": 3.16,
            "roe_4q": 15.76,
            "gross_profit": 237063,
            "gross_margin": 11.24,
            "gross_margin_4q_avg": 12.06,
            "net_income": 124794,
            "revenue": 2109078,
            "common_shares": 1324410,
            "book_valuer_per_share": 28.2,
            "book_valuer_per_share_4q_avg": 30.1,
            "equity": 3734870,
            "current_ratio": 234.83,
            "debt_ratio": 36.84,
            "inventory_turnover_ratio": 1.66,
            "account_receivable_turnover_ratio": 1.22,
            "reinvestment_rate": 106.77,
            "research_to_sale_ratio": null,
            "price_fair": 177.45,
            "eps_avg_yearly": 5.07,
            "eps_latest_yearly": 3.76,
            "eps_growth_yearly": 295.95
        },
        "20123": {
            "year_quarter": 20123,
            "year": 2012,
            "quarter": 3,
            "eps": 1.02,
            "eps_growth_year": -4.67,
            "eps_4q": 4.67,
            "eps_4q_growth_year": -39.71,
            "roe": 3.6,
            "roe_4q": 15.55,
            "gross_profit": 240761,
            "gross_margin": 11.63,
            "gross_margin_4q_avg": 12.03,
            "net_income": 135649,
            "revenue": 2069410,
            "common_shares": 1324410,
            "book_valuer_per_share": 28.75,
            "book_valuer_per_share_4q_avg": 29.89,
            "equity": 3807501,
            "current_ratio": 248.26,
            "debt_ratio": 34.84,
            "inventory_turnover_ratio": 1.62,
            "account_receivable_turnover_ratio": 1.12,
            "reinvestment_rate": 102.34,
            "research_to_sale_ratio": 0,
            "price_fair": 184.63,
            "eps_avg_yearly": 5.28,
            "eps_latest_yearly": 4.08,
            "eps_growth_yearly": 277.62
        },
        "20124": {
            "year_quarter": 20124,
            "year": 2012,
            "quarter": 4,
            "eps": 2.09,
            "eps_growth_year": 26.05,
            "eps_4q": 5.17,
            "eps_4q_growth_year": -22.09,
            "roe": 6.97,
            "roe_4q": 17.060000000000002,
            "gross_profit": 430447,
            "gross_margin": 19.82,
            "gross_margin_4q_avg": 13.68,
            "net_income": 270305,
            "revenue": 2171386,
            "common_shares": 1324410,
            "book_valuer_per_share": 30.52,
            "book_valuer_per_share_4q_avg": 29.74,
            "equity": 3950552,
            "current_ratio": 252.06,
            "debt_ratio": 36.02,
            "inventory_turnover_ratio": 1.54,
            "account_receivable_turnover_ratio": 1.13,
            "reinvestment_rate": 102.69,
            "research_to_sale_ratio": 0,
            "price_fair": 201.43,
            "eps_avg_yearly": 5.76,
            "eps_latest_yearly": 8.36,
            "eps_growth_yearly": 307.59
        },
        "20131": {
            "year_quarter": 20131,
            "year": 2013,
            "quarter": 1,
            "eps": 1.66,
            "eps_growth_year": 59.62,
            "eps_4q": 5.76,
            "eps_4q_growth_year": 10.19,
            "roe": 5.25,
            "roe_4q": 18.979999999999997,
            "gross_profit": 228021,
            "gross_margin": 11.49,
            "gross_margin_4q_avg": 13.55,
            "net_income": 215216,
            "revenue": 1984032,
            "common_shares": 1294410,
            "book_valuer_per_share": 32.77,
            "book_valuer_per_share_4q_avg": 30.06,
            "equity": 4241273,
            "current_ratio": 252.03,
            "debt_ratio": 35.76,
            "inventory_turnover_ratio": 1.64,
            "account_receivable_turnover_ratio": 1.03,
            "reinvestment_rate": 0.12,
            "research_to_sale_ratio": null,
            "price_fair": 215.25,
            "eps_avg_yearly": 6.15,
            "eps_latest_yearly": 6.64,
            "eps_growth_yearly": 315.69
        },
        "20132": {
            "year_quarter": 20132,
            "year": 2013,
            "quarter": 2,
            "eps": 2.25,
            "eps_growth_year": 138.79,
            "eps_4q": 7.05,
            "eps_4q_growth_year": 49.46,
            "roe": 7.02,
            "roe_4q": 22.84,
            "gross_profit": 255209,
            "gross_margin": 11.01,
            "gross_margin_4q_avg": 13.49,
            "net_income": 291051,
            "revenue": 2316936,
            "common_shares": 1294410,
            "book_valuer_per_share": 31.3,
            "book_valuer_per_share_4q_avg": 30.84,
            "equity": 4051374,
            "current_ratio": 272.41,
            "debt_ratio": 33.7,
            "inventory_turnover_ratio": 2,
            "account_receivable_turnover_ratio": 1.2,
            "reinvestment_rate": 2.21,
            "research_to_sale_ratio": null,
            "price_fair": 233.19,
            "eps_avg_yearly": 6.66,
            "eps_latest_yearly": 9,
            "eps_growth_yearly": 287.07
        },
        "20133": {
            "year_quarter": 20133,
            "year": 2013,
            "quarter": 3,
            "eps": 1.25,
            "eps_growth_year": 22.04,
            "eps_4q": 7.25,
            "eps_4q_growth_year": 55.34,
            "roe": 3.93,
            "roe_4q": 23.169999999999998,
            "gross_profit": 271183,
            "gross_margin": 12.75,
            "gross_margin_4q_avg": 13.77,
            "net_income": 161473,
            "revenue": 2126620,
            "common_shares": 1294410,
            "book_valuer_per_share": 32.22,
            "book_valuer_per_share_4q_avg": 31.7,
            "equity": 4170608,
            "current_ratio": 342.07,
            "debt_ratio": 27.12,
            "inventory_turnover_ratio": 1.74,
            "account_receivable_turnover_ratio": 1.14,
            "reinvestment_rate": 2.65,
            "research_to_sale_ratio": null,
            "price_fair": 242.46,
            "eps_avg_yearly": 6.93,
            "eps_latest_yearly": 5,
            "eps_growth_yearly": 277.21
        },
        "20134": {
            "year_quarter": 20134,
            "year": 2013,
            "quarter": 4,
            "eps": 0.92,
            "eps_growth_year": -55.79,
            "eps_4q": 6.08,
            "eps_4q_growth_year": 17.72,
            "roe": 2.81,
            "roe_4q": 19.009999999999998,
            "gross_profit": 246667,
            "gross_margin": 12.03,
            "gross_margin_4q_avg": 11.82,
            "net_income": 119513,
            "revenue": 2051208,
            "common_shares": 1294410,
            "book_valuer_per_share": 33.48,
            "book_valuer_per_share_4q_avg": 32.44,
            "equity": 4334029,
            "current_ratio": 328.43,
            "debt_ratio": 28.19,
            "inventory_turnover_ratio": 1.68,
            "account_receivable_turnover_ratio": 1.15,
            "reinvestment_rate": -58.64,
            "research_to_sale_ratio": null,
            "price_fair": 211.91,
            "eps_avg_yearly": 6.64,
            "eps_latest_yearly": 3.68,
            "eps_growth_yearly": 21.93
        },
        "20141": {
            "year_quarter": 20141,
            "year": 2014,
            "quarter": 1,
            "eps": 1.34,
            "eps_growth_year": -19.28,
            "eps_4q": 5.76,
            "eps_4q_growth_year": -0.08,
            "roe": 3.89,
            "roe_4q": 17.65,
            "gross_profit": 293264,
            "gross_margin": 13.45,
            "gross_margin_4q_avg": 12.31,
            "net_income": 173366,
            "revenue": 2180460,
            "common_shares": 1294410,
            "book_valuer_per_share": 35.36,
            "book_valuer_per_share_4q_avg": 33.09,
            "equity": 4576782,
            "current_ratio": 348.57,
            "debt_ratio": 26.03,
            "inventory_turnover_ratio": 1.75,
            "account_receivable_turnover_ratio": 1.16,
            "reinvestment_rate": -62.84,
            "research_to_sale_ratio": null,
            "price_fair": 235.11,
            "eps_avg_yearly": 6.72,
            "eps_latest_yearly": 5.36,
            "eps_growth_yearly": 46.08
        },
        "20142": {
            "year_quarter": 20142,
            "year": 2014,
            "quarter": 2,
            "eps": 1.48,
            "eps_growth_year": -34.22,
            "eps_4q": 4.99,
            "eps_4q_growth_year": -29.18,
            "roe": 4.36,
            "roe_4q": 14.99,
            "gross_profit": 384271,
            "gross_margin": 15.9,
            "gross_margin_4q_avg": 13.53,
            "net_income": 191714,
            "revenue": 2416859,
            "common_shares": 1294410,
            "book_valuer_per_share": 32.53,
            "book_valuer_per_share_4q_avg": 33.4,
            "equity": 4211158,
            "current_ratio": 251.08,
            "debt_ratio": 35.95,
            "inventory_turnover_ratio": 1.84,
            "account_receivable_turnover_ratio": 1.21,
            "reinvestment_rate": -78.22,
            "research_to_sale_ratio": null,
            "price_fair": 156.38,
            "eps_avg_yearly": 6.48,
            "eps_latest_yearly": 5.92,
            "eps_growth_yearly": 14.13
        },
        "20143": {
            "year_quarter": 20143,
            "year": 2014,
            "quarter": 3,
            "eps": 7.88,
            "eps_growth_year": 530.4,
            "eps_4q": 11.63,
            "eps_4q_growth_year": 60.45,
            "roe": 21.38,
            "roe_4q": 32.44,
            "gross_profit": 354010,
            "gross_margin": 15.49,
            "gross_margin_4q_avg": 14.22,
            "net_income": 1020469,
            "revenue": 2285899,
            "common_shares": 1294410,
            "book_valuer_per_share": 41.21,
            "book_valuer_per_share_4q_avg": 35.65,
            "equity": 5334327,
            "current_ratio": 414.62,
            "debt_ratio": 28.13,
            "inventory_turnover_ratio": 1.66,
            "account_receivable_turnover_ratio": 1.06,
            "reinvestment_rate": -68.49,
            "research_to_sale_ratio": null,
            "price_fair": 273.53,
            "eps_avg_yearly": 7.82,
            "eps_latest_yearly": 31.52,
            "eps_growth_yearly": 121.11
        },
        "20144": {
            "year_quarter": 20144,
            "year": 2014,
            "quarter": 4,
            "eps": 0.74,
            "eps_growth_year": -19.73,
            "eps_4q": 11.45,
            "eps_4q_growth_year": 88.18,
            "roe": 1.75,
            "roe_4q": 31.38,
            "gross_profit": 309367,
            "gross_margin": 11.41,
            "gross_margin_4q_avg": 14.06,
            "net_income": 95932,
            "revenue": 2712398,
            "common_shares": 1294410,
            "book_valuer_per_share": 43.49,
            "book_valuer_per_share_4q_avg": 38.15,
            "equity": 5630012,
            "current_ratio": 371.36,
            "debt_ratio": 29.62,
            "inventory_turnover_ratio": 1.87,
            "account_receivable_turnover_ratio": 1.21,
            "reinvestment_rate": -69.37,
            "research_to_sale_ratio": null,
            "price_fair": 255.85,
            "eps_avg_yearly": 7.31,
            "eps_latest_yearly": 2.96,
            "eps_growth_yearly": 96.29
        },
        "20151": {
            "year_quarter": 20151,
            "year": 2015,
            "quarter": 1,
            "eps": 1.12,
            "eps_growth_year": -16.42,
            "eps_4q": 11.22,
            "eps_4q_growth_year": 94.92,
            "roe": 2.55,
            "roe_4q": 30.04,
            "gross_profit": 275372,
            "gross_margin": 11.39,
            "gross_margin_4q_avg": 13.55,
            "net_income": 144830,
            "revenue": 2418424,
            "common_shares": 1294410,
            "book_valuer_per_share": 44.12,
            "book_valuer_per_share_4q_avg": 40.34,
            "equity": 5711472,
            "current_ratio": 430.78,
            "debt_ratio": 26.5,
            "inventory_turnover_ratio": 1.63,
            "account_receivable_turnover_ratio": 1.04,
            "reinvestment_rate": -81.25,
            "research_to_sale_ratio": 0.1,
            "price_fair": 244.3,
            "eps_avg_yearly": 6.98,
            "eps_latest_yearly": 4.48,
            "eps_growth_yearly": 112.03
        },
        "20152": {
            "year_quarter": 20152,
            "year": 2015,
            "quarter": 2,
            "eps": 0.48,
            "eps_growth_year": -67.57,
            "eps_4q": 10.22,
            "eps_4q_growth_year": 104.74,
            "roe": 1.15,
            "roe_4q": 26.83,
            "gross_profit": 271934,
            "gross_margin": 11.79,
            "gross_margin_4q_avg": 12.52,
            "net_income": 61516,
            "revenue": 2305518,
            "common_shares": 1294410,
            "book_valuer_per_share": 38.62,
            "book_valuer_per_share_4q_avg": 41.86,
            "equity": 4998476,
            "current_ratio": 296.83,
            "debt_ratio": 35.35,
            "inventory_turnover_ratio": 1.52,
            "account_receivable_turnover_ratio": 1.05,
            "reinvestment_rate": -88.45,
            "research_to_sale_ratio": 0.23,
            "price_fair": 235.73,
            "eps_avg_yearly": 6.74,
            "eps_latest_yearly": 1.92,
            "eps_growth_yearly": 107.78
        },
        "20153": {
            "year_quarter": 20153,
            "year": 2015,
            "quarter": 3,
            "eps": 1.46,
            "eps_growth_year": -81.47,
            "eps_4q": 3.8,
            "eps_4q_growth_year": -67.31,
            "roe": 3.64,
            "roe_4q": 9.09,
            "gross_profit": 307184,
            "gross_margin": 13.09,
            "gross_margin_4q_avg": 11.92,
            "net_income": 188903,
            "revenue": 2347247,
            "common_shares": 1294410,
            "book_valuer_per_share": 41.65,
            "book_valuer_per_share_4q_avg": 41.97,
            "equity": 5383042,
            "current_ratio": 429.26,
            "debt_ratio": 25.83,
            "inventory_turnover_ratio": 1.51,
            "account_receivable_turnover_ratio": 1.06,
            "reinvestment_rate": -95.96,
            "research_to_sale_ratio": 0.2,
            "price_fair": 239.14,
            "eps_avg_yearly": 6.83,
            "eps_latest_yearly": 5.84,
            "eps_growth_yearly": 165.5
        },
        "20154": {
            "year_quarter": 20154,
            "year": 2015,
            "quarter": 4,
            "eps": 1.31,
            "eps_growth_year": 77.11,
            "eps_4q": 4.38,
            "eps_4q_growth_year": -61.72,
            "roe": 3.11,
            "roe_4q": 10.45,
            "gross_profit": 288469,
            "gross_margin": 12.95,
            "gross_margin_4q_avg": 12.31,
            "net_income": 169066,
            "revenue": 2227439,
            "common_shares": 1288000,
            "book_valuer_per_share": 42.68,
            "book_valuer_per_share_4q_avg": 41.77,
            "equity": 5496612,
            "current_ratio": 319.83,
            "debt_ratio": 32.31,
            "inventory_turnover_ratio": 1.52,
            "account_receivable_turnover_ratio": 1.02,
            "reinvestment_rate": -97.18,
            "research_to_sale_ratio": 0.24,
            "price_fair": 236.08,
            "eps_avg_yearly": 6.75,
            "eps_latest_yearly": 5.24,
            "eps_growth_yearly": 149.15
        },
        "20161": {
            "year_quarter": 20161,
            "year": 2016,
            "quarter": 1,
            "eps": 1.08,
            "eps_growth_year": -3.57,
            "eps_4q": 4.34,
            "eps_4q_growth_year": -61.36,
            "roe": 2.52,
            "roe_4q": 10.42,
            "gross_profit": 265848,
            "gross_margin": 11.09,
            "gross_margin_4q_avg": 12.23,
            "net_income": 139147,
            "revenue": 2396927,
            "common_shares": 1288000,
            "book_valuer_per_share": 43.14,
            "book_valuer_per_share_4q_avg": 41.52,
            "equity": 5556609,
            "current_ratio": 306.87,
            "debt_ratio": 33.23,
            "inventory_turnover_ratio": 1.64,
            "account_receivable_turnover_ratio": 1.14,
            "reinvestment_rate": -81.28,
            "research_to_sale_ratio": 0.11,
            "price_fair": 236.43,
            "eps_avg_yearly": 6.76,
            "eps_latest_yearly": 4.32,
            "eps_growth_yearly": 154.1
        },
        "20162": {
            "year_quarter": 20162,
            "year": 2016,
            "quarter": 2,
            "eps": 1.23,
            "eps_growth_year": 156.25,
            "eps_4q": 5.09,
            "eps_4q_growth_year": -50.16,
            "roe": 2.97,
            "roe_4q": 12.24,
            "gross_profit": 263590,
            "gross_margin": 10.32,
            "gross_margin_4q_avg": 11.86,
            "net_income": 158869,
            "revenue": 2553270,
            "common_shares": 1288000,
            "book_valuer_per_share": 39.8,
            "book_valuer_per_share_4q_avg": 41.82,
            "equity": 5126025,
            "current_ratio": 259.19,
            "debt_ratio": 38.37,
            "inventory_turnover_ratio": 1.71,
            "account_receivable_turnover_ratio": 1.14,
            "reinvestment_rate": -78.58,
            "research_to_sale_ratio": 0.14,
            "price_fair": 238.96,
            "eps_avg_yearly": 6.83,
            "eps_latest_yearly": 4.92,
            "eps_growth_yearly": 159.97
        },
        "20163": {
            "year_quarter": 20163,
            "year": 2016,
            "quarter": 3,
            "eps": 1.02,
            "eps_growth_year": -30.14,
            "eps_4q": 4.64,
            "eps_4q_growth_year": 22.19,
            "roe": 2.56,
            "roe_4q": 11.16,
            "gross_profit": 270337,
            "gross_margin": 10.95,
            "gross_margin_4q_avg": 11.33,
            "net_income": 131071,
            "revenue": 2469227,
            "common_shares": 1288000,
            "book_valuer_per_share": 39.82,
            "book_valuer_per_share_4q_avg": 41.36,
            "equity": 5128574,
            "current_ratio": 304.75,
            "debt_ratio": 32.62,
            "inventory_turnover_ratio": 1.67,
            "account_receivable_turnover_ratio": 1.18,
            "reinvestment_rate": -73.61,
            "research_to_sale_ratio": 0.1,
            "price_fair": 238.96,
            "eps_avg_yearly": 6.83,
            "eps_latest_yearly": 4.08,
            "eps_growth_yearly": 153.58
        },
        "20164": {
            "year_quarter": 20164,
            "year": 2016,
            "quarter": 4,
            "eps": 1.05,
            "eps_growth_year": -20.35,
            "eps_4q": 4.38,
            "eps_4q_growth_year": -0.1,
            "roe": 2.59,
            "roe_4q": 10.64,
            "gross_profit": 291698,
            "gross_margin": 12.02,
            "gross_margin_4q_avg": 11.1,
            "net_income": 134660,
            "revenue": 2426323,
            "common_shares": 1288000,
            "book_valuer_per_share": 40.87,
            "book_valuer_per_share_4q_avg": 40.91,
            "equity": 5264462,
            "current_ratio": 329.48,
            "debt_ratio": 30.53,
            "inventory_turnover_ratio": 1.81,
            "account_receivable_turnover_ratio": 1.13,
            "reinvestment_rate": -74.82,
            "research_to_sale_ratio": 0.08,
            "price_fair": 229.86,
            "eps_avg_yearly": 6.57,
            "eps_latest_yearly": 4.2,
            "eps_growth_yearly": 128.09
        },
        "20171": {
            "year_quarter": 20171,
            "year": 2017,
            "quarter": 1,
            "eps": 1.01,
            "eps_growth_year": -6.48,
            "eps_4q": 4.31,
            "eps_4q_growth_year": -0.64,
            "roe": 2.5,
            "roe_4q": 10.620000000000001,
            "gross_profit": 284608,
            "gross_margin": 13.16,
            "gross_margin_4q_avg": 11.61,
            "net_income": 130438,
            "revenue": 2162571,
            "common_shares": 1288000,
            "book_valuer_per_share": 40.19,
            "book_valuer_per_share_4q_avg": 40.17,
            "equity": 5176322,
            "current_ratio": 359.53,
            "debt_ratio": 28.11,
            "inventory_turnover_ratio": 1.76,
            "account_receivable_turnover_ratio": 1.06,
            "reinvestment_rate": 19.01,
            "research_to_sale_ratio": 0,
            "price_fair": 224.18,
            "eps_avg_yearly": 6.41,
            "eps_latest_yearly": 4.04,
            "eps_growth_yearly": 132.28
        },
        "20172": {
            "year_quarter": 20172,
            "year": 2017,
            "quarter": 2,
            "eps": 1.21,
            "eps_growth_year": -1.63,
            "eps_4q": 4.28,
            "eps_4q_growth_year": -15.91,
            "roe": 3.1,
            "roe_4q": 10.75,
            "gross_profit": 328382,
            "gross_margin": 12.95,
            "gross_margin_4q_avg": 12.27,
            "net_income": 155420,
            "revenue": 2536193,
            "common_shares": 1288000,
            "book_valuer_per_share": 37.78,
            "book_valuer_per_share_4q_avg": 39.67,
            "equity": 4866318,
            "current_ratio": 258.19,
            "debt_ratio": 37.29,
            "inventory_turnover_ratio": 1.94,
            "account_receivable_turnover_ratio": 1.27,
            "reinvestment_rate": 19.15,
            "research_to_sale_ratio": 0,
            "price_fair": 215.08,
            "eps_avg_yearly": 6.15,
            "eps_latest_yearly": 4.84,
            "eps_growth_yearly": 128.34
        },
        "20173": {
            "year_quarter": 20173,
            "year": 2017,
            "quarter": 3,
            "eps": 1,
            "eps_growth_year": -1.96,
            "eps_4q": 4.27,
            "eps_4q_growth_year": -8.12,
            "roe": 2.61,
            "roe_4q": 10.8,
            "gross_profit": 280468,
            "gross_margin": 11.53,
            "gross_margin_4q_avg": 12.42,
            "net_income": 129081,
            "revenue": 2432874,
            "common_shares": 1288000,
            "book_valuer_per_share": 38.99,
            "book_valuer_per_share_4q_avg": 39.46,
            "equity": 5021891,
            "current_ratio": 336.15,
            "debt_ratio": 30.25,
            "inventory_turnover_ratio": 1.73,
            "account_receivable_turnover_ratio": 1.16,
            "reinvestment_rate": 19.38,
            "research_to_sale_ratio": 0,
            "price_fair": 212.89,
            "eps_avg_yearly": 6.08,
            "eps_latest_yearly": 4,
            "eps_growth_yearly": 135.12
        },
        "20174": {
            "year_quarter": 20174,
            "year": 2017,
            "quarter": 4,
            "eps": 0.41,
            "eps_growth_year": -60.32,
            "eps_4q": 3.64,
            "eps_4q_growth_year": -16.92,
            "roe": 1.06,
            "roe_4q": 9.27,
            "gross_profit": 206669,
            "gross_margin": 9.11,
            "gross_margin_4q_avg": 11.69,
            "net_income": 53431,
            "revenue": 2267952,
            "common_shares": 1288000,
            "book_valuer_per_share": 39.26,
            "book_valuer_per_share_4q_avg": 39.06,
            "equity": 5056243,
            "current_ratio": 358.41,
            "debt_ratio": 27.11,
            "inventory_turnover_ratio": 1.82,
            "account_receivable_turnover_ratio": 1.16,
            "reinvestment_rate": 32.73,
            "research_to_sale_ratio": 0,
            "price_fair": 208.43,
            "eps_avg_yearly": 5.96,
            "eps_latest_yearly": 1.64,
            "eps_growth_yearly": 126.97
        },
        "20181": {
            "year_quarter": 20181,
            "year": 2018,
            "quarter": 1,
            "eps": 0,
            "eps_growth_year": -100,
            "eps_4q": 2.63,
            "eps_4q_growth_year": -39.04,
            "roe": 0.01,
            "roe_4q": 6.779999999999999,
            "gross_profit": 115888,
            "gross_margin": 6.67,
            "gross_margin_4q_avg": 10.07,
            "net_income": 401,
            "revenue": 1736886,
            "common_shares": 1288000,
            "book_valuer_per_share": 39.38,
            "book_valuer_per_share_4q_avg": 38.85,
            "equity": 5072139,
            "current_ratio": 407.33,
            "debt_ratio": 23.26,
            "inventory_turnover_ratio": 1.75,
            "account_receivable_turnover_ratio": 1.06,
            "reinvestment_rate": 47.77,
            "research_to_sale_ratio": null,
            "price_fair": 209.81,
            "eps_avg_yearly": 5.99,
            "eps_latest_yearly": 1.64,
            "eps_growth_yearly": 123.26
        },
        "20182": {
            "year_quarter": 20182,
            "year": 2018,
            "quarter": 2,
            "eps": 0.39,
            "eps_growth_year": -67.77,
            "eps_4q": 1.81,
            "eps_4q_growth_year": -57.64,
            "roe": 1.01,
            "roe_4q": 4.6899999999999995,
            "gross_profit": 140505,
            "gross_margin": 8.05,
            "gross_margin_4q_avg": 8.84,
            "net_income": 50589,
            "revenue": 1745714,
            "common_shares": 1288000,
            "book_valuer_per_share": 38.04,
            "book_valuer_per_share_4q_avg": 38.92,
            "equity": 4971616,
            "current_ratio": 323.32,
            "debt_ratio": 28.41,
            "inventory_turnover_ratio": 1.92,
            "account_receivable_turnover_ratio": 1.22,
            "reinvestment_rate": 49.57,
            "research_to_sale_ratio": 0.07,
            "price_fair": 210,
            "eps_avg_yearly": 6,
            "eps_latest_yearly": 1.64,
            "eps_growth_yearly": 129.07
        },
        "20183": {
            "year_quarter": 20183,
            "year": 2018,
            "quarter": 3,
            "eps": 0.58,
            "eps_growth_year": -42,
            "eps_4q": 1.7,
            "eps_4q_growth_year": -60.19,
            "roe": 1.4,
            "roe_4q": 3.48,
            "gross_profit": 195203,
            "gross_margin": 12.56,
            "gross_margin_4q_avg": 9.1,
            "net_income": 67919,
            "revenue": 1554582,
            "common_shares": 1030400,
            "book_valuer_per_share": 44.84,
            "book_valuer_per_share_4q_avg": 40.38,
            "equity": 4733897,
            "current_ratio": 364.38,
            "debt_ratio": 26.33,
            "inventory_turnover_ratio": 1.76,
            "account_receivable_turnover_ratio": 1.1,
            "reinvestment_rate": 72.74,
            "research_to_sale_ratio": 0.1,
            "price_fair": 115.24,
            "eps_avg_yearly": 3.91,
            "eps_latest_yearly": 2.32,
            "eps_growth_yearly": 19.44
        },
        "20184": {
            "year_quarter": 20184,
            "year": 2018,
            "quarter": 4,
            "eps": 0.49,
            "eps_growth_year": 18.28,
            "eps_4q": 1.67,
            "eps_4q_growth_year": -54.05,
            "roe": 0.95,
            "roe_4q": 3.369999999999999,
            "gross_profit": 193195,
            "gross_margin": 10.24,
            "gross_margin_4q_avg": 9.38,
            "net_income": 45335,
            "revenue": 1885835,
            "common_shares": 1030400,
            "book_valuer_per_share": 45.49,
            "book_valuer_per_share_4q_avg": 41.94,
            "equity": 4796329,
            "current_ratio": 368.29,
            "debt_ratio": 26.23,
            "inventory_turnover_ratio": 2.59,
            "account_receivable_turnover_ratio": 1.27,
            "reinvestment_rate": 65.44,
            "research_to_sale_ratio": 0.12,
            "price_fair": 134.5,
            "eps_avg_yearly": 3.84,
            "eps_latest_yearly": 1.96,
            "eps_growth_yearly": 40.9
        },
        "20191": {
            "year_quarter": 20191,
            "year": 2019,
            "quarter": 1,
            "eps": 0.21,
            "eps_growth_year": null,
            "eps_4q": 1.88,
            "eps_4q_growth_year": -28.44,
            "roe": 0.45,
            "roe_4q": 3.8099999999999996,
            "gross_profit": 116120,
            "gross_margin": 9.55,
            "gross_margin_4q_avg": 10.1,
            "net_income": 22022,
            "revenue": 1215382,
            "common_shares": 1030400,
            "book_valuer_per_share": 46.36,
            "book_valuer_per_share_4q_avg": 43.68,
            "equity": 4888833,
            "current_ratio": 499.52,
            "debt_ratio": 22,
            "inventory_turnover_ratio": 2.22,
            "account_receivable_turnover_ratio": 0.93,
            "reinvestment_rate": 73.34,
            "research_to_sale_ratio": 0.15,
            "price_fair": 71.29,
            "eps_avg_yearly": 3.58,
            "eps_latest_yearly": 0.84,
            "eps_growth_yearly": 9.9
        },
        "20192": {
            "year_quarter": 20192,
            "year": 2019,
            "quarter": 2,
            "eps": 0.67,
            "eps_growth_year": 71.79,
            "eps_4q": 2.06,
            "eps_4q_growth_year": 13.27,
            "roe": 1.47,
            "roe_4q": 4.27,
            "gross_profit": 169640,
            "gross_margin": 12.99,
            "gross_margin_4q_avg": 11.34,
            "net_income": 70835,
            "revenue": 1306424,
            "common_shares": 1030400,
            "book_valuer_per_share": 44.72,
            "book_valuer_per_share_4q_avg": 45.35,
            "equity": 4721139,
            "current_ratio": 376.07,
            "debt_ratio": 26.52,
            "inventory_turnover_ratio": 2.66,
            "account_receivable_turnover_ratio": 1.27,
            "reinvestment_rate": 69.69,
            "research_to_sale_ratio": 0.14,
            "price_fair": 127.3,
            "eps_avg_yearly": 3.64,
            "eps_latest_yearly": 2.68,
            "eps_growth_yearly": 88.81
        },
        "20193": {
            "year_quarter": 20193,
            "year": 2019,
            "quarter": 3,
            "eps": 0.78,
            "eps_growth_year": 34.48,
            "eps_4q": 2.15,
            "eps_4q_growth_year": 26.76,
            "roe": 1.81,
            "roe_4q": 4.680000000000001,
            "gross_profit": 191870,
            "gross_margin": 14.34,
            "gross_margin_4q_avg": 11.78,
            "net_income": 85414,
            "revenue": 1338163,
            "common_shares": 1030400,
            "book_valuer_per_share": 44.66,
            "book_valuer_per_share_4q_avg": 45.31,
            "equity": 4715976,
            "current_ratio": 394.7,
            "debt_ratio": 26.05,
            "inventory_turnover_ratio": 2.78,
            "account_receivable_turnover_ratio": 1.09,
            "reinvestment_rate": 68.58,
            "research_to_sale_ratio": 0.11,
            "price_fair": 120.5,
            "eps_avg_yearly": 3.44,
            "eps_latest_yearly": 3.12,
            "eps_growth_yearly": 35.17
        },
        "20194": {
            "year_quarter": 20194,
            "year": 2019,
            "quarter": 4,
            "eps": 0.56,
            "eps_growth_year": 13.75,
            "eps_4q": 2.22,
            "eps_4q_growth_year": 32.91,
            "roe": 1.31,
            "roe_4q": 5.04,
            "gross_profit": 172816,
            "gross_margin": 13.52,
            "gross_margin_4q_avg": 12.6,
            "net_income": 61411,
            "revenue": 1278380,
            "common_shares": 1030400,
            "book_valuer_per_share": 44.4,
            "book_valuer_per_share_4q_avg": 45.04,
            "equity": 4690367,
            "current_ratio": 386.58,
            "debt_ratio": 26.39,
            "inventory_turnover_ratio": 2.53,
            "account_receivable_turnover_ratio": 0.97,
            "reinvestment_rate": 69.56,
            "research_to_sale_ratio": 0.02,
            "price_fair": 113,
            "eps_avg_yearly": 3.23,
            "eps_latest_yearly": 2.24,
            "eps_growth_yearly": 30.04
        },
        "20201": {
            "year_quarter": 20201,
            "year": 2020,
            "quarter": 1,
            "eps": 0.08,
            "eps_growth_year": -61.9,
            "eps_4q": 2.09,
            "eps_4q_growth_year": 11.29,
            "roe": 0.19,
            "roe_4q": 4.78,
            "gross_profit": 40353,
            "gross_margin": 4.5,
            "gross_margin_4q_avg": 11.34,
            "net_income": 8802,
            "revenue": 896648,
            "common_shares": 1030400,
            "book_valuer_per_share": 44.36,
            "book_valuer_per_share_4q_avg": 44.54,
            "equity": 4685625,
            "current_ratio": 552.52,
            "debt_ratio": 21.61,
            "inventory_turnover_ratio": 1.87,
            "account_receivable_turnover_ratio": 0.86,
            "reinvestment_rate": 70.68,
            "research_to_sale_ratio": 0,
            "price_fair": 60.54,
            "eps_avg_yearly": 2.94,
            "eps_latest_yearly": 0.32,
            "eps_growth_yearly": 10.57
        },
        "20202": {
            "year_quarter": 20202,
            "year": 2020,
            "quarter": 2,
            "eps": 0.63,
            "eps_growth_year": -5.97,
            "eps_4q": 2.05,
            "eps_4q_growth_year": -0.44,
            "roe": 1.42,
            "roe_4q": 4.73,
            "gross_profit": 77553,
            "gross_margin": 8.65,
            "gross_margin_4q_avg": 10.25,
            "net_income": 64665,
            "revenue": 896866,
            "common_shares": 1030400,
            "book_valuer_per_share": 42.08,
            "book_valuer_per_share_4q_avg": 43.88,
            "equity": 4449273,
            "current_ratio": 424.79,
            "debt_ratio": 23.93,
            "inventory_turnover_ratio": 1.95,
            "account_receivable_turnover_ratio": 1.12,
            "reinvestment_rate": 79.5,
            "research_to_sale_ratio": 0,
            "price_fair": 97,
            "eps_avg_yearly": 2.77,
            "eps_latest_yearly": 2.52,
            "eps_growth_yearly": 203.03
        },
        "20203": {
            "year_quarter": 20203,
            "year": 2020,
            "quarter": 3,
            "eps": 0.87,
            "eps_growth_year": 11.54,
            "eps_4q": 2.14,
            "eps_4q_growth_year": -0.8,
            "roe": 1.97,
            "roe_4q": 4.89,
            "gross_profit": 115592,
            "gross_margin": 12.04,
            "gross_margin_4q_avg": 9.68,
            "net_income": 88820,
            "revenue": 960469,
            "common_shares": 1030400,
            "book_valuer_per_share": 43.39,
            "book_valuer_per_share_4q_avg": 43.56,
            "equity": 4585767,
            "current_ratio": 550.15,
            "debt_ratio": 19.62,
            "inventory_turnover_ratio": 2.18,
            "account_receivable_turnover_ratio": 1.23,
            "reinvestment_rate": 73,
            "research_to_sale_ratio": 0,
            "price_fair": 95.5,
            "eps_avg_yearly": 2.73,
            "eps_latest_yearly": 3.48,
            "eps_growth_yearly": 218.79
        },
        "20204": {
            "year_quarter": 20204,
            "year": 2020,
            "quarter": 4,
            "eps": 0.83,
            "eps_growth_year": 48.08,
            "eps_4q": 2.4,
            "eps_4q_growth_year": 8.27,
            "roe": 1.82,
            "roe_4q": 5.4,
            "gross_profit": 78464,
            "gross_margin": 9.3,
            "gross_margin_4q_avg": 8.62,
            "net_income": 84664,
            "revenue": 843733,
            "common_shares": 1030400,
            "book_valuer_per_share": 44.55,
            "book_valuer_per_share_4q_avg": 43.6,
            "equity": 4707349,
            "current_ratio": 519.46,
            "debt_ratio": 18.77,
            "inventory_turnover_ratio": 1.94,
            "account_receivable_turnover_ratio": 1.08,
            "reinvestment_rate": 65.78,
            "research_to_sale_ratio": 0,
            "price_fair": 93.3,
            "eps_avg_yearly": 2.67,
            "eps_latest_yearly": 3.32,
            "eps_growth_yearly": 216.64
        },
        "20211": {
            "year_quarter": 20211,
            "year": 2021,
            "quarter": 1,
            "eps": 0.07,
            "eps_growth_year": -12.5,
            "eps_4q": 2.39,
            "eps_4q_growth_year": 14.37,
            "roe": 0.11,
            "roe_4q": 5.32,
            "gross_profit": 40441,
            "gross_margin": 4.66,
            "gross_margin_4q_avg": 8.66,
            "net_income": 5064,
            "revenue": 867553,
            "common_shares": 1030400,
            "book_valuer_per_share": 44.49,
            "book_valuer_per_share_4q_avg": 43.63,
            "equity": 4698047,
            "current_ratio": 471.78,
            "debt_ratio": 19.3,
            "inventory_turnover_ratio": 1.86,
            "account_receivable_turnover_ratio": 1.11,
            "reinvestment_rate": 76.11,
            "research_to_sale_ratio": 0,
            "price_fair": 83.9,
            "eps_avg_yearly": 2.4,
            "eps_latest_yearly": 0.28,
            "eps_growth_yearly": 191.57
        },
        "20212": {
            "year_quarter": 20212,
            "year": 2021,
            "quarter": 2,
            "eps": 0,
            "eps_growth_year": -100,
            "eps_4q": 1.77,
            "eps_4q_growth_year": -13.67,
            "roe": -0.01,
            "roe_4q": 3.89,
            "gross_profit": 23491,
            "gross_margin": 2.69,
            "gross_margin_4q_avg": 7.17,
            "net_income": -270,
            "revenue": 873791,
            "common_shares": 1030400,
            "book_valuer_per_share": 41.87,
            "book_valuer_per_share_4q_avg": 43.58,
            "equity": 4427923,
            "current_ratio": 368.26,
            "debt_ratio": 21.14,
            "inventory_turnover_ratio": 1.63,
            "account_receivable_turnover_ratio": 1.26,
            "reinvestment_rate": 97.7,
            "research_to_sale_ratio": 0,
            "price_fair": 77.32,
            "eps_avg_yearly": 2.21,
            "eps_latest_yearly": 0.28,
            "eps_growth_yearly": 200.21
        },
        "20213": {
            "year_quarter": 20213,
            "year": 2021,
            "quarter": 3,
            "eps": -0.12,
            "eps_growth_year": -113.79,
            "eps_4q": 0.77,
            "eps_4q_growth_year": -63.78,
            "roe": -0.25,
            "roe_4q": 1.67,
            "gross_profit": 49290,
            "gross_margin": 4.62,
            "gross_margin_4q_avg": 5.32,
            "net_income": -10831,
            "revenue": 1067116,
            "common_shares": 1030400,
            "book_valuer_per_share": 41.67,
            "book_valuer_per_share_4q_avg": 43.15,
            "equity": 4407449,
            "current_ratio": 338.22,
            "debt_ratio": 22.56,
            "inventory_turnover_ratio": 1.86,
            "account_receivable_turnover_ratio": 1.46,
            "reinvestment_rate": 116.45,
            "research_to_sale_ratio": 0,
            "price_fair": 72.1,
            "eps_avg_yearly": 2.06,
            "eps_latest_yearly": 0.28,
            "eps_growth_yearly": 222.68
        },
        "20214": {
            "year_quarter": 20214,
            "year": 2021,
            "quarter": 4,
            "eps": -0.23,
            "eps_growth_year": -127.75,
            "eps_4q": -0.28,
            "eps_4q_growth_year": -111.73,
            "roe": -0.55,
            "roe_4q": -0.7000000000000001,
            "gross_profit": 15618,
            "gross_margin": 1.51,
            "gross_margin_4q_avg": 3.37,
            "net_income": -24169,
            "revenue": 1035758,
            "common_shares": 1030400,
            "book_valuer_per_share": 41.7,
            "book_valuer_per_share_4q_avg": 42.43,
            "equity": 4411591,
            "current_ratio": 290.48,
            "debt_ratio": 24.31,
            "inventory_turnover_ratio": 2.01,
            "account_receivable_turnover_ratio": 1.19,
            "reinvestment_rate": 129.05,
            "research_to_sale_ratio": null,
            "price_fair": 73.44,
            "eps_avg_yearly": 2.1,
            "eps_latest_yearly": 0.28,
            "eps_growth_yearly": 264.38
        },
        "20221": {
            "year_quarter": 20221,
            "year": 2022,
            "quarter": 1,
            "eps": -0.3,
            "eps_growth_year": -528.57,
            "eps_4q": -0.66,
            "eps_4q_growth_year": -127.51,
            "roe": -0.81,
            "roe_4q": -1.62,
            "gross_profit": 32874,
            "gross_margin": 3.5,
            "gross_margin_4q_avg": 3.08,
            "net_income": -35451,
            "revenue": 940490,
            "common_shares": 1030400,
            "book_valuer_per_share": 41.1,
            "book_valuer_per_share_4q_avg": 41.59,
            "equity": 4350375,
            "current_ratio": 266.66,
            "debt_ratio": 25.31,
            "inventory_turnover_ratio": 1.81,
            "account_receivable_turnover_ratio": 1.13,
            "reinvestment_rate": 97.32,
            "research_to_sale_ratio": null,
            "price_fair": 73.44,
            "eps_avg_yearly": 2.1,
            "eps_latest_yearly": 0.28,
            "eps_growth_yearly": 264.38
        },
        "20222": {
            "year_quarter": 20222,
            "year": 2022,
            "quarter": 2,
            "eps": -0.25,
            "eps_growth_year": null,
            "eps_4q": -0.91,
            "eps_4q_growth_year": -151.46,
            "roe": -0.64,
            "roe_4q": -2.25,
            "gross_profit": 37258,
            "gross_margin": 4.24,
            "gross_margin_4q_avg": 3.47,
            "net_income": -27608,
            "revenue": 879428,
            "common_shares": 1030400,
            "book_valuer_per_share": 40.76,
            "book_valuer_per_share_4q_avg": 41.31,
            "equity": 4311712,
            "current_ratio": 291.34,
            "debt_ratio": 24.92,
            "inventory_turnover_ratio": 1.57,
            "account_receivable_turnover_ratio": 1.22,
            "reinvestment_rate": 97.04,
            "research_to_sale_ratio": 0,
            "price_fair": 73.44,
            "eps_avg_yearly": 2.1,
            "eps_latest_yearly": 0.28,
            "eps_growth_yearly": 264.38
        },
        "20223": {
            "year_quarter": 20223,
            "year": 2022,
            "quarter": 3,
            "eps": 0.19,
            "eps_growth_year": null,
            "eps_4q": -0.6,
            "eps_4q_growth_year": -177.13,
            "roe": 0.53,
            "roe_4q": -1.4700000000000002,
            "gross_profit": 99110,
            "gross_margin": 9.99,
            "gross_margin_4q_avg": 4.81,
            "net_income": 22907,
            "revenue": 992515,
            "common_shares": 1030400,
            "book_valuer_per_share": 41.23,
            "book_valuer_per_share_4q_avg": 41.2,
            "equity": 4364300,
            "current_ratio": 290.32,
            "debt_ratio": 26.59,
            "inventory_turnover_ratio": 1.57,
            "account_receivable_turnover_ratio": 1.34,
            "reinvestment_rate": 113.22,
            "research_to_sale_ratio": null,
            "price_fair": 72.66,
            "eps_avg_yearly": 2.08,
            "eps_latest_yearly": 0.28,
            "eps_growth_yearly": 271.33
        },
        "20224": {
            "year_quarter": 20224,
            "year": 2022,
            "quarter": 4,
            "eps": -0.23,
            "eps_growth_year": null,
            "eps_4q": -0.6,
            "eps_4q_growth_year": null,
            "roe": -0.56,
            "roe_4q": -1.48,
            "gross_profit": 87979,
            "gross_margin": 9.8,
            "gross_margin_4q_avg": 6.88,
            "net_income": -24452,
            "revenue": 897312,
            "common_shares": 1030400,
            "book_valuer_per_share": 40.95,
            "book_valuer_per_share_4q_avg": 41.01,
            "equity": 4332488,
            "current_ratio": 296.4,
            "debt_ratio": 26.96,
            "inventory_turnover_ratio": 1.28,
            "account_receivable_turnover_ratio": 1.17,
            "reinvestment_rate": 119.77,
            "research_to_sale_ratio": null,
            "price_fair": 73.11,
            "eps_avg_yearly": 2.09,
            "eps_latest_yearly": 0.28,
            "eps_growth_yearly": 308.37
        },
        "20231": {
            "year_quarter": 20231,
            "year": 2023,
            "quarter": 1,
            "eps": 0.78,
            "eps_growth_year": null,
            "eps_4q": 0.49,
            "eps_4q_growth_year": null,
            "roe": 1.72,
            "roe_4q": 1.0499999999999998,
            "gross_profit": 51177,
            "gross_margin": 6.6,
            "gross_margin_4q_avg": 7.66,
            "net_income": 75195,
            "revenue": 775494,
            "common_shares": 1030400,
            "book_valuer_per_share": 41.74,
            "book_valuer_per_share_4q_avg": 41.17,
            "equity": 4409569,
            "current_ratio": 346.06,
            "debt_ratio": 24.65,
            "inventory_turnover_ratio": 1.07,
            "account_receivable_turnover_ratio": 1.19,
            "reinvestment_rate": 114.31,
            "research_to_sale_ratio": 0.02,
            "price_fair": 78.58,
            "eps_avg_yearly": 2.25,
            "eps_latest_yearly": 0.28,
            "eps_growth_yearly": 375.49
        }
    },
    "months": {
        "2001-06": {
            "month": "2001-06",
            "price": "21.48",
            "revenue": 260224
        },
        "2001-07": {
            "month": "2001-07",
            "price": "17.60",
            "revenue": 263589
        },
        "2001-08": {
            "month": "2001-08",
            "price": "15.68",
            "revenue": 249808
        },
        "2001-09": {
            "month": "2001-09",
            "price": "12.96",
            "revenue": 221248
        },
        "2001-10": {
            "month": "2001-10",
            "price": "12.15",
            "revenue": 236560
        },
        "2001-11": {
            "month": "2001-11",
            "price": "13.45",
            "revenue": 271768
        },
        "2001-12": {
            "month": "2001-12",
            "price": "17.13",
            "revenue": 225795
        },
        "2002-01": {
            "month": "2002-01",
            "price": "19.95",
            "revenue": 261752
        },
        "2002-02": {
            "month": "2002-02",
            "price": "28.65",
            "revenue": 211211
        },
        "2002-03": {
            "month": "2002-03",
            "price": "37.55",
            "revenue": 290790
        },
        "2002-04": {
            "month": "2002-04",
            "price": "50.43",
            "revenue": 317834
        },
        "2002-05": {
            "month": "2002-05",
            "price": "47.79",
            "revenue": 320621
        },
        "2002-06": {
            "month": "2002-06",
            "price": "43.16",
            "revenue": 303438
        },
        "2002-07": {
            "month": "2002-07",
            "price": "35.75",
            "revenue": 320497
        },
        "2002-08": {
            "month": "2002-08",
            "price": "40.59",
            "revenue": 350279
        },
        "2002-09": {
            "month": "2002-09",
            "price": "39.12",
            "revenue": 352746
        },
        "2002-10": {
            "month": "2002-10",
            "price": "33.08",
            "revenue": 367019
        },
        "2002-11": {
            "month": "2002-11",
            "price": "32.12",
            "revenue": 315236
        },
        "2002-12": {
            "month": "2002-12",
            "price": "26.37",
            "revenue": 309346
        },
        "2003-01": {
            "month": "2003-01",
            "price": "23.98",
            "revenue": 326860
        },
        "2003-02": {
            "month": "2003-02",
            "price": "23.51",
            "revenue": 276135
        },
        "2003-03": {
            "month": "2003-03",
            "price": "26.18",
            "revenue": 342774
        },
        "2003-04": {
            "month": "2003-04",
            "price": "27.70",
            "revenue": 367039
        },
        "2003-05": {
            "month": "2003-05",
            "price": "24.55",
            "revenue": 307249
        },
        "2003-06": {
            "month": "2003-06",
            "price": "24.94",
            "revenue": 253616
        },
        "2003-07": {
            "month": "2003-07",
            "price": "22.53",
            "revenue": 273267
        },
        "2003-08": {
            "month": "2003-08",
            "price": "20.31",
            "revenue": 311206
        },
        "2003-09": {
            "month": "2003-09",
            "price": "21.89",
            "revenue": 365245
        },
        "2003-10": {
            "month": "2003-10",
            "price": "23.29",
            "revenue": 389051
        },
        "2003-11": {
            "month": "2003-11",
            "price": "23.31",
            "revenue": 421415
        },
        "2003-12": {
            "month": "2003-12",
            "price": "23.77",
            "revenue": 396334
        },
        "2004-01": {
            "month": "2004-01",
            "price": "23.92",
            "revenue": 296737
        },
        "2004-02": {
            "month": "2004-02",
            "price": "22.71",
            "revenue": 368894
        },
        "2004-03": {
            "month": "2004-03",
            "price": "21.56",
            "revenue": 428715
        },
        "2004-04": {
            "month": "2004-04",
            "price": "21.68",
            "revenue": 462167
        },
        "2004-05": {
            "month": "2004-05",
            "price": "20.16",
            "revenue": 480874
        },
        "2004-06": {
            "month": "2004-06",
            "price": "18.17",
            "revenue": 443099
        },
        "2004-07": {
            "month": "2004-07",
            "price": "14.77",
            "revenue": 432157
        },
        "2004-08": {
            "month": "2004-08",
            "price": "12.98",
            "revenue": 512876
        },
        "2004-09": {
            "month": "2004-09",
            "price": "12.10",
            "revenue": 533321
        },
        "2004-10": {
            "month": "2004-10",
            "price": "11.67",
            "revenue": 451314
        },
        "2004-11": {
            "month": "2004-11",
            "price": "10.67",
            "revenue": 420056
        },
        "2004-12": {
            "month": "2004-12",
            "price": "9.57",
            "revenue": 406055
        },
        "2005-01": {
            "month": "2005-01",
            "price": "9.09",
            "revenue": 412778
        },
        "2005-02": {
            "month": "2005-02",
            "price": "9.87",
            "revenue": 330064
        },
        "2005-03": {
            "month": "2005-03",
            "price": "10.11",
            "revenue": 423241
        },
        "2005-04": {
            "month": "2005-04",
            "price": "8.93",
            "revenue": 401983
        },
        "2005-05": {
            "month": "2005-05",
            "price": "8.25",
            "revenue": 431892
        },
        "2005-06": {
            "month": "2005-06",
            "price": "9.01",
            "revenue": 510976
        },
        "2005-07": {
            "month": "2005-07",
            "price": "10.13",
            "revenue": 405633
        },
        "2005-08": {
            "month": "2005-08",
            "price": "8.68",
            "revenue": 503752
        },
        "2005-09": {
            "month": "2005-09",
            "price": "8.30",
            "revenue": 452751
        },
        "2005-10": {
            "month": "2005-10",
            "price": "7.99",
            "revenue": 441146
        },
        "2005-11": {
            "month": "2005-11",
            "price": "7.50",
            "revenue": 573370
        },
        "2005-12": {
            "month": "2005-12",
            "price": "8.53",
            "revenue": 398553
        },
        "2006-01": {
            "month": "2006-01",
            "price": "8.76",
            "revenue": 367035
        },
        "2006-02": {
            "month": "2006-02",
            "price": "7.93",
            "revenue": 326879
        },
        "2006-03": {
            "month": "2006-03",
            "price": "7.59",
            "revenue": 395296
        },
        "2006-04": {
            "month": "2006-04",
            "price": "7.82",
            "revenue": 411828
        },
        "2006-05": {
            "month": "2006-05",
            "price": "8.58",
            "revenue": 348728
        },
        "2006-06": {
            "month": "2006-06",
            "price": "7.38",
            "revenue": 393471
        },
        "2006-07": {
            "month": "2006-07",
            "price": "7.00",
            "revenue": 431565
        },
        "2006-08": {
            "month": "2006-08",
            "price": "6.86",
            "revenue": 555457
        },
        "2006-09": {
            "month": "2006-09",
            "price": "6.86",
            "revenue": 458124
        },
        "2006-10": {
            "month": "2006-10",
            "price": "7.32",
            "revenue": 464158
        },
        "2006-11": {
            "month": "2006-11",
            "price": "8.06",
            "revenue": 491117
        },
        "2006-12": {
            "month": "2006-12",
            "price": "9.83",
            "revenue": 548463
        },
        "2007-01": {
            "month": "2007-01",
            "price": "13.18",
            "revenue": 498220
        },
        "2007-02": {
            "month": "2007-02",
            "price": "11.55",
            "revenue": 364496
        },
        "2007-03": {
            "month": "2007-03",
            "price": "12.28",
            "revenue": 538067
        },
        "2007-04": {
            "month": "2007-04",
            "price": "12.61",
            "revenue": 463714
        },
        "2007-05": {
            "month": "2007-05",
            "price": "11.95",
            "revenue": 502898
        },
        "2007-06": {
            "month": "2007-06",
            "price": "16.44",
            "revenue": 478031
        },
        "2007-07": {
            "month": "2007-07",
            "price": "16.40",
            "revenue": 533500
        },
        "2007-08": {
            "month": "2007-08",
            "price": "13.52",
            "revenue": 591426
        },
        "2007-09": {
            "month": "2007-09",
            "price": "12.81",
            "revenue": 594341
        },
        "2007-10": {
            "month": "2007-10",
            "price": "12.44",
            "revenue": 574919
        },
        "2007-11": {
            "month": "2007-11",
            "price": "9.97",
            "revenue": 504550
        },
        "2007-12": {
            "month": "2007-12",
            "price": "9.55",
            "revenue": 527345
        },
        "2008-01": {
            "month": "2008-01",
            "price": "8.64",
            "revenue": 523805
        },
        "2008-02": {
            "month": "2008-02",
            "price": "8.38",
            "revenue": 398994
        },
        "2008-03": {
            "month": "2008-03",
            "price": "9.54",
            "revenue": 528526
        },
        "2008-04": {
            "month": "2008-04",
            "price": "9.94",
            "revenue": 581060
        },
        "2008-05": {
            "month": "2008-05",
            "price": "9.92",
            "revenue": 623317
        },
        "2008-06": {
            "month": "2008-06",
            "price": "9.38",
            "revenue": 608996
        },
        "2008-07": {
            "month": "2008-07",
            "price": "7.68",
            "revenue": 516491
        },
        "2008-08": {
            "month": "2008-08",
            "price": "7.68",
            "revenue": 523552
        },
        "2008-09": {
            "month": "2008-09",
            "price": "6.42",
            "revenue": 551236
        },
        "2008-10": {
            "month": "2008-10",
            "price": "5.10",
            "revenue": 565819
        },
        "2008-11": {
            "month": "2008-11",
            "price": "4.46",
            "revenue": 478655
        },
        "2008-12": {
            "month": "2008-12",
            "price": "4.50",
            "revenue": 447208
        },
        "2009-01": {
            "month": "2009-01",
            "price": "4.72",
            "revenue": 369119
        },
        "2009-02": {
            "month": "2009-02",
            "price": "4.94",
            "revenue": 334084
        },
        "2009-03": {
            "month": "2009-03",
            "price": "5.61",
            "revenue": 378722
        },
        "2009-04": {
            "month": "2009-04",
            "price": "6.58",
            "revenue": 366254
        },
        "2009-05": {
            "month": "2009-05",
            "price": "7.40",
            "revenue": 352224
        },
        "2009-06": {
            "month": "2009-06",
            "price": "7.83",
            "revenue": 367403
        },
        "2009-07": {
            "month": "2009-07",
            "price": "8.57",
            "revenue": 346051
        },
        "2009-08": {
            "month": "2009-08",
            "price": "8.91",
            "revenue": 444545
        },
        "2009-09": {
            "month": "2009-09",
            "price": "10.44",
            "revenue": 425801
        },
        "2009-10": {
            "month": "2009-10",
            "price": "10.90",
            "revenue": 387772
        },
        "2009-11": {
            "month": "2009-11",
            "price": "11.05",
            "revenue": 399654
        },
        "2009-12": {
            "month": "2009-12",
            "price": "12.14",
            "revenue": 550179
        },
        "2010-01": {
            "month": "2010-01",
            "price": "12.52",
            "revenue": 399000
        },
        "2010-02": {
            "month": "2010-02",
            "price": "10.52",
            "revenue": 329514
        },
        "2010-03": {
            "month": "2010-03",
            "price": "13.14",
            "revenue": 555200
        },
        "2010-04": {
            "month": "2010-04",
            "price": "23.34",
            "revenue": 525096
        },
        "2010-05": {
            "month": "2010-05",
            "price": "28.90",
            "revenue": 752037
        },
        "2010-06": {
            "month": "2010-06",
            "price": "32.31",
            "revenue": 717628
        },
        "2010-07": {
            "month": "2010-07",
            "price": "31.37",
            "revenue": 571681
        },
        "2010-08": {
            "month": "2010-08",
            "price": "38.72",
            "revenue": 522529
        },
        "2010-09": {
            "month": "2010-09",
            "price": "42.81",
            "revenue": 677516
        },
        "2010-10": {
            "month": "2010-10",
            "price": "43.04",
            "revenue": 724791
        },
        "2010-11": {
            "month": "2010-11",
            "price": "46.71",
            "revenue": 629261
        },
        "2010-12": {
            "month": "2010-12",
            "price": "55.02",
            "revenue": 580340
        },
        "2011-01": {
            "month": "2011-01",
            "price": "61.78",
            "revenue": 509643
        },
        "2011-02": {
            "month": "2011-02",
            "price": "57.45",
            "revenue": 574106
        },
        "2011-03": {
            "month": "2011-03",
            "price": "58.46",
            "revenue": 658537
        },
        "2011-04": {
            "month": "2011-04",
            "price": "60.05",
            "revenue": 553636
        },
        "2011-05": {
            "month": "2011-05",
            "price": "58.18",
            "revenue": 588382
        },
        "2011-06": {
            "month": "2011-06",
            "price": "54.61",
            "revenue": 555755
        },
        "2011-07": {
            "month": "2011-07",
            "price": "50.79",
            "revenue": 566428
        },
        "2011-08": {
            "month": "2011-08",
            "price": "42.34",
            "revenue": 562185
        },
        "2011-09": {
            "month": "2011-09",
            "price": "43.67",
            "revenue": 556913
        },
        "2011-10": {
            "month": "2011-10",
            "price": "41.32",
            "revenue": 601842
        },
        "2011-11": {
            "month": "2011-11",
            "price": "36.59",
            "revenue": 639084
        },
        "2011-12": {
            "month": "2011-12",
            "price": "31.86",
            "revenue": 700561
        },
        "2012-01": {
            "month": "2012-01",
            "price": "35.22",
            "revenue": 569288
        },
        "2012-02": {
            "month": "2012-02",
            "price": "41.44",
            "revenue": 627850
        },
        "2012-03": {
            "month": "2012-03",
            "price": "43.93",
            "revenue": 618809
        },
        "2012-04": {
            "month": "2012-04",
            "price": "42.90",
            "revenue": 590976
        },
        "2012-05": {
            "month": "2012-05",
            "price": "40.75",
            "revenue": 594877
        },
        "2012-06": {
            "month": "2012-06",
            "price": "40.93",
            "revenue": 662572
        },
        "2012-07": {
            "month": "2012-07",
            "price": "37.67",
            "revenue": 547947
        },
        "2012-08": {
            "month": "2012-08",
            "price": "36.21",
            "revenue": 602565
        },
        "2012-09": {
            "month": "2012-09",
            "price": "34.72",
            "revenue": 683885
        },
        "2012-10": {
            "month": "2012-10",
            "price": "33.70",
            "revenue": 563554
        },
        "2012-11": {
            "month": "2012-11",
            "price": "33.29",
            "revenue": 668423
        },
        "2012-12": {
            "month": "2012-12",
            "price": "35.44",
            "revenue": 680597
        },
        "2013-01": {
            "month": "2013-01",
            "price": "35.87",
            "revenue": 587169
        },
        "2013-02": {
            "month": "2013-02",
            "price": "36.44",
            "revenue": 541617
        },
        "2013-03": {
            "month": "2013-03",
            "price": "38.41",
            "revenue": 856349
        },
        "2013-04": {
            "month": "2013-04",
            "price": "42.86",
            "revenue": 736313
        },
        "2013-05": {
            "month": "2013-05",
            "price": "45.83",
            "revenue": 781539
        },
        "2013-06": {
            "month": "2013-06",
            "price": "48.57",
            "revenue": 800598
        },
        "2013-07": {
            "month": "2013-07",
            "price": "49.75",
            "revenue": 695210
        },
        "2013-08": {
            "month": "2013-08",
            "price": "56.56",
            "revenue": 699089
        },
        "2013-09": {
            "month": "2013-09",
            "price": "55.61",
            "revenue": 732714
        },
        "2013-10": {
            "month": "2013-10",
            "price": "56.49",
            "revenue": 621786
        },
        "2013-11": {
            "month": "2013-11",
            "price": "55.20",
            "revenue": 695500
        },
        "2013-12": {
            "month": "2013-12",
            "price": "55.55",
            "revenue": 749893
        },
        "2014-01": {
            "month": "2014-01",
            "price": "57.07",
            "revenue": 626312
        },
        "2014-02": {
            "month": "2014-02",
            "price": "59.26",
            "revenue": 726167
        },
        "2014-03": {
            "month": "2014-03",
            "price": "60.30",
            "revenue": 811016
        },
        "2014-04": {
            "month": "2014-04",
            "price": "57.68",
            "revenue": 746594
        },
        "2014-05": {
            "month": "2014-05",
            "price": "55.63",
            "revenue": 769674
        },
        "2014-06": {
            "month": "2014-06",
            "price": "57.66",
            "revenue": 905303
        },
        "2014-07": {
            "month": "2014-07",
            "price": "65.20",
            "revenue": 716622
        },
        "2014-08": {
            "month": "2014-08",
            "price": "63.37",
            "revenue": 760294
        },
        "2014-09": {
            "month": "2014-09",
            "price": "63.95",
            "revenue": 997617
        },
        "2014-10": {
            "month": "2014-10",
            "price": "62.80",
            "revenue": 699857
        },
        "2014-11": {
            "month": "2014-11",
            "price": "64.28",
            "revenue": 910643
        },
        "2014-12": {
            "month": "2014-12",
            "price": "64.50",
            "revenue": 853753
        },
        "2015-01": {
            "month": "2015-01",
            "price": "66.19",
            "revenue": 791541
        },
        "2015-02": {
            "month": "2015-02",
            "price": "66.37",
            "revenue": 759578
        },
        "2015-03": {
            "month": "2015-03",
            "price": "68.97",
            "revenue": 883366
        },
        "2015-04": {
            "month": "2015-04",
            "price": "66.64",
            "revenue": 752502
        },
        "2015-05": {
            "month": "2015-05",
            "price": "61.96",
            "revenue": 774779
        },
        "2015-06": {
            "month": "2015-06",
            "price": "58.35",
            "revenue": 766846
        },
        "2015-07": {
            "month": "2015-07",
            "price": "54.60",
            "revenue": 759136
        },
        "2015-08": {
            "month": "2015-08",
            "price": "44.01",
            "revenue": 774628
        },
        "2015-09": {
            "month": "2015-09",
            "price": "43.19",
            "revenue": 819439
        },
        "2015-10": {
            "month": "2015-10",
            "price": "42.12",
            "revenue": 657196
        },
        "2015-11": {
            "month": "2015-11",
            "price": "38.87",
            "revenue": 813475
        },
        "2015-12": {
            "month": "2015-12",
            "price": "38.23",
            "revenue": 755315
        },
        "2016-01": {
            "month": "2016-01",
            "price": "35.72",
            "revenue": 669342
        },
        "2016-02": {
            "month": "2016-02",
            "price": "35.67",
            "revenue": 699533
        },
        "2016-03": {
            "month": "2016-03",
            "price": "40.79",
            "revenue": 1019538
        },
        "2016-04": {
            "month": "2016-04",
            "price": "42.06",
            "revenue": 747122
        },
        "2016-05": {
            "month": "2016-05",
            "price": "38.74",
            "revenue": 932329
        },
        "2016-06": {
            "month": "2016-06",
            "price": "40.63",
            "revenue": 883773
        },
        "2016-07": {
            "month": "2016-07",
            "price": "39.17",
            "revenue": 736298
        },
        "2016-08": {
            "month": "2016-08",
            "price": "39.48",
            "revenue": 758288
        },
        "2016-09": {
            "month": "2016-09",
            "price": "39.29",
            "revenue": 976585
        },
        "2016-10": {
            "month": "2016-10",
            "price": "39.28",
            "revenue": 665723
        },
        "2016-11": {
            "month": "2016-11",
            "price": "39.04",
            "revenue": 857199
        },
        "2016-12": {
            "month": "2016-12",
            "price": "41.33",
            "revenue": 904821
        },
        "2017-01": {
            "month": "2017-01",
            "price": "44.22",
            "revenue": 625696
        },
        "2017-02": {
            "month": "2017-02",
            "price": "45.29",
            "revenue": 541311
        },
        "2017-03": {
            "month": "2017-03",
            "price": "45.33",
            "revenue": 999978
        },
        "2017-04": {
            "month": "2017-04",
            "price": "46.16",
            "revenue": 675784
        },
        "2017-05": {
            "month": "2017-05",
            "price": "47.18",
            "revenue": 919837
        },
        "2017-06": {
            "month": "2017-06",
            "price": "48.85",
            "revenue": 935840
        },
        "2017-07": {
            "month": "2017-07",
            "price": "45.48",
            "revenue": 778889
        },
        "2017-08": {
            "month": "2017-08",
            "price": "47.03",
            "revenue": 867436
        },
        "2017-09": {
            "month": "2017-09",
            "price": "51.89",
            "revenue": 786549
        },
        "2017-10": {
            "month": "2017-10",
            "price": "50.52",
            "revenue": 743774
        },
        "2017-11": {
            "month": "2017-11",
            "price": "42.47",
            "revenue": 844611
        },
        "2017-12": {
            "month": "2017-12",
            "price": "40.32",
            "revenue": 679567
        },
        "2018-01": {
            "month": "2018-01",
            "price": "40.52",
            "revenue": 608470
        },
        "2018-02": {
            "month": "2018-02",
            "price": "39.91",
            "revenue": 502816
        },
        "2018-03": {
            "month": "2018-03",
            "price": "40.20",
            "revenue": 625600
        },
        "2018-04": {
            "month": "2018-04",
            "price": "38.66",
            "revenue": 577904
        },
        "2018-05": {
            "month": "2018-05",
            "price": "33.32",
            "revenue": 624992
        },
        "2018-06": {
            "month": "2018-06",
            "price": "31.04",
            "revenue": 542818
        },
        "2018-07": {
            "month": "2018-07",
            "price": "25.85",
            "revenue": 547700
        },
        "2018-08": {
            "month": "2018-08",
            "price": "24.96",
            "revenue": 525483
        },
        "2018-09": {
            "month": "2018-09",
            "price": "27.81",
            "revenue": 481399
        },
        "2018-10": {
            "month": "2018-10",
            "price": "24.21",
            "revenue": 527353
        },
        "2018-11": {
            "month": "2018-11",
            "price": "22.26",
            "revenue": 715385
        },
        "2018-12": {
            "month": "2018-12",
            "price": "24.81",
            "revenue": 643097
        },
        "2019-01": {
            "month": "2019-01",
            "price": "24.65",
            "revenue": 597077
        },
        "2019-02": {
            "month": "2019-02",
            "price": "25.26",
            "revenue": 217896
        },
        "2019-03": {
            "month": "2019-03",
            "price": "25.20",
            "revenue": 400408
        },
        "2019-04": {
            "month": "2019-04",
            "price": "24.64",
            "revenue": 430461
        },
        "2019-05": {
            "month": "2019-05",
            "price": "25.11",
            "revenue": 455388
        },
        "2019-06": {
            "month": "2019-06",
            "price": "25.28",
            "revenue": 420575
        },
        "2019-07": {
            "month": "2019-07",
            "price": "29.47",
            "revenue": 552162
        },
        "2019-08": {
            "month": "2019-08",
            "price": "34.05",
            "revenue": 437243
        },
        "2019-09": {
            "month": "2019-09",
            "price": "33.77",
            "revenue": 348760
        },
        "2019-10": {
            "month": "2019-10",
            "price": "30.94",
            "revenue": 396893
        },
        "2019-11": {
            "month": "2019-11",
            "price": "31.10",
            "revenue": 466465
        },
        "2019-12": {
            "month": "2019-12",
            "price": "31.08",
            "revenue": 415021
        },
        "2020-01": {
            "month": "2020-01",
            "price": "30.04",
            "revenue": 330515
        },
        "2020-02": {
            "month": "2020-02",
            "price": "28.92",
            "revenue": 212379
        },
        "2020-03": {
            "month": "2020-03",
            "price": "25.63",
            "revenue": 353754
        },
        "2020-04": {
            "month": "2020-04",
            "price": "26.56",
            "revenue": 304635
        },
        "2020-05": {
            "month": "2020-05",
            "price": "28.84",
            "revenue": 290576
        },
        "2020-06": {
            "month": "2020-06",
            "price": "29.36",
            "revenue": 301655
        },
        "2020-07": {
            "month": "2020-07",
            "price": "27.53",
            "revenue": 315023
        },
        "2020-08": {
            "month": "2020-08",
            "price": "26.50",
            "revenue": 322404
        },
        "2020-09": {
            "month": "2020-09",
            "price": "26.66",
            "revenue": 323041
        },
        "2020-10": {
            "month": "2020-10",
            "price": "26.37",
            "revenue": 246723
        },
        "2020-11": {
            "month": "2020-11",
            "price": "26.45",
            "revenue": 277487
        },
        "2020-12": {
            "month": "2020-12",
            "price": "27.41",
            "revenue": 319524
        },
        "2021-01": {
            "month": "2021-01",
            "price": "27.02",
            "revenue": 307604
        },
        "2021-02": {
            "month": "2021-02",
            "price": "26.87",
            "revenue": 170676
        },
        "2021-03": {
            "month": "2021-03",
            "price": "28.49",
            "revenue": 389272
        },
        "2021-04": {
            "month": "2021-04",
            "price": "31.01",
            "revenue": 326132
        },
        "2021-05": {
            "month": "2021-05",
            "price": "29.23",
            "revenue": 257754
        },
        "2021-06": {
            "month": "2021-06",
            "price": "29.35",
            "revenue": 289905
        },
        "2021-07": {
            "month": "2021-07",
            "price": "28.16",
            "revenue": 364188
        },
        "2021-08": {
            "month": "2021-08",
            "price": "26.46",
            "revenue": 344772
        },
        "2021-09": {
            "month": "2021-09",
            "price": "26.20",
            "revenue": 358155
        },
        "2021-10": {
            "month": "2021-10",
            "price": "25.98",
            "revenue": 311766
        },
        "2021-11": {
            "month": "2021-11",
            "price": "26.07",
            "revenue": 330264
        },
        "2021-12": {
            "month": "2021-12",
            "price": "29.55",
            "revenue": 393728
        },
        "2022-01": {
            "month": "2022-01",
            "price": "27.37",
            "revenue": 388434
        },
        "2022-02": {
            "month": "2022-02",
            "price": "27.26",
            "revenue": 219014
        },
        "2022-03": {
            "month": "2022-03",
            "price": "26.67",
            "revenue": 333042
        },
        "2022-04": {
            "month": "2022-04",
            "price": "24.69",
            "revenue": 318385
        },
        "2022-05": {
            "month": "2022-05",
            "price": "23.95",
            "revenue": 252569
        },
        "2022-06": {
            "month": "2022-06",
            "price": "24.00",
            "revenue": 308474
        },
        "2022-07": {
            "month": "2022-07",
            "price": "22.76",
            "revenue": 308922
        },
        "2022-08": {
            "month": "2022-08",
            "price": "22.36",
            "revenue": 333644
        },
        "2022-09": {
            "month": "2022-09",
            "price": "22.10",
            "revenue": 349949
        },
        "2022-10": {
            "month": "2022-10",
            "price": "20.38",
            "revenue": 287979
        },
        "2022-11": {
            "month": "2022-11",
            "price": "19.85",
            "revenue": 327300
        },
        "2022-12": {
            "month": "2022-12",
            "price": "20.48",
            "revenue": 282034
        },
        "2023-01": {
            "month": "2023-01",
            "price": "20.57",
            "revenue": 241962
        },
        "2023-02": {
            "month": "2023-02",
            "price": "20.99",
            "revenue": 254661
        },
        "2023-03": {
            "month": "2023-03",
            "price": "21.53",
            "revenue": 278871
        },
        "2023-04": {
            "month": "2023-04",
            "price": "21.91",
            "revenue": 240240
        },
        "2023-05": {
            "month": "2023-05",
            "price": "27.11",
            "revenue": 228196
        }
    }
}
