{
    "summary": {
        "stock_name": "力麗店",
        "stock_id": "5364",
        "category": "觀光",
        "main_business": "一般旅館(飯店旅館經營、籌建規劃、市場分析規劃)",
        "website_url": "http://www.lealeahotel.com",
        "ceo": "蔡宗易",
        "pe_ratio": -22,
        "report_year_from": 2001,
        "report_year_to": 2023,
        "age": 22,
        "eps_negative_percentage": 65,
        "eps_growth_avg": {
            "last_all": -28.5,
            "last_2y": null,
            "last_4y": null,
            "last_8y": -28.7,
            "last_12y": -28.7,
            "last_16y": -18.28,
            "last_20y": -28.5,
            "at_2006_last_3y": 100,
            "at_2007_last_3y": 43.42,
            "at_2008_last_3y": -4.38,
            "at_2009_last_3y": -4.38,
            "at_2010_last_3y": -56.58,
            "at_2011_last_3y": -100,
            "at_2012_last_3y": null,
            "at_2013_last_3y": null,
            "at_2014_last_3y": -59.84,
            "at_2015_last_3y": -13.42,
            "at_2016_last_3y": -4.94,
            "at_2017_last_3y": -28.7,
            "at_2018_last_3y": -18.32,
            "at_2019_last_3y": -43.98,
            "at_2020_last_3y": -100,
            "at_2021_last_3y": null,
            "at_2022_last_3y": null,
            "at_2023_last_3y": null,
            "at_2006_last_all": 0,
            "at_2007_last_all": -4.38,
            "at_2008_last_all": -28.29,
            "at_2009_last_all": -28.29,
            "at_2010_last_all": -28.29,
            "at_2011_last_all": -28.29,
            "at_2012_last_all": -28.29,
            "at_2013_last_all": -28.29,
            "at_2014_last_all": -34.6,
            "at_2015_last_all": -23.33,
            "at_2016_last_all": -18.28,
            "at_2017_last_all": -28.5,
            "at_2018_last_all": -28.5,
            "at_2019_last_all": -28.5,
            "at_2020_last_all": -28.5,
            "at_2021_last_all": -28.5,
            "at_2022_last_all": -28.5,
            "at_2023_last_all": -28.5
        },
        "latest_eps": -1.52,
        "latest_price": 33,
        "latest_roe": -17.06,
        "latest_gross_margin": -6.99,
        "latest_equity": 324891,
        "latest_revenue": 105436,
        "latest_gross_profit": -7372,
        "latest_net_income": -23208,
        "latest_debt_ratio": 66.8,
        "latest_current_ratio": 37.56,
        "latest_account_receivable_turnover_ratio": 9.32,
        "latest_inventory_turnover_ratio": null,
        "latest_reinvestment_rate": null,
        "latest_research_to_sale_ratio": null
    },
    "eps_dividends": {
        "1999": {
            "cash": 3,
            "stock": 3,
            "eps": 0
        },
        "2001": {
            "cash": 0,
            "stock": 0,
            "eps": 0.45
        },
        "2002": {
            "cash": 0,
            "stock": 0,
            "eps": -4.66
        },
        "2003": {
            "cash": 0,
            "stock": 0,
            "eps": -2.02
        },
        "2004": {
            "cash": 0,
            "stock": 0,
            "eps": -2.05
        },
        "2005": {
            "cash": 0,
            "stock": 0,
            "eps": 1.75
        },
        "2006": {
            "cash": 0,
            "stock": 0,
            "eps": 4.03
        },
        "2007": {
            "cash": 0,
            "stock": 0.45,
            "eps": 3.5
        },
        "2008": {
            "cash": 0.29,
            "stock": 1.26,
            "eps": -4.72
        },
        "2009": {
            "cash": 0,
            "stock": 0,
            "eps": -3.5
        },
        "2010": {
            "cash": 0,
            "stock": 0,
            "eps": -6.52
        },
        "2011": {
            "cash": 0,
            "stock": 0,
            "eps": -0.23
        },
        "2012": {
            "cash": 0,
            "stock": 0,
            "eps": -0.67
        },
        "2013": {
            "cash": 0,
            "stock": 0,
            "eps": 2.49
        },
        "2014": {
            "cash": 0,
            "stock": 0,
            "eps": 1
        },
        "2015": {
            "cash": 0,
            "stock": 0,
            "eps": 1.33
        },
        "2016": {
            "cash": 1,
            "stock": 0,
            "eps": 1.49
        },
        "2017": {
            "cash": 1,
            "stock": 0,
            "eps": -1.31
        },
        "2018": {
            "cash": 0,
            "stock": 0,
            "eps": -2.45
        },
        "2019": {
            "cash": 0,
            "stock": 0,
            "eps": -1.97
        },
        "2020": {
            "cash": 0,
            "stock": 0,
            "eps": -2.06
        },
        "2021": {
            "cash": 0,
            "stock": 0,
            "eps": -2.41
        },
        "2022": {
            "cash": 0,
            "stock": 0,
            "eps": -1.17
        },
        "2023": {
            "cash": 0,
            "stock": 0,
            "eps": -0.53
        }
    },
    "dividends": {
        "1999-06-05": {
            "cash": 3,
            "stock": 3
        },
        "2007-03-19": {
            "cash": 0,
            "stock": 0.45
        },
        "2008-04-23": {
            "cash": 0.29,
            "stock": 1.26
        },
        "2016-07-25": {
            "cash": 1,
            "stock": 0
        },
        "2017-07-26": {
            "cash": 1,
            "stock": 0
        }
    },
    "prices": {
        "200101": "4.32",
        "200102": "7.59",
        "200103": "7.78",
        "200104": "7.47",
        "200105": "6.39",
        "200106": "6.70",
        "200107": "5.32",
        "200108": "4.61",
        "200109": "3.81",
        "200110": "3.44",
        "200111": "5.66",
        "200112": "7.19",
        "200201": "10.25",
        "200202": "10.16",
        "200203": "10.34",
        "200204": "14.95",
        "200205": "10.83",
        "200206": "11.02",
        "200207": "9.30",
        "200208": "8.01",
        "200209": "6.57",
        "200210": "5.92",
        "200211": "6.25",
        "200212": "5.59",
        "200301": "5.87",
        "200302": "5.98",
        "200303": "5.27",
        "200304": "4.82",
        "200305": "3.60",
        "200306": "4.99",
        "200307": "5.67",
        "200308": "4.73",
        "200309": "3.99",
        "200310": "4.03",
        "200311": "4.42",
        "200312": "4.25",
        "200401": "4.54",
        "200402": "5.42",
        "200403": "5.68",
        "200404": "9.84",
        "200405": "7.88",
        "200406": "7.61",
        "200407": "5.98",
        "200408": "6.12",
        "200409": "6.52",
        "200410": "6.88",
        "200411": "6.36",
        "200412": "5.76",
        "200501": "6.39",
        "200502": "7.22",
        "200503": "無",
        "200504": "14.28",
        "200505": "13.79",
        "200506": "15.70",
        "200507": "24.02",
        "200508": "24.90",
        "200509": "28.02",
        "200510": "27.92",
        "200511": "27.98",
        "200512": "30.78",
        "200601": "32.14",
        "200602": "31.91",
        "200603": "30.29",
        "200604": "28.74",
        "200605": "29.86",
        "200606": "29.38",
        "200607": "29.76",
        "200608": "30.48",
        "200609": "29.58",
        "200610": "35.80",
        "200611": "44.98",
        "200612": "47.47",
        "200701": "57.27",
        "200702": "56.21",
        "200703": "53.36",
        "200704": "55.84",
        "200705": "51.87",
        "200706": "55.58",
        "200707": "63.79",
        "200708": "62.52",
        "200709": "59.39",
        "200710": "56.32",
        "200711": "41.93",
        "200712": "30.45",
        "200801": "24.54",
        "200802": "22.39",
        "200803": "22.94",
        "200804": "24.02",
        "200805": "22.83",
        "200806": "19.19",
        "200807": "14.44",
        "200808": "12.88",
        "200809": "8.81",
        "200810": "5.48",
        "200811": "4.16",
        "200812": "3.97",
        "200901": "4.91",
        "200902": "4.84",
        "200903": "5.96",
        "200904": "7.27",
        "200905": "7.18",
        "200906": "6.54",
        "200907": "6.64",
        "200908": "7.60",
        "200909": "10.81",
        "200910": "15.56",
        "200911": "14.63",
        "200912": "16.48",
        "201001": "17.26",
        "201002": "14.61",
        "201003": "15.15",
        "201004": "14.92",
        "201005": "11.21",
        "201006": "10.19",
        "201007": "8.37",
        "201008": "8.77",
        "201009": "4.52",
        "201010": "3.10",
        "201011": "2.07",
        "201012": "2.18",
        "201101": "3.14",
        "201102": "3.73",
        "201103": "3.42",
        "201104": "3.20",
        "201105": "2.07",
        "201106": "1.94",
        "201107": "1.88",
        "201108": "1.42",
        "201109": "1.13",
        "201110": "0.96",
        "201111": "0.78",
        "201112": "0.94",
        "201201": "0.90",
        "201202": "1.73",
        "201203": "2.80",
        "201204": "2.06",
        "201205": "1.62",
        "201206": "1.43",
        "201207": "1.19",
        "201208": "1.16",
        "201209": "1.12",
        "201210": "1.14",
        "201211": "1.18",
        "201212": "1.10",
        "201301": "1.34",
        "201302": "1.36",
        "201303": "1.44",
        "201304": "1.09",
        "201305": "1.27",
        "201306": "2.41",
        "201307": "2.42",
        "201308": "0.96",
        "201309": "2.34",
        "201310": "2.15",
        "201311": "1.44",
        "201312": "33.28",
        "201401": "34.20",
        "201402": "41.82",
        "201403": "42.04",
        "201404": "53.65",
        "201405": "52.98",
        "201406": "53.54",
        "201407": "55.90",
        "201408": "58.26",
        "201409": "51.65",
        "201410": "53.96",
        "201411": "53.91",
        "201412": "56.61",
        "201501": "61.72",
        "201502": "69.52",
        "201503": "78.58",
        "201504": "81.71",
        "201505": "58.88",
        "201506": "56.41",
        "201507": "50.02",
        "201508": "51.51",
        "201509": "40.30",
        "201510": "43.55",
        "201511": "40.20",
        "201512": "48.11",
        "201601": "47.82",
        "201602": "40.76",
        "201603": "40.40",
        "201604": "38.86",
        "201605": "30.67",
        "201606": "27.43",
        "201607": "22.72",
        "201608": "23.40",
        "201609": "22.77",
        "201610": "22.45",
        "201611": "22.09",
        "201612": "20.79",
        "201701": "20.96",
        "201702": "22.46",
        "201703": "23.73",
        "201704": "22.65",
        "201705": "22.72",
        "201706": "22.81",
        "201707": "22.59",
        "201708": "22.48",
        "201709": "22.62",
        "201710": "22.45",
        "201711": "22.57",
        "201712": "22.56",
        "201801": "22.01",
        "201802": "21.94",
        "201803": "23.35",
        "201804": "22.21",
        "201805": "21.97",
        "201806": "21.90",
        "201807": "21.90",
        "201808": "21.65",
        "201809": "21.77",
        "201810": "21.05",
        "201811": "20.20",
        "201812": "20.64",
        "201901": "19.77",
        "201902": "20.04",
        "201903": "19.90",
        "201904": "19.89",
        "201905": "19.68",
        "201906": "19.18",
        "201907": "19.28",
        "201908": "18.88",
        "201909": "18.50",
        "201910": "18.10",
        "201911": "18.01",
        "201912": "17.32",
        "202001": "17.28",
        "202002": "17.02",
        "202003": "14.35",
        "202004": "13.97",
        "202005": "13.89",
        "202006": "19.36",
        "202007": "21.53",
        "202008": "15.88",
        "202009": "15.59",
        "202010": "16.21",
        "202011": "15.91",
        "202012": "16.74",
        "202101": "17.16",
        "202102": "18.47",
        "202103": "22.16",
        "202104": "22.47",
        "202105": "19.50",
        "202106": "18.08",
        "202107": "19.35",
        "202108": "20.64",
        "202109": "19.34",
        "202110": "18.93",
        "202111": "20.18",
        "202112": "20.11",
        "202201": "19.04",
        "202202": "19.18",
        "202203": "19.41",
        "202204": "19.24",
        "202205": "19.42",
        "202206": "21.18",
        "202207": "19.24",
        "202208": "20.15",
        "202209": "20.47",
        "202210": "22.98",
        "202211": "23.65",
        "202212": "23.59",
        "202301": "22.96",
        "202302": "26.06",
        "202303": "28.19",
        "202304": "25.71",
        "202305": "26.27",
        "202306": "29.90"
    },
    "quarters": {
        "20011": {
            "year_quarter": 20011,
            "year": 2001,
            "quarter": 1,
            "eps": 0.09,
            "eps_growth_year": null,
            "eps_4q": -4.24,
            "eps_4q_growth_year": null,
            "roe": 0.71,
            "roe_4q": 0.71,
            "gross_profit": 66755,
            "gross_margin": 9.35,
            "gross_margin_4q_avg": 9.35,
            "net_income": 8496,
            "revenue": 714266,
            "common_shares": 976705,
            "book_valuer_per_share": 12.26,
            "book_valuer_per_share_4q_avg": 12.26,
            "equity": 1197392,
            "current_ratio": 231.73,
            "debt_ratio": 40.24,
            "inventory_turnover_ratio": 1.63,
            "account_receivable_turnover_ratio": null,
            "reinvestment_rate": null,
            "research_to_sale_ratio": null,
            "price_fair": 0,
            "eps_avg_yearly": 0,
            "eps_latest_yearly": 0,
            "eps_growth_yearly": 0
        },
        "20012": {
            "year_quarter": 20012,
            "year": 2001,
            "quarter": 2,
            "eps": 0.07,
            "eps_growth_year": -58.82,
            "eps_4q": -4.17,
            "eps_4q_growth_year": null,
            "roe": 0.57,
            "roe_4q": 1.2799999999999998,
            "gross_profit": 81920,
            "gross_margin": 15.76,
            "gross_margin_4q_avg": 12.56,
            "net_income": 6885,
            "revenue": 519924,
            "common_shares": 976705,
            "book_valuer_per_share": 12.31,
            "book_valuer_per_share_4q_avg": 12.29,
            "equity": 1202514,
            "current_ratio": 252.38,
            "debt_ratio": 37.65,
            "inventory_turnover_ratio": 1.44,
            "account_receivable_turnover_ratio": null,
            "reinvestment_rate": null,
            "research_to_sale_ratio": null,
            "price_fair": 0,
            "eps_avg_yearly": 0,
            "eps_latest_yearly": 0,
            "eps_growth_yearly": 0
        },
        "20013": {
            "year_quarter": 20013,
            "year": 2001,
            "quarter": 3,
            "eps": 0.07,
            "eps_growth_year": null,
            "eps_4q": -3.39,
            "eps_4q_growth_year": null,
            "roe": 0.58,
            "roe_4q": 1.8599999999999999,
            "gross_profit": 60030,
            "gross_margin": 11.52,
            "gross_margin_4q_avg": 12.21,
            "net_income": 6955,
            "revenue": 521023,
            "common_shares": 976705,
            "book_valuer_per_share": 12.33,
            "book_valuer_per_share_4q_avg": 12.3,
            "equity": 1203975,
            "current_ratio": 310.3,
            "debt_ratio": 32.6,
            "inventory_turnover_ratio": 1.47,
            "account_receivable_turnover_ratio": null,
            "reinvestment_rate": null,
            "research_to_sale_ratio": null,
            "price_fair": 0,
            "eps_avg_yearly": 0,
            "eps_latest_yearly": 0,
            "eps_growth_yearly": 0
        },
        "20014": {
            "year_quarter": 20014,
            "year": 2001,
            "quarter": 4,
            "eps": 0.22,
            "eps_growth_year": null,
            "eps_4q": 0.45,
            "eps_4q_growth_year": null,
            "roe": 1.77,
            "roe_4q": 3.63,
            "gross_profit": 71699,
            "gross_margin": 12.81,
            "gross_margin_4q_avg": 12.36,
            "net_income": 21572,
            "revenue": 559798,
            "common_shares": 976705,
            "book_valuer_per_share": 12.61,
            "book_valuer_per_share_4q_avg": 12.38,
            "equity": 1231960,
            "current_ratio": 212.88,
            "debt_ratio": 40.26,
            "inventory_turnover_ratio": 1.03,
            "account_receivable_turnover_ratio": null,
            "reinvestment_rate": null,
            "research_to_sale_ratio": null,
            "price_fair": 0,
            "eps_avg_yearly": 0,
            "eps_latest_yearly": 0,
            "eps_growth_yearly": 0
        },
        "20021": {
            "year_quarter": 20021,
            "year": 2002,
            "quarter": 1,
            "eps": 0.15,
            "eps_growth_year": 66.67,
            "eps_4q": 0.51,
            "eps_4q_growth_year": null,
            "roe": 1.18,
            "roe_4q": 4.1000000000000005,
            "gross_profit": 91332,
            "gross_margin": 15.81,
            "gross_margin_4q_avg": 13.98,
            "net_income": 14679,
            "revenue": 577839,
            "common_shares": 976705,
            "book_valuer_per_share": 12.78,
            "book_valuer_per_share_4q_avg": 12.51,
            "equity": 1247883,
            "current_ratio": 255.67,
            "debt_ratio": 38.05,
            "inventory_turnover_ratio": 0.95,
            "account_receivable_turnover_ratio": null,
            "reinvestment_rate": null,
            "research_to_sale_ratio": null,
            "price_fair": 1.8,
            "eps_avg_yearly": 0.6,
            "eps_latest_yearly": 0.6,
            "eps_growth_yearly": -127.27
        },
        "20022": {
            "year_quarter": 20022,
            "year": 2002,
            "quarter": 2,
            "eps": -0.79,
            "eps_growth_year": -1228.57,
            "eps_4q": -0.35,
            "eps_4q_growth_year": null,
            "roe": -6.39,
            "roe_4q": -2.86,
            "gross_profit": 53365,
            "gross_margin": 12.88,
            "gross_margin_4q_avg": 13.26,
            "net_income": -77000,
            "revenue": 414340,
            "common_shares": 976705,
            "book_valuer_per_share": 11.9,
            "book_valuer_per_share_4q_avg": 12.41,
            "equity": 1162154,
            "current_ratio": 355.16,
            "debt_ratio": 31.15,
            "inventory_turnover_ratio": 1.35,
            "account_receivable_turnover_ratio": null,
            "reinvestment_rate": null,
            "research_to_sale_ratio": null,
            "price_fair": 1.8,
            "eps_avg_yearly": 0.6,
            "eps_latest_yearly": 0.6,
            "eps_growth_yearly": -127.27
        },
        "20023": {
            "year_quarter": 20023,
            "year": 2002,
            "quarter": 3,
            "eps": 0.16,
            "eps_growth_year": 128.57,
            "eps_4q": -0.25,
            "eps_4q_growth_year": null,
            "roe": 1.36,
            "roe_4q": -2.0799999999999996,
            "gross_profit": 31674,
            "gross_margin": 10.3,
            "gross_margin_4q_avg": 12.95,
            "net_income": 15968,
            "revenue": 307427,
            "common_shares": 976705,
            "book_valuer_per_share": 12.06,
            "book_valuer_per_share_4q_avg": 12.34,
            "equity": 1177471,
            "current_ratio": 545.53,
            "debt_ratio": 24.1,
            "inventory_turnover_ratio": 2.2,
            "account_receivable_turnover_ratio": null,
            "reinvestment_rate": null,
            "research_to_sale_ratio": null,
            "price_fair": 1.8,
            "eps_avg_yearly": 0.6,
            "eps_latest_yearly": 0.6,
            "eps_growth_yearly": -127.27
        },
        "20024": {
            "year_quarter": 20024,
            "year": 2002,
            "quarter": 4,
            "eps": -4.18,
            "eps_growth_year": -2000,
            "eps_4q": -4.66,
            "eps_4q_growth_year": -1140.66,
            "roe": -42.33,
            "roe_4q": -46.18,
            "gross_profit": 40193,
            "gross_margin": 12.11,
            "gross_margin_4q_avg": 12.78,
            "net_income": -408721,
            "revenue": 331877,
            "common_shares": 976705,
            "book_valuer_per_share": 7.72,
            "book_valuer_per_share_4q_avg": 11.12,
            "equity": 753557,
            "current_ratio": 172.55,
            "debt_ratio": 45.5,
            "inventory_turnover_ratio": 1.53,
            "account_receivable_turnover_ratio": null,
            "reinvestment_rate": null,
            "research_to_sale_ratio": null,
            "price_fair": 1.8,
            "eps_avg_yearly": 0.6,
            "eps_latest_yearly": 0.6,
            "eps_growth_yearly": -127.27
        },
        "20031": {
            "year_quarter": 20031,
            "year": 2003,
            "quarter": 1,
            "eps": -0.16,
            "eps_growth_year": -206.67,
            "eps_4q": -4.83,
            "eps_4q_growth_year": -1044.08,
            "roe": -2.16,
            "roe_4q": -49.519999999999996,
            "gross_profit": 15433,
            "gross_margin": 4.41,
            "gross_margin_4q_avg": 9.93,
            "net_income": -16086,
            "revenue": 350324,
            "common_shares": 976705,
            "book_valuer_per_share": 7.51,
            "book_valuer_per_share_4q_avg": 9.8,
            "equity": 733852,
            "current_ratio": 209.58,
            "debt_ratio": 37.79,
            "inventory_turnover_ratio": 1.57,
            "account_receivable_turnover_ratio": null,
            "reinvestment_rate": null,
            "research_to_sale_ratio": null,
            "price_fair": 1.8,
            "eps_avg_yearly": 0.6,
            "eps_latest_yearly": 0.6,
            "eps_growth_yearly": -127.27
        },
        "20032": {
            "year_quarter": 20032,
            "year": 2003,
            "quarter": 2,
            "eps": -0.84,
            "eps_growth_year": null,
            "eps_4q": -5.02,
            "eps_4q_growth_year": null,
            "roe": -11.82,
            "roe_4q": -54.95,
            "gross_profit": -4077,
            "gross_margin": -4.61,
            "gross_margin_4q_avg": 5.55,
            "net_income": -81603,
            "revenue": 88438,
            "common_shares": 976705,
            "book_valuer_per_share": 6.63,
            "book_valuer_per_share_4q_avg": 8.48,
            "equity": 647466,
            "current_ratio": 237.28,
            "debt_ratio": 34.13,
            "inventory_turnover_ratio": 0.76,
            "account_receivable_turnover_ratio": null,
            "reinvestment_rate": null,
            "research_to_sale_ratio": null,
            "price_fair": 1.8,
            "eps_avg_yearly": 0.6,
            "eps_latest_yearly": 0.6,
            "eps_growth_yearly": -127.27
        },
        "20033": {
            "year_quarter": 20033,
            "year": 2003,
            "quarter": 3,
            "eps": -0.69,
            "eps_growth_year": -531.25,
            "eps_4q": -5.88,
            "eps_4q_growth_year": null,
            "roe": -11.06,
            "roe_4q": -67.37,
            "gross_profit": -6879,
            "gross_margin": -5.31,
            "gross_margin_4q_avg": 1.65,
            "net_income": -67671,
            "revenue": 129461,
            "common_shares": 976705,
            "book_valuer_per_share": 5.9,
            "book_valuer_per_share_4q_avg": 6.94,
            "equity": 576439,
            "current_ratio": 227.08,
            "debt_ratio": 35.38,
            "inventory_turnover_ratio": 1.17,
            "account_receivable_turnover_ratio": null,
            "reinvestment_rate": null,
            "research_to_sale_ratio": null,
            "price_fair": 1.8,
            "eps_avg_yearly": 0.6,
            "eps_latest_yearly": 0.6,
            "eps_growth_yearly": -127.27
        },
        "20034": {
            "year_quarter": 20034,
            "year": 2003,
            "quarter": 4,
            "eps": -0.33,
            "eps_growth_year": null,
            "eps_4q": -2.02,
            "eps_4q_growth_year": null,
            "roe": -5.65,
            "roe_4q": -30.69,
            "gross_profit": 10195,
            "gross_margin": 4,
            "gross_margin_4q_avg": -0.38,
            "net_income": -32103,
            "revenue": 254797,
            "common_shares": 976705,
            "book_valuer_per_share": 5.73,
            "book_valuer_per_share_4q_avg": 6.44,
            "equity": 559195,
            "current_ratio": 176.72,
            "debt_ratio": 44.7,
            "inventory_turnover_ratio": 2.21,
            "account_receivable_turnover_ratio": null,
            "reinvestment_rate": null,
            "research_to_sale_ratio": null,
            "price_fair": 1.8,
            "eps_avg_yearly": 0.6,
            "eps_latest_yearly": 0.6,
            "eps_growth_yearly": -127.27
        },
        "20041": {
            "year_quarter": 20041,
            "year": 2004,
            "quarter": 1,
            "eps": -0.34,
            "eps_growth_year": null,
            "eps_4q": -2.22,
            "eps_4q_growth_year": null,
            "roe": -6,
            "roe_4q": -34.53,
            "gross_profit": 11115,
            "gross_margin": 5.33,
            "gross_margin_4q_avg": -0.15,
            "net_income": -32780,
            "revenue": 208507,
            "common_shares": 976705,
            "book_valuer_per_share": 5.47,
            "book_valuer_per_share_4q_avg": 5.93,
            "equity": 534290,
            "current_ratio": 185.11,
            "debt_ratio": 43.25,
            "inventory_turnover_ratio": 1.53,
            "account_receivable_turnover_ratio": null,
            "reinvestment_rate": null,
            "research_to_sale_ratio": null,
            "price_fair": 1.8,
            "eps_avg_yearly": 0.6,
            "eps_latest_yearly": 0.6,
            "eps_growth_yearly": -127.27
        },
        "20042": {
            "year_quarter": 20042,
            "year": 2004,
            "quarter": 2,
            "eps": -0.9,
            "eps_growth_year": null,
            "eps_4q": -2.26,
            "eps_4q_growth_year": null,
            "roe": -17.87,
            "roe_4q": -40.580000000000005,
            "gross_profit": 14474,
            "gross_margin": 4.87,
            "gross_margin_4q_avg": 2.22,
            "net_income": -88351,
            "revenue": 297064,
            "common_shares": 976705,
            "book_valuer_per_share": 4.65,
            "book_valuer_per_share_4q_avg": 5.44,
            "equity": 454284,
            "current_ratio": 170.41,
            "debt_ratio": 46.93,
            "inventory_turnover_ratio": 2.37,
            "account_receivable_turnover_ratio": null,
            "reinvestment_rate": null,
            "research_to_sale_ratio": null,
            "price_fair": 1.8,
            "eps_avg_yearly": 0.6,
            "eps_latest_yearly": 0.6,
            "eps_growth_yearly": -127.27
        },
        "20043": {
            "year_quarter": 20043,
            "year": 2004,
            "quarter": 3,
            "eps": -0.12,
            "eps_growth_year": null,
            "eps_4q": -1.21,
            "eps_4q_growth_year": null,
            "roe": -2.48,
            "roe_4q": -32,
            "gross_profit": 23802,
            "gross_margin": 9.11,
            "gross_margin_4q_avg": 5.83,
            "net_income": -12542,
            "revenue": 261253,
            "common_shares": 1366705,
            "book_valuer_per_share": 4.09,
            "book_valuer_per_share_4q_avg": 4.99,
            "equity": 558604,
            "current_ratio": 294.63,
            "debt_ratio": 26.36,
            "inventory_turnover_ratio": 3.21,
            "account_receivable_turnover_ratio": null,
            "reinvestment_rate": null,
            "research_to_sale_ratio": null,
            "price_fair": 1.8,
            "eps_avg_yearly": 0.6,
            "eps_latest_yearly": 0.6,
            "eps_growth_yearly": -127.27
        },
        "20044": {
            "year_quarter": 20044,
            "year": 2004,
            "quarter": 4,
            "eps": -0.69,
            "eps_growth_year": null,
            "eps_4q": -2.38,
            "eps_4q_growth_year": null,
            "roe": -10.25,
            "roe_4q": -36.6,
            "gross_profit": -22852,
            "gross_margin": -23.31,
            "gross_margin_4q_avg": -1,
            "net_income": -54449,
            "revenue": 98039,
            "common_shares": 976023,
            "book_valuer_per_share": 5.16,
            "book_valuer_per_share_4q_avg": 4.84,
            "equity": 503979,
            "current_ratio": 560.7,
            "debt_ratio": 12.82,
            "inventory_turnover_ratio": 4.08,
            "account_receivable_turnover_ratio": null,
            "reinvestment_rate": null,
            "research_to_sale_ratio": null,
            "price_fair": 1.8,
            "eps_avg_yearly": 0.6,
            "eps_latest_yearly": 0.6,
            "eps_growth_yearly": -127.27
        },
        "20051": {
            "year_quarter": 20051,
            "year": 2005,
            "quarter": 1,
            "eps": 0.01,
            "eps_growth_year": null,
            "eps_4q": -1.11,
            "eps_4q_growth_year": null,
            "roe": 0.27,
            "roe_4q": -30.330000000000002,
            "gross_profit": 21892,
            "gross_margin": 9.42,
            "gross_margin_4q_avg": 0.02,
            "net_income": 1385,
            "revenue": 232449,
            "common_shares": 976023,
            "book_valuer_per_share": 5.19,
            "book_valuer_per_share_4q_avg": 4.77,
            "equity": 506536,
            "current_ratio": 185.83,
            "debt_ratio": 45.56,
            "inventory_turnover_ratio": 22.24,
            "account_receivable_turnover_ratio": null,
            "reinvestment_rate": null,
            "research_to_sale_ratio": null,
            "price_fair": 1.8,
            "eps_avg_yearly": 0.6,
            "eps_latest_yearly": 0.6,
            "eps_growth_yearly": -127.27
        },
        "20052": {
            "year_quarter": 20052,
            "year": 2005,
            "quarter": 2,
            "eps": 0.32,
            "eps_growth_year": null,
            "eps_4q": -0.35,
            "eps_4q_growth_year": null,
            "roe": 5.98,
            "roe_4q": -6.48,
            "gross_profit": 50445,
            "gross_margin": 11.9,
            "gross_margin_4q_avg": 1.78,
            "net_income": 31266,
            "revenue": 423789,
            "common_shares": 976023,
            "book_valuer_per_share": 5.53,
            "book_valuer_per_share_4q_avg": 4.99,
            "equity": 539667,
            "current_ratio": 145.35,
            "debt_ratio": 46.91,
            "inventory_turnover_ratio": 83.91,
            "account_receivable_turnover_ratio": null,
            "reinvestment_rate": null,
            "research_to_sale_ratio": null,
            "price_fair": 32.9,
            "eps_avg_yearly": 0.94,
            "eps_latest_yearly": 1.28,
            "eps_growth_yearly": 6136.36
        },
        "20053": {
            "year_quarter": 20053,
            "year": 2005,
            "quarter": 3,
            "eps": 0.54,
            "eps_growth_year": null,
            "eps_4q": 0.34,
            "eps_4q_growth_year": null,
            "roe": 8.61,
            "roe_4q": 4.609999999999999,
            "gross_profit": 62919,
            "gross_margin": 12.63,
            "gross_margin_4q_avg": 2.66,
            "net_income": 59205,
            "revenue": 498273,
            "common_shares": 1406023,
            "book_valuer_per_share": 5.95,
            "book_valuer_per_share_4q_avg": 5.46,
            "equity": 835894,
            "current_ratio": 193.51,
            "debt_ratio": 39.55,
            "inventory_turnover_ratio": null,
            "account_receivable_turnover_ratio": null,
            "reinvestment_rate": null,
            "research_to_sale_ratio": null,
            "price_fair": 47.13,
            "eps_avg_yearly": 1.35,
            "eps_latest_yearly": 2.16,
            "eps_growth_yearly": 4182.58
        },
        "20054": {
            "year_quarter": 20054,
            "year": 2005,
            "quarter": 4,
            "eps": 0.88,
            "eps_growth_year": null,
            "eps_4q": 1.67,
            "eps_4q_growth_year": null,
            "roe": 11.6,
            "roe_4q": 26.46,
            "gross_profit": 138714,
            "gross_margin": 17.86,
            "gross_margin_4q_avg": 12.95,
            "net_income": 102847,
            "revenue": 776514,
            "common_shares": 1406023,
            "book_valuer_per_share": 6.66,
            "book_valuer_per_share_4q_avg": 5.83,
            "equity": 936748,
            "current_ratio": 177.74,
            "debt_ratio": 45.68,
            "inventory_turnover_ratio": 21.81,
            "account_receivable_turnover_ratio": null,
            "reinvestment_rate": null,
            "research_to_sale_ratio": null,
            "price_fair": 66.15,
            "eps_avg_yearly": 1.89,
            "eps_latest_yearly": 3.52,
            "eps_growth_yearly": 3199.89
        },
        "20061": {
            "year_quarter": 20061,
            "year": 2006,
            "quarter": 1,
            "eps": 0.76,
            "eps_growth_year": 7500,
            "eps_4q": 2.13,
            "eps_4q_growth_year": null,
            "roe": 10.8,
            "roe_4q": 36.989999999999995,
            "gross_profit": 154531,
            "gross_margin": 20.26,
            "gross_margin_4q_avg": 15.66,
            "net_income": 106912,
            "revenue": 762812,
            "common_shares": 1406023,
            "book_valuer_per_share": 7.42,
            "book_valuer_per_share_4q_avg": 6.39,
            "equity": 1043593,
            "current_ratio": 202.45,
            "debt_ratio": 40.67,
            "inventory_turnover_ratio": 6.62,
            "account_receivable_turnover_ratio": null,
            "reinvestment_rate": null,
            "research_to_sale_ratio": null,
            "price_fair": 87.5,
            "eps_avg_yearly": 2.5,
            "eps_latest_yearly": 3.04,
            "eps_growth_yearly": 3218.08
        },
        "20062": {
            "year_quarter": 20062,
            "year": 2006,
            "quarter": 2,
            "eps": 0.63,
            "eps_growth_year": 96.88,
            "eps_4q": 2.53,
            "eps_4q_growth_year": null,
            "roe": 8.18,
            "roe_4q": 39.19,
            "gross_profit": 149064,
            "gross_margin": 21.54,
            "gross_margin_4q_avg": 18.07,
            "net_income": 89075,
            "revenue": 691970,
            "common_shares": 1406023,
            "book_valuer_per_share": 8.06,
            "book_valuer_per_share_4q_avg": 7.02,
            "equity": 1133185,
            "current_ratio": 317.25,
            "debt_ratio": 23.92,
            "inventory_turnover_ratio": 4.65,
            "account_receivable_turnover_ratio": null,
            "reinvestment_rate": null,
            "research_to_sale_ratio": null,
            "price_fair": 87.64,
            "eps_avg_yearly": 2.5,
            "eps_latest_yearly": 2.52,
            "eps_growth_yearly": 2560.78
        },
        "20063": {
            "year_quarter": 20063,
            "year": 2006,
            "quarter": 3,
            "eps": 1.44,
            "eps_growth_year": 166.67,
            "eps_4q": 3.57,
            "eps_4q_growth_year": 946.1,
            "roe": 16.34,
            "roe_4q": 46.92,
            "gross_profit": 250638,
            "gross_margin": 19.01,
            "gross_margin_4q_avg": 19.67,
            "net_income": 202112,
            "revenue": 1318762,
            "common_shares": 1406023,
            "book_valuer_per_share": 9.53,
            "book_valuer_per_share_4q_avg": 7.92,
            "equity": 1340276,
            "current_ratio": 207.97,
            "debt_ratio": 39.03,
            "inventory_turnover_ratio": 9.21,
            "account_receivable_turnover_ratio": null,
            "reinvestment_rate": null,
            "research_to_sale_ratio": null,
            "price_fair": 106.63,
            "eps_avg_yearly": 3.05,
            "eps_latest_yearly": 5.76,
            "eps_growth_yearly": 2219.7
        },
        "20064": {
            "year_quarter": 20064,
            "year": 2006,
            "quarter": 4,
            "eps": 1.2,
            "eps_growth_year": 36.36,
            "eps_4q": 4.02,
            "eps_4q_growth_year": 141.49,
            "roe": 11.86,
            "roe_4q": 47.17999999999999,
            "gross_profit": 260699,
            "gross_margin": 16.31,
            "gross_margin_4q_avg": 19.28,
            "net_income": 169219,
            "revenue": 1598679,
            "common_shares": 1406023,
            "book_valuer_per_share": 10.77,
            "book_valuer_per_share_4q_avg": 8.95,
            "equity": 1514098,
            "current_ratio": 148.04,
            "debt_ratio": 54.05,
            "inventory_turnover_ratio": 11.11,
            "account_receivable_turnover_ratio": null,
            "reinvestment_rate": 82.67,
            "research_to_sale_ratio": null,
            "price_fair": 115.4,
            "eps_avg_yearly": 3.3,
            "eps_latest_yearly": 4.8,
            "eps_growth_yearly": 1893.07
        },
        "20071": {
            "year_quarter": 20071,
            "year": 2007,
            "quarter": 1,
            "eps": 0.76,
            "eps_growth_year": 0,
            "eps_4q": 4.05,
            "eps_4q_growth_year": 89.8,
            "roe": 6.64,
            "roe_4q": 43.02,
            "gross_profit": 161556,
            "gross_margin": 12.88,
            "gross_margin_4q_avg": 17.44,
            "net_income": 106327,
            "revenue": 1253977,
            "common_shares": 1406023,
            "book_valuer_per_share": 12.02,
            "book_valuer_per_share_4q_avg": 10.1,
            "equity": 1689833,
            "current_ratio": 159.98,
            "debt_ratio": 55.4,
            "inventory_turnover_ratio": 7.56,
            "account_receivable_turnover_ratio": null,
            "reinvestment_rate": 31.53,
            "research_to_sale_ratio": null,
            "price_fair": 114.28,
            "eps_avg_yearly": 3.27,
            "eps_latest_yearly": 3.04,
            "eps_growth_yearly": 1638.1
        },
        "20072": {
            "year_quarter": 20072,
            "year": 2007,
            "quarter": 2,
            "eps": 1.38,
            "eps_growth_year": 119.05,
            "eps_4q": 4.77,
            "eps_4q_growth_year": 88.33,
            "roe": 10.84,
            "roe_4q": 45.68,
            "gross_profit": 285195,
            "gross_margin": 16.76,
            "gross_margin_4q_avg": 16.24,
            "net_income": 194503,
            "revenue": 1701931,
            "common_shares": 1406023,
            "book_valuer_per_share": 13.5,
            "book_valuer_per_share_4q_avg": 11.46,
            "equity": 1898634,
            "current_ratio": 170.86,
            "debt_ratio": 51.14,
            "inventory_turnover_ratio": 6.03,
            "account_receivable_turnover_ratio": null,
            "reinvestment_rate": 15.24,
            "research_to_sale_ratio": null,
            "price_fair": 123.04,
            "eps_avg_yearly": 3.52,
            "eps_latest_yearly": 5.52,
            "eps_growth_yearly": 1492.35
        },
        "20073": {
            "year_quarter": 20073,
            "year": 2007,
            "quarter": 3,
            "eps": 1.04,
            "eps_growth_year": -27.78,
            "eps_4q": 4.2,
            "eps_4q_growth_year": 17.58,
            "roe": 7.15,
            "roe_4q": 36.49,
            "gross_profit": 238162,
            "gross_margin": 13.19,
            "gross_margin_4q_avg": 14.79,
            "net_income": 154863,
            "revenue": 1806000,
            "common_shares": 1557811,
            "book_valuer_per_share": 15.62,
            "book_valuer_per_share_4q_avg": 12.98,
            "equity": 2433278,
            "current_ratio": 192.03,
            "debt_ratio": 42.32,
            "inventory_turnover_ratio": 4.76,
            "account_receivable_turnover_ratio": null,
            "reinvestment_rate": 50.77,
            "research_to_sale_ratio": null,
            "price_fair": 125.3,
            "eps_avg_yearly": 3.58,
            "eps_latest_yearly": 4.16,
            "eps_growth_yearly": 1333.26
        },
        "20074": {
            "year_quarter": 20074,
            "year": 2007,
            "quarter": 4,
            "eps": 0.32,
            "eps_growth_year": -73.33,
            "eps_4q": 3.35,
            "eps_4q_growth_year": -16.71,
            "roe": 1.95,
            "roe_4q": 26.58,
            "gross_profit": 147481,
            "gross_margin": 9.81,
            "gross_margin_4q_avg": 13.16,
            "net_income": 48111,
            "revenue": 1503412,
            "common_shares": 1558424,
            "book_valuer_per_share": 16.01,
            "book_valuer_per_share_4q_avg": 14.29,
            "equity": 2495417,
            "current_ratio": 161.5,
            "debt_ratio": 43.44,
            "inventory_turnover_ratio": 4.09,
            "account_receivable_turnover_ratio": null,
            "reinvestment_rate": 96.89,
            "research_to_sale_ratio": null,
            "price_fair": 117.98,
            "eps_avg_yearly": 3.37,
            "eps_latest_yearly": 1.28,
            "eps_growth_yearly": 1186.88
        },
        "20081": {
            "year_quarter": 20081,
            "year": 2008,
            "quarter": 1,
            "eps": -0.12,
            "eps_growth_year": -115.79,
            "eps_4q": 2.35,
            "eps_4q_growth_year": -41.89,
            "roe": -0.73,
            "roe_4q": 19.21,
            "gross_profit": 74525,
            "gross_margin": 7.1,
            "gross_margin_4q_avg": 11.72,
            "net_income": -19281,
            "revenue": 1049720,
            "common_shares": 1625480,
            "book_valuer_per_share": 17.04,
            "book_valuer_per_share_4q_avg": 15.54,
            "equity": 2770273,
            "current_ratio": 127.67,
            "debt_ratio": 50.1,
            "inventory_turnover_ratio": 2.78,
            "account_receivable_turnover_ratio": null,
            "reinvestment_rate": 90.86,
            "research_to_sale_ratio": null,
            "price_fair": 117.98,
            "eps_avg_yearly": 3.37,
            "eps_latest_yearly": 1.28,
            "eps_growth_yearly": 1186.88
        },
        "20082": {
            "year_quarter": 20082,
            "year": 2008,
            "quarter": 2,
            "eps": -0.42,
            "eps_growth_year": -130.43,
            "eps_4q": 0.71,
            "eps_4q_growth_year": -85.14,
            "roe": -2.47,
            "roe_4q": 5.9,
            "gross_profit": 69909,
            "gross_margin": 6.39,
            "gross_margin_4q_avg": 9.12,
            "net_income": -67283,
            "revenue": 1094536,
            "common_shares": 1642601,
            "book_valuer_per_share": 16.35,
            "book_valuer_per_share_4q_avg": 16.26,
            "equity": 2685078,
            "current_ratio": 146.46,
            "debt_ratio": 49.74,
            "inventory_turnover_ratio": 2.39,
            "account_receivable_turnover_ratio": null,
            "reinvestment_rate": 125.7,
            "research_to_sale_ratio": null,
            "price_fair": 117.98,
            "eps_avg_yearly": 3.37,
            "eps_latest_yearly": 1.28,
            "eps_growth_yearly": 1186.88
        },
        "20083": {
            "year_quarter": 20083,
            "year": 2008,
            "quarter": 3,
            "eps": -0.18,
            "eps_growth_year": -117.31,
            "eps_4q": -0.38,
            "eps_4q_growth_year": -109.17,
            "roe": -1.28,
            "roe_4q": -2.5300000000000002,
            "gross_profit": 6305,
            "gross_margin": 0.57,
            "gross_margin_4q_avg": 5.97,
            "net_income": -34299,
            "revenue": 1098231,
            "common_shares": 1890538,
            "book_valuer_per_share": 14.25,
            "book_valuer_per_share_4q_avg": 15.91,
            "equity": 2693390,
            "current_ratio": 136.8,
            "debt_ratio": 51.32,
            "inventory_turnover_ratio": 2.27,
            "account_receivable_turnover_ratio": null,
            "reinvestment_rate": 137.43,
            "research_to_sale_ratio": null,
            "price_fair": 117.98,
            "eps_avg_yearly": 3.37,
            "eps_latest_yearly": 1.28,
            "eps_growth_yearly": 1186.88
        },
        "20084": {
            "year_quarter": 20084,
            "year": 2008,
            "quarter": 4,
            "eps": -4,
            "eps_growth_year": -1350,
            "eps_4q": -4.66,
            "eps_4q_growth_year": -239.07,
            "roe": -31.88,
            "roe_4q": -36.35999999999999,
            "gross_profit": -394841,
            "gross_margin": -86.47,
            "gross_margin_4q_avg": -18.1,
            "net_income": -740730,
            "revenue": 456598,
            "common_shares": 1890538,
            "book_valuer_per_share": 10.33,
            "book_valuer_per_share_4q_avg": 14.49,
            "equity": 1953835,
            "current_ratio": 118.42,
            "debt_ratio": 57.33,
            "inventory_turnover_ratio": 2,
            "account_receivable_turnover_ratio": 11.34,
            "reinvestment_rate": 371.53,
            "research_to_sale_ratio": null,
            "price_fair": 117.98,
            "eps_avg_yearly": 3.37,
            "eps_latest_yearly": 1.28,
            "eps_growth_yearly": 1186.88
        },
        "20091": {
            "year_quarter": 20091,
            "year": 2009,
            "quarter": 1,
            "eps": -0.76,
            "eps_growth_year": null,
            "eps_4q": -5.19,
            "eps_4q_growth_year": -320.65,
            "roe": -7.42,
            "roe_4q": -43.05,
            "gross_profit": -46492,
            "gross_margin": -17.06,
            "gross_margin_4q_avg": -24.14,
            "net_income": -139574,
            "revenue": 272533,
            "common_shares": 1890538,
            "book_valuer_per_share": 9.55,
            "book_valuer_per_share_4q_avg": 12.62,
            "equity": 1805981,
            "current_ratio": 100.89,
            "debt_ratio": 52.86,
            "inventory_turnover_ratio": 1.05,
            "account_receivable_turnover_ratio": 2.98,
            "reinvestment_rate": 555.82,
            "research_to_sale_ratio": null,
            "price_fair": 117.98,
            "eps_avg_yearly": 3.37,
            "eps_latest_yearly": 1.28,
            "eps_growth_yearly": 1186.88
        },
        "20092": {
            "year_quarter": 20092,
            "year": 2009,
            "quarter": 2,
            "eps": -0.42,
            "eps_growth_year": null,
            "eps_4q": -5.24,
            "eps_4q_growth_year": -839.95,
            "roe": -4.35,
            "roe_4q": -44.93,
            "gross_profit": 9646,
            "gross_margin": 2.33,
            "gross_margin_4q_avg": -25.16,
            "net_income": -76796,
            "revenue": 414684,
            "common_shares": 1890538,
            "book_valuer_per_share": 9.12,
            "book_valuer_per_share_4q_avg": 10.81,
            "equity": 1723767,
            "current_ratio": 102.6,
            "debt_ratio": 52.24,
            "inventory_turnover_ratio": 1.64,
            "account_receivable_turnover_ratio": 4.02,
            "reinvestment_rate": 897.82,
            "research_to_sale_ratio": null,
            "price_fair": 125.3,
            "eps_avg_yearly": 3.58,
            "eps_latest_yearly": 1.28,
            "eps_growth_yearly": 65.57
        },
        "20093": {
            "year_quarter": 20093,
            "year": 2009,
            "quarter": 3,
            "eps": -0.8,
            "eps_growth_year": null,
            "eps_4q": -5.84,
            "eps_4q_growth_year": null,
            "roe": -8.87,
            "roe_4q": -52.519999999999996,
            "gross_profit": -55388,
            "gross_margin": -12.6,
            "gross_margin_4q_avg": -28.45,
            "net_income": -146173,
            "revenue": 439559,
            "common_shares": 1890538,
            "book_valuer_per_share": 8.31,
            "book_valuer_per_share_4q_avg": 9.33,
            "equity": 1570882,
            "current_ratio": 95.93,
            "debt_ratio": 55.37,
            "inventory_turnover_ratio": 2.07,
            "account_receivable_turnover_ratio": 4.24,
            "reinvestment_rate": null,
            "research_to_sale_ratio": null,
            "price_fair": 130.82,
            "eps_avg_yearly": 3.74,
            "eps_latest_yearly": 1.28,
            "eps_growth_yearly": 42.3
        },
        "20094": {
            "year_quarter": 20094,
            "year": 2009,
            "quarter": 4,
            "eps": -1.52,
            "eps_growth_year": null,
            "eps_4q": -3.38,
            "eps_4q_growth_year": null,
            "roe": -18.71,
            "roe_4q": -39.35,
            "gross_profit": -105555,
            "gross_margin": -28.12,
            "gross_margin_4q_avg": -13.86,
            "net_income": -278580,
            "revenue": 375349,
            "common_shares": 1970245,
            "book_valuer_per_share": 7.43,
            "book_valuer_per_share_4q_avg": 8.6,
            "equity": 1406584,
            "current_ratio": 93.71,
            "debt_ratio": 56.21,
            "inventory_turnover_ratio": 2,
            "account_receivable_turnover_ratio": 6.06,
            "reinvestment_rate": null,
            "research_to_sale_ratio": null,
            "price_fair": 98.28,
            "eps_avg_yearly": 3.77,
            "eps_latest_yearly": 1.28,
            "eps_growth_yearly": 16.1
        },
        "20101": {
            "year_quarter": 20101,
            "year": 2010,
            "quarter": 1,
            "eps": -0.87,
            "eps_growth_year": null,
            "eps_4q": -3.32,
            "eps_4q_growth_year": null,
            "roe": -12.34,
            "roe_4q": -44.27,
            "gross_profit": -92175,
            "gross_margin": -26.04,
            "gross_margin_4q_avg": -16.11,
            "net_income": -175790,
            "revenue": 353987,
            "common_shares": 2117492,
            "book_valuer_per_share": 7.07,
            "book_valuer_per_share_4q_avg": 7.98,
            "equity": 1442818,
            "current_ratio": 97.3,
            "debt_ratio": 52.63,
            "inventory_turnover_ratio": 1.86,
            "account_receivable_turnover_ratio": 1.72,
            "reinvestment_rate": null,
            "research_to_sale_ratio": 0.37,
            "price_fair": 135.4,
            "eps_avg_yearly": 3.87,
            "eps_latest_yearly": 1.28,
            "eps_growth_yearly": 26.2
        },
        "20102": {
            "year_quarter": 20102,
            "year": 2010,
            "quarter": 2,
            "eps": -3.04,
            "eps_growth_year": null,
            "eps_4q": -5.98,
            "eps_4q_growth_year": null,
            "roe": -54.68,
            "roe_4q": -94.6,
            "gross_profit": -196458,
            "gross_margin": -49.25,
            "gross_margin_4q_avg": -29,
            "net_income": -620506,
            "revenue": 398889,
            "common_shares": 2117911,
            "book_valuer_per_share": 4.05,
            "book_valuer_per_share_4q_avg": 6.72,
            "equity": 826905,
            "current_ratio": 83.08,
            "debt_ratio": 67.49,
            "inventory_turnover_ratio": 2.77,
            "account_receivable_turnover_ratio": 1.77,
            "reinvestment_rate": null,
            "research_to_sale_ratio": 0.27,
            "price_fair": 143.27,
            "eps_avg_yearly": 4.09,
            "eps_latest_yearly": 1.28,
            "eps_growth_yearly": 41.97
        },
        "20103": {
            "year_quarter": 20103,
            "year": 2010,
            "quarter": 3,
            "eps": -1.06,
            "eps_growth_year": null,
            "eps_4q": -6.33,
            "eps_4q_growth_year": null,
            "roe": -30.22,
            "roe_4q": -115.95000000000002,
            "gross_profit": -138444,
            "gross_margin": -103.89,
            "gross_margin_4q_avg": -51.83,
            "net_income": -217153,
            "revenue": 133259,
            "common_shares": 2117911,
            "book_valuer_per_share": 2.99,
            "book_valuer_per_share_4q_avg": 5.39,
            "equity": 610093,
            "current_ratio": 78.44,
            "debt_ratio": 70.3,
            "inventory_turnover_ratio": 2.17,
            "account_receivable_turnover_ratio": 1.18,
            "reinvestment_rate": null,
            "research_to_sale_ratio": 0.73,
            "price_fair": 11.28,
            "eps_avg_yearly": 3.76,
            "eps_latest_yearly": 1.28,
            "eps_growth_yearly": -52.5
        },
        "20104": {
            "year_quarter": 20104,
            "year": 2010,
            "quarter": 4,
            "eps": -1.55,
            "eps_growth_year": null,
            "eps_4q": -6.51,
            "eps_4q_growth_year": null,
            "roe": -70.44,
            "roe_4q": -167.68,
            "gross_profit": -51296,
            "gross_margin": 30533.33,
            "gross_margin_4q_avg": 7588.54,
            "net_income": -316302,
            "revenue": -168,
            "common_shares": 2117911,
            "book_valuer_per_share": 1.41,
            "book_valuer_per_share_4q_avg": 3.88,
            "equity": 287925,
            "current_ratio": 79.32,
            "debt_ratio": 81.23,
            "inventory_turnover_ratio": 1.09,
            "account_receivable_turnover_ratio": -0,
            "reinvestment_rate": null,
            "research_to_sale_ratio": -51.79,
            "price_fair": 10.5,
            "eps_avg_yearly": 3.5,
            "eps_latest_yearly": 1.28,
            "eps_growth_yearly": -48.96
        },
        "20111": {
            "year_quarter": 20111,
            "year": 2011,
            "quarter": 1,
            "eps": -0.23,
            "eps_growth_year": null,
            "eps_4q": -5.88,
            "eps_4q_growth_year": null,
            "roe": -17.58,
            "roe_4q": -172.92,
            "gross_profit": 4114,
            "gross_margin": 46.67,
            "gross_margin_4q_avg": 7606.72,
            "net_income": -46665,
            "revenue": 8815,
            "common_shares": 2117911,
            "book_valuer_per_share": 1.19,
            "book_valuer_per_share_4q_avg": 2.41,
            "equity": 242988,
            "current_ratio": 37.68,
            "debt_ratio": 63.63,
            "inventory_turnover_ratio": 0.15,
            "account_receivable_turnover_ratio": 0.56,
            "reinvestment_rate": null,
            "research_to_sale_ratio": 0.01,
            "price_fair": 10.96,
            "eps_avg_yearly": 3.65,
            "eps_latest_yearly": 1.28,
            "eps_growth_yearly": -16.39
        },
        "20112": {
            "year_quarter": 20112,
            "year": 2011,
            "quarter": 2,
            "eps": -0.2,
            "eps_growth_year": null,
            "eps_4q": -3.05,
            "eps_4q_growth_year": null,
            "roe": -18.76,
            "roe_4q": -137,
            "gross_profit": -3118,
            "gross_margin": -49.93,
            "gross_margin_4q_avg": 7606.55,
            "net_income": -41791,
            "revenue": 6245,
            "common_shares": 2117911,
            "book_valuer_per_share": 0.99,
            "book_valuer_per_share_4q_avg": 1.65,
            "equity": 202437,
            "current_ratio": 104.88,
            "debt_ratio": 67.62,
            "inventory_turnover_ratio": 0.32,
            "account_receivable_turnover_ratio": 0.44,
            "reinvestment_rate": null,
            "research_to_sale_ratio": 0,
            "price_fair": 8.16,
            "eps_avg_yearly": 2.72,
            "eps_latest_yearly": 1.28,
            "eps_growth_yearly": -187.74
        },
        "20113": {
            "year_quarter": 20113,
            "year": 2011,
            "quarter": 3,
            "eps": -0.12,
            "eps_growth_year": null,
            "eps_4q": -2.11,
            "eps_4q_growth_year": null,
            "roe": -13.1,
            "roe_4q": -119.88,
            "gross_profit": 1948,
            "gross_margin": 147.91,
            "gross_margin_4q_avg": 7669.5,
            "net_income": -25213,
            "revenue": 1317,
            "common_shares": 2117911,
            "book_valuer_per_share": 0.89,
            "book_valuer_per_share_4q_avg": 1.12,
            "equity": 182474,
            "current_ratio": 105.46,
            "debt_ratio": 71.41,
            "inventory_turnover_ratio": -0.02,
            "account_receivable_turnover_ratio": 0.13,
            "reinvestment_rate": null,
            "research_to_sale_ratio": 0,
            "price_fair": 3.84,
            "eps_avg_yearly": 1.28,
            "eps_latest_yearly": 1.28,
            "eps_growth_yearly": -276.92
        },
        "20114": {
            "year_quarter": 20114,
            "year": 2011,
            "quarter": 4,
            "eps": 0.32,
            "eps_growth_year": null,
            "eps_4q": -0.22,
            "eps_4q_growth_year": null,
            "roe": 38.94,
            "roe_4q": -10.500000000000004,
            "gross_profit": -5508,
            "gross_margin": -212.34,
            "gross_margin_4q_avg": -16.92,
            "net_income": 67808,
            "revenue": 2594,
            "common_shares": 2117911,
            "book_valuer_per_share": 0.78,
            "book_valuer_per_share_4q_avg": 0.96,
            "equity": 165776,
            "current_ratio": 138.02,
            "debt_ratio": 55.53,
            "inventory_turnover_ratio": 0.32,
            "account_receivable_turnover_ratio": 0.31,
            "reinvestment_rate": null,
            "research_to_sale_ratio": 0,
            "price_fair": 0,
            "eps_avg_yearly": 0,
            "eps_latest_yearly": 0,
            "eps_growth_yearly": 0
        },
        "20121": {
            "year_quarter": 20121,
            "year": 2012,
            "quarter": 1,
            "eps": -0.04,
            "eps_growth_year": null,
            "eps_4q": -0.03,
            "eps_4q_growth_year": null,
            "roe": -4.5,
            "roe_4q": 2.5799999999999947,
            "gross_profit": 1241,
            "gross_margin": 39.64,
            "gross_margin_4q_avg": -18.68,
            "net_income": -7225,
            "revenue": 3131,
            "common_shares": 2041691,
            "book_valuer_per_share": 0.76,
            "book_valuer_per_share_4q_avg": 0.86,
            "equity": 154989,
            "current_ratio": 146.24,
            "debt_ratio": 50.59,
            "inventory_turnover_ratio": 0.09,
            "account_receivable_turnover_ratio": 0.35,
            "reinvestment_rate": null,
            "research_to_sale_ratio": 0,
            "price_fair": 0,
            "eps_avg_yearly": 0,
            "eps_latest_yearly": 0,
            "eps_growth_yearly": 0
        },
        "20122": {
            "year_quarter": 20122,
            "year": 2012,
            "quarter": 2,
            "eps": -0.25,
            "eps_growth_year": null,
            "eps_4q": -0.08,
            "eps_4q_growth_year": null,
            "roe": -39.21,
            "roe_4q": -17.870000000000005,
            "gross_profit": 5026,
            "gross_margin": 118.04,
            "gross_margin_4q_avg": 23.31,
            "net_income": -51043,
            "revenue": 4258,
            "common_shares": 2041691,
            "book_valuer_per_share": 0.52,
            "book_valuer_per_share_4q_avg": 0.74,
            "equity": 105362,
            "current_ratio": 129.52,
            "debt_ratio": 61.27,
            "inventory_turnover_ratio": -0.04,
            "account_receivable_turnover_ratio": 0.49,
            "reinvestment_rate": null,
            "research_to_sale_ratio": 0,
            "price_fair": 0,
            "eps_avg_yearly": 0,
            "eps_latest_yearly": 0,
            "eps_growth_yearly": 0
        },
        "20123": {
            "year_quarter": 20123,
            "year": 2012,
            "quarter": 3,
            "eps": -0.11,
            "eps_growth_year": null,
            "eps_4q": -0.07,
            "eps_4q_growth_year": null,
            "roe": -24.95,
            "roe_4q": -29.72,
            "gross_profit": 67,
            "gross_margin": 83.75,
            "gross_margin_4q_avg": 7.27,
            "net_income": -23153,
            "revenue": 80,
            "common_shares": 2041691,
            "book_valuer_per_share": 0.39,
            "book_valuer_per_share_4q_avg": 0.61,
            "equity": 80266,
            "current_ratio": 126.6,
            "debt_ratio": 62.52,
            "inventory_turnover_ratio": 0,
            "account_receivable_turnover_ratio": 0.01,
            "reinvestment_rate": null,
            "research_to_sale_ratio": 0,
            "price_fair": 0,
            "eps_avg_yearly": 0,
            "eps_latest_yearly": 0,
            "eps_growth_yearly": 0
        },
        "20124": {
            "year_quarter": 20124,
            "year": 2012,
            "quarter": 4,
            "eps": -0.27,
            "eps_growth_year": -185.36,
            "eps_4q": -0.67,
            "eps_4q_growth_year": null,
            "roe": -107.33,
            "roe_4q": -175.99,
            "gross_profit": 785,
            "gross_margin": 98.49,
            "gross_margin_4q_avg": 84.98,
            "net_income": -55800,
            "revenue": 797,
            "common_shares": 2041691,
            "book_valuer_per_share": 0.12,
            "book_valuer_per_share_4q_avg": 0.45,
            "equity": 23715,
            "current_ratio": 95.37,
            "debt_ratio": 85.79,
            "inventory_turnover_ratio": null,
            "account_receivable_turnover_ratio": 0.17,
            "reinvestment_rate": null,
            "research_to_sale_ratio": 0,
            "price_fair": 0,
            "eps_avg_yearly": 0,
            "eps_latest_yearly": 0,
            "eps_growth_yearly": 0
        },
        "20131": {
            "year_quarter": 20131,
            "year": 2013,
            "quarter": 1,
            "eps": -0.06,
            "eps_growth_year": null,
            "eps_4q": -0.7,
            "eps_4q_growth_year": null,
            "roe": -72.72,
            "roe_4q": -244.21,
            "gross_profit": -1229,
            "gross_margin": -10241.67,
            "gross_margin_4q_avg": -2485.35,
            "net_income": -13160,
            "revenue": 12,
            "common_shares": 2041691,
            "book_valuer_per_share": 0.06,
            "book_valuer_per_share_4q_avg": 0.27,
            "equity": 12481,
            "current_ratio": 104.1,
            "debt_ratio": 91.47,
            "inventory_turnover_ratio": null,
            "account_receivable_turnover_ratio": 0,
            "reinvestment_rate": null,
            "research_to_sale_ratio": null,
            "price_fair": 0,
            "eps_avg_yearly": 0,
            "eps_latest_yearly": 0,
            "eps_growth_yearly": 0
        },
        "20132": {
            "year_quarter": 20132,
            "year": 2013,
            "quarter": 2,
            "eps": 0,
            "eps_growth_year": null,
            "eps_4q": -0.45,
            "eps_4q_growth_year": null,
            "roe": 1.6,
            "roe_4q": -203.39999999999998,
            "gross_profit": 5374,
            "gross_margin": 81.24,
            "gross_margin_4q_avg": -2494.55,
            "net_income": 205,
            "revenue": 6615,
            "common_shares": 2041691,
            "book_valuer_per_share": 0.06,
            "book_valuer_per_share_4q_avg": 0.16,
            "equity": 13100,
            "current_ratio": 107.24,
            "debt_ratio": 89.64,
            "inventory_turnover_ratio": null,
            "account_receivable_turnover_ratio": 0.46,
            "reinvestment_rate": null,
            "research_to_sale_ratio": null,
            "price_fair": 0,
            "eps_avg_yearly": 0,
            "eps_latest_yearly": 0,
            "eps_growth_yearly": 0
        },
        "20133": {
            "year_quarter": 20133,
            "year": 2013,
            "quarter": 3,
            "eps": 0.13,
            "eps_growth_year": null,
            "eps_4q": -0.21,
            "eps_4q_growth_year": null,
            "roe": 100.69,
            "roe_4q": -77.76,
            "gross_profit": 23919,
            "gross_margin": 84.15,
            "gross_margin_4q_avg": -2494.45,
            "net_income": 25610,
            "revenue": 28423,
            "common_shares": 2041691,
            "book_valuer_per_share": 0.18,
            "book_valuer_per_share_4q_avg": 0.11,
            "equity": 37771,
            "current_ratio": 107.48,
            "debt_ratio": 80.89,
            "inventory_turnover_ratio": null,
            "account_receivable_turnover_ratio": 1.65,
            "reinvestment_rate": null,
            "research_to_sale_ratio": null,
            "price_fair": 0,
            "eps_avg_yearly": 0,
            "eps_latest_yearly": 0,
            "eps_growth_yearly": 0
        },
        "20134": {
            "year_quarter": 20134,
            "year": 2013,
            "quarter": 4,
            "eps": 2.42,
            "eps_growth_year": null,
            "eps_4q": 4.9,
            "eps_4q_growth_year": null,
            "roe": 27.92,
            "roe_4q": 57.49000000000001,
            "gross_profit": 9851,
            "gross_margin": 41.09,
            "gross_margin_4q_avg": -2508.8,
            "net_income": 12332,
            "revenue": 23973,
            "common_shares": 50999,
            "book_valuer_per_share": 9.91,
            "book_valuer_per_share_4q_avg": 2.55,
            "equity": 50563,
            "current_ratio": 128.09,
            "debt_ratio": 74.4,
            "inventory_turnover_ratio": null,
            "account_receivable_turnover_ratio": 1.55,
            "reinvestment_rate": null,
            "research_to_sale_ratio": null,
            "price_fair": 338.8,
            "eps_avg_yearly": 9.68,
            "eps_latest_yearly": 9.68,
            "eps_growth_yearly": 7046.15
        },
        "20141": {
            "year_quarter": 20141,
            "year": 2014,
            "quarter": 1,
            "eps": 0.36,
            "eps_growth_year": null,
            "eps_4q": 4.07,
            "eps_4q_growth_year": null,
            "roe": 2.5,
            "roe_4q": 132.71,
            "gross_profit": 7189,
            "gross_margin": 33.17,
            "gross_margin_4q_avg": 59.91,
            "net_income": 3010,
            "revenue": 21673,
            "common_shares": 100999,
            "book_valuer_per_share": 18.83,
            "book_valuer_per_share_4q_avg": 7.25,
            "equity": 190187,
            "current_ratio": 176.65,
            "debt_ratio": 42.25,
            "inventory_turnover_ratio": null,
            "account_receivable_turnover_ratio": 2.67,
            "reinvestment_rate": null,
            "research_to_sale_ratio": null,
            "price_fair": 194.6,
            "eps_avg_yearly": 5.56,
            "eps_latest_yearly": 1.44,
            "eps_growth_yearly": 3352.83
        },
        "20142": {
            "year_quarter": 20142,
            "year": 2014,
            "quarter": 2,
            "eps": 0.23,
            "eps_growth_year": null,
            "eps_4q": 4.28,
            "eps_4q_growth_year": null,
            "roe": 1.2,
            "roe_4q": 132.31,
            "gross_profit": 6417,
            "gross_margin": 30.35,
            "gross_margin_4q_avg": 47.19,
            "net_income": 2301,
            "revenue": 21142,
            "common_shares": 100999,
            "book_valuer_per_share": 19.06,
            "book_valuer_per_share_4q_avg": 12,
            "equity": 192491,
            "current_ratio": 174.39,
            "debt_ratio": 41.05,
            "inventory_turnover_ratio": null,
            "account_receivable_turnover_ratio": 4.07,
            "reinvestment_rate": null,
            "research_to_sale_ratio": null,
            "price_fair": 140.47,
            "eps_avg_yearly": 4.01,
            "eps_latest_yearly": 0.92,
            "eps_growth_yearly": 2187.07
        },
        "20143": {
            "year_quarter": 20143,
            "year": 2014,
            "quarter": 3,
            "eps": 0.59,
            "eps_growth_year": 353.85,
            "eps_4q": 2.33,
            "eps_4q_growth_year": null,
            "roe": 3.03,
            "roe_4q": 34.65,
            "gross_profit": 10063,
            "gross_margin": 27.05,
            "gross_margin_4q_avg": 32.92,
            "net_income": 5915,
            "revenue": 37195,
            "common_shares": 100999,
            "book_valuer_per_share": 19.64,
            "book_valuer_per_share_4q_avg": 16.86,
            "equity": 198406,
            "current_ratio": 143.69,
            "debt_ratio": 63.08,
            "inventory_turnover_ratio": null,
            "account_receivable_turnover_ratio": 3.32,
            "reinvestment_rate": null,
            "research_to_sale_ratio": null,
            "price_fair": 126,
            "eps_avg_yearly": 3.6,
            "eps_latest_yearly": 2.36,
            "eps_growth_yearly": 1796.83
        },
        "20144": {
            "year_quarter": 20144,
            "year": 2014,
            "quarter": 4,
            "eps": -0.18,
            "eps_growth_year": -107.44,
            "eps_4q": 0.93,
            "eps_4q_growth_year": -80.98,
            "roe": -2.9,
            "roe_4q": 3.83,
            "gross_profit": 12859,
            "gross_margin": 21.35,
            "gross_margin_4q_avg": 27.98,
            "net_income": -6420,
            "revenue": 60239,
            "common_shares": 100999,
            "book_valuer_per_share": 19.87,
            "book_valuer_per_share_4q_avg": 19.35,
            "equity": 244486,
            "current_ratio": 79.69,
            "debt_ratio": 65.35,
            "inventory_turnover_ratio": 303.72,
            "account_receivable_turnover_ratio": 3.64,
            "reinvestment_rate": null,
            "research_to_sale_ratio": null,
            "price_fair": 126,
            "eps_avg_yearly": 3.6,
            "eps_latest_yearly": 2.36,
            "eps_growth_yearly": 1796.83
        },
        "20151": {
            "year_quarter": 20151,
            "year": 2015,
            "quarter": 1,
            "eps": 0.54,
            "eps_growth_year": 50,
            "eps_4q": 1.17,
            "eps_4q_growth_year": -71.29,
            "roe": 1.7,
            "roe_4q": 3.03,
            "gross_profit": 20281,
            "gross_margin": 25.94,
            "gross_margin_4q_avg": 26.17,
            "net_income": 4523,
            "revenue": 78175,
            "common_shares": 100999,
            "book_valuer_per_share": 20.28,
            "book_valuer_per_share_4q_avg": 19.71,
            "equity": 286372,
            "current_ratio": 81.43,
            "debt_ratio": 59.97,
            "inventory_turnover_ratio": 131.28,
            "account_receivable_turnover_ratio": 4.52,
            "reinvestment_rate": null,
            "research_to_sale_ratio": null,
            "price_fair": 126,
            "eps_avg_yearly": 3.6,
            "eps_latest_yearly": 2.36,
            "eps_growth_yearly": 1796.83
        },
        "20152": {
            "year_quarter": 20152,
            "year": 2015,
            "quarter": 2,
            "eps": -0.77,
            "eps_growth_year": -434.78,
            "eps_4q": 0.17,
            "eps_4q_growth_year": -96.05,
            "roe": -3.19,
            "roe_4q": -1.3599999999999999,
            "gross_profit": 11767,
            "gross_margin": 10.9,
            "gross_margin_4q_avg": 21.31,
            "net_income": -8969,
            "revenue": 107963,
            "common_shares": 100999,
            "book_valuer_per_share": 19.37,
            "book_valuer_per_share_4q_avg": 19.79,
            "equity": 275540,
            "current_ratio": 73.45,
            "debt_ratio": 61.33,
            "inventory_turnover_ratio": 121.08,
            "account_receivable_turnover_ratio": 6.45,
            "reinvestment_rate": null,
            "research_to_sale_ratio": null,
            "price_fair": 126,
            "eps_avg_yearly": 3.6,
            "eps_latest_yearly": 2.36,
            "eps_growth_yearly": 1796.83
        },
        "20153": {
            "year_quarter": 20153,
            "year": 2015,
            "quarter": 3,
            "eps": 0.21,
            "eps_growth_year": -64.41,
            "eps_4q": -0.2,
            "eps_4q_growth_year": -108.74,
            "roe": 0.74,
            "roe_4q": -3.6500000000000004,
            "gross_profit": 19675,
            "gross_margin": 15.75,
            "gross_margin_4q_avg": 18.49,
            "net_income": 2080,
            "revenue": 124914,
            "common_shares": 100999,
            "book_valuer_per_share": 20.05,
            "book_valuer_per_share_4q_avg": 19.89,
            "equity": 284165,
            "current_ratio": 70.01,
            "debt_ratio": 60.38,
            "inventory_turnover_ratio": 91.08,
            "account_receivable_turnover_ratio": 7.75,
            "reinvestment_rate": null,
            "research_to_sale_ratio": null,
            "price_fair": 126,
            "eps_avg_yearly": 3.6,
            "eps_latest_yearly": 2.36,
            "eps_growth_yearly": 1796.83
        },
        "20154": {
            "year_quarter": 20154,
            "year": 2015,
            "quarter": 4,
            "eps": 1.35,
            "eps_growth_year": null,
            "eps_4q": 1.32,
            "eps_4q_growth_year": 42.01,
            "roe": 2.26,
            "roe_4q": 1.51,
            "gross_profit": 13320,
            "gross_margin": 10.74,
            "gross_margin_4q_avg": 15.83,
            "net_income": 6442,
            "revenue": 124048,
            "common_shares": 100999,
            "book_valuer_per_share": 21.15,
            "book_valuer_per_share_4q_avg": 20.21,
            "equity": 286446,
            "current_ratio": 68.44,
            "debt_ratio": 62.46,
            "inventory_turnover_ratio": 116.56,
            "account_receivable_turnover_ratio": 6.91,
            "reinvestment_rate": null,
            "research_to_sale_ratio": null,
            "price_fair": 138.6,
            "eps_avg_yearly": 3.96,
            "eps_latest_yearly": 5.4,
            "eps_growth_yearly": 1871.75
        },
        "20161": {
            "year_quarter": 20161,
            "year": 2016,
            "quarter": 1,
            "eps": -0.5,
            "eps_growth_year": -192.59,
            "eps_4q": 0.29,
            "eps_4q_growth_year": -75.14,
            "roe": -3.09,
            "roe_4q": -3.2800000000000002,
            "gross_profit": 7412,
            "gross_margin": 5.95,
            "gross_margin_4q_avg": 10.84,
            "net_income": -8701,
            "revenue": 124558,
            "common_shares": 100999,
            "book_valuer_per_share": 20.62,
            "book_valuer_per_share_4q_avg": 20.3,
            "equity": 277247,
            "current_ratio": 53.17,
            "debt_ratio": 64.6,
            "inventory_turnover_ratio": 197.55,
            "account_receivable_turnover_ratio": 7.59,
            "reinvestment_rate": null,
            "research_to_sale_ratio": null,
            "price_fair": 138.6,
            "eps_avg_yearly": 3.96,
            "eps_latest_yearly": 5.4,
            "eps_growth_yearly": 1871.75
        },
        "20162": {
            "year_quarter": 20162,
            "year": 2016,
            "quarter": 2,
            "eps": 0.45,
            "eps_growth_year": null,
            "eps_4q": 1.51,
            "eps_4q_growth_year": 792.8,
            "roe": -0.09,
            "roe_4q": -0.17999999999999994,
            "gross_profit": 1153,
            "gross_margin": 1.04,
            "gross_margin_4q_avg": 8.37,
            "net_income": -248,
            "revenue": 111302,
            "common_shares": 100999,
            "book_valuer_per_share": 19.88,
            "book_valuer_per_share_4q_avg": 20.43,
            "equity": 264271,
            "current_ratio": 57.56,
            "debt_ratio": 66.63,
            "inventory_turnover_ratio": 200.64,
            "account_receivable_turnover_ratio": 8.27,
            "reinvestment_rate": null,
            "research_to_sale_ratio": null,
            "price_fair": 138.6,
            "eps_avg_yearly": 3.96,
            "eps_latest_yearly": 5.4,
            "eps_growth_yearly": 1871.75
        },
        "20163": {
            "year_quarter": 20163,
            "year": 2016,
            "quarter": 3,
            "eps": 1.03,
            "eps_growth_year": 390.48,
            "eps_4q": 1.86,
            "eps_4q_growth_year": null,
            "roe": 5.75,
            "roe_4q": 4.83,
            "gross_profit": 39120,
            "gross_margin": 25.86,
            "gross_margin_4q_avg": 10.9,
            "net_income": 17926,
            "revenue": 151252,
            "common_shares": 140999,
            "book_valuer_per_share": 20.67,
            "book_valuer_per_share_4q_avg": 20.58,
            "equity": 358785,
            "current_ratio": 65,
            "debt_ratio": 57.91,
            "inventory_turnover_ratio": 214.2,
            "account_receivable_turnover_ratio": 10.91,
            "reinvestment_rate": 1417789.66,
            "research_to_sale_ratio": null,
            "price_fair": 139.53,
            "eps_avg_yearly": 3.99,
            "eps_latest_yearly": 4.12,
            "eps_growth_yearly": 1645.71
        },
        "20164": {
            "year_quarter": 20164,
            "year": 2016,
            "quarter": 4,
            "eps": 0.51,
            "eps_growth_year": -62.24,
            "eps_4q": 1.41,
            "eps_4q_growth_year": 6.38,
            "roe": 1.39,
            "roe_4q": 3.96,
            "gross_profit": 31619,
            "gross_margin": 39.22,
            "gross_margin_4q_avg": 18.02,
            "net_income": 5009,
            "revenue": 80627,
            "common_shares": 140999,
            "book_valuer_per_share": 21.1,
            "book_valuer_per_share_4q_avg": 20.57,
            "equity": 362364,
            "current_ratio": 107.95,
            "debt_ratio": 58.88,
            "inventory_turnover_ratio": 185.99,
            "account_receivable_turnover_ratio": 6.33,
            "reinvestment_rate": 570.25,
            "research_to_sale_ratio": null,
            "price_fair": 129.8,
            "eps_avg_yearly": 3.71,
            "eps_latest_yearly": 2.04,
            "eps_growth_yearly": 1381.76
        },
        "20171": {
            "year_quarter": 20171,
            "year": 2017,
            "quarter": 1,
            "eps": -0.57,
            "eps_growth_year": null,
            "eps_4q": 1.19,
            "eps_4q_growth_year": 309.99,
            "roe": -2.79,
            "roe_4q": 4.26,
            "gross_profit": 3682,
            "gross_margin": 3.74,
            "gross_margin_4q_avg": 17.47,
            "net_income": -9985,
            "revenue": 98423,
            "common_shares": 140999,
            "book_valuer_per_share": 20.53,
            "book_valuer_per_share_4q_avg": 20.55,
            "equity": 354379,
            "current_ratio": 113.77,
            "debt_ratio": 59.8,
            "inventory_turnover_ratio": null,
            "account_receivable_turnover_ratio": 12.66,
            "reinvestment_rate": 663.88,
            "research_to_sale_ratio": null,
            "price_fair": 129.8,
            "eps_avg_yearly": 3.71,
            "eps_latest_yearly": 2.04,
            "eps_growth_yearly": 1381.76
        },
        "20172": {
            "year_quarter": 20172,
            "year": 2017,
            "quarter": 2,
            "eps": -0.36,
            "eps_growth_year": -180,
            "eps_4q": 0.51,
            "eps_4q_growth_year": -65.94,
            "roe": -1.5,
            "roe_4q": 2.8499999999999996,
            "gross_profit": 11054,
            "gross_margin": 10.95,
            "gross_margin_4q_avg": 19.94,
            "net_income": -5021,
            "revenue": 100962,
            "common_shares": 140999,
            "book_valuer_per_share": 19.48,
            "book_valuer_per_share_4q_avg": 20.45,
            "equity": 317122,
            "current_ratio": 111.19,
            "debt_ratio": 56.38,
            "inventory_turnover_ratio": null,
            "account_receivable_turnover_ratio": 14.42,
            "reinvestment_rate": 722.3,
            "research_to_sale_ratio": null,
            "price_fair": 129.8,
            "eps_avg_yearly": 3.71,
            "eps_latest_yearly": 2.04,
            "eps_growth_yearly": 1381.76
        },
        "20173": {
            "year_quarter": 20173,
            "year": 2017,
            "quarter": 3,
            "eps": 0.18,
            "eps_growth_year": -82.52,
            "eps_4q": -0.6,
            "eps_4q_growth_year": -132.02,
            "roe": -0.03,
            "roe_4q": -2.9300000000000006,
            "gross_profit": 15274,
            "gross_margin": 11.23,
            "gross_margin_4q_avg": 16.29,
            "net_income": -85,
            "revenue": 136002,
            "common_shares": 140999,
            "book_valuer_per_share": 19.3,
            "book_valuer_per_share_4q_avg": 20.1,
            "equity": 317037,
            "current_ratio": 129.88,
            "debt_ratio": 58.89,
            "inventory_turnover_ratio": null,
            "account_receivable_turnover_ratio": 17.94,
            "reinvestment_rate": 1257.96,
            "research_to_sale_ratio": null,
            "price_fair": 129.8,
            "eps_avg_yearly": 3.71,
            "eps_latest_yearly": 2.04,
            "eps_growth_yearly": 1381.76
        },
        "20174": {
            "year_quarter": 20174,
            "year": 2017,
            "quarter": 4,
            "eps": -0.56,
            "eps_growth_year": -210.25,
            "eps_4q": -1.67,
            "eps_4q_growth_year": -218.39,
            "roe": -2.71,
            "roe_4q": -7.03,
            "gross_profit": 8536,
            "gross_margin": 7.11,
            "gross_margin_4q_avg": 8.26,
            "net_income": -8473,
            "revenue": 120029,
            "common_shares": 140999,
            "book_valuer_per_share": 18.74,
            "book_valuer_per_share_4q_avg": 19.51,
            "equity": 308564,
            "current_ratio": 44.32,
            "debt_ratio": 69.36,
            "inventory_turnover_ratio": null,
            "account_receivable_turnover_ratio": 13.48,
            "reinvestment_rate": 5453.32,
            "research_to_sale_ratio": null,
            "price_fair": 94.97,
            "eps_avg_yearly": 2.71,
            "eps_latest_yearly": 2.04,
            "eps_growth_yearly": 437.7
        },
        "20181": {
            "year_quarter": 20181,
            "year": 2018,
            "quarter": 1,
            "eps": -1.8,
            "eps_growth_year": null,
            "eps_4q": -2.89,
            "eps_4q_growth_year": -342.67,
            "roe": -11.95,
            "roe_4q": -16.189999999999998,
            "gross_profit": -18615,
            "gross_margin": -19.63,
            "gross_margin_4q_avg": 2.42,
            "net_income": -34441,
            "revenue": 94810,
            "common_shares": 140999,
            "book_valuer_per_share": 16.48,
            "book_valuer_per_share_4q_avg": 18.5,
            "equity": 267786,
            "current_ratio": 45.88,
            "debt_ratio": 72.88,
            "inventory_turnover_ratio": null,
            "account_receivable_turnover_ratio": 10.5,
            "reinvestment_rate": null,
            "research_to_sale_ratio": null,
            "price_fair": 103.88,
            "eps_avg_yearly": 2.97,
            "eps_latest_yearly": 2.04,
            "eps_growth_yearly": 593.34
        },
        "20182": {
            "year_quarter": 20182,
            "year": 2018,
            "quarter": 2,
            "eps": -0.87,
            "eps_growth_year": null,
            "eps_4q": -3.41,
            "eps_4q_growth_year": -761.81,
            "roe": -5.01,
            "roe_4q": -19.700000000000003,
            "gross_profit": 3137,
            "gross_margin": 2.6,
            "gross_margin_4q_avg": 0.33,
            "net_income": -13077,
            "revenue": 120571,
            "common_shares": 140999,
            "book_valuer_per_share": 15.61,
            "book_valuer_per_share_4q_avg": 17.53,
            "equity": 254709,
            "current_ratio": 52.75,
            "debt_ratio": 75.48,
            "inventory_turnover_ratio": null,
            "account_receivable_turnover_ratio": 10.92,
            "reinvestment_rate": null,
            "research_to_sale_ratio": null,
            "price_fair": 121.8,
            "eps_avg_yearly": 3.48,
            "eps_latest_yearly": 2.04,
            "eps_growth_yearly": 777.78
        },
        "20183": {
            "year_quarter": 20183,
            "year": 2018,
            "quarter": 3,
            "eps": 0.39,
            "eps_growth_year": 116.67,
            "eps_4q": -2.84,
            "eps_4q_growth_year": null,
            "roe": 4.64,
            "roe_4q": -15.030000000000001,
            "gross_profit": 24867,
            "gross_margin": 16.53,
            "gross_margin_4q_avg": 1.65,
            "net_income": 12101,
            "revenue": 150408,
            "common_shares": 140999,
            "book_valuer_per_share": 16,
            "book_valuer_per_share_4q_avg": 16.71,
            "equity": 266811,
            "current_ratio": 56.08,
            "debt_ratio": 74.38,
            "inventory_turnover_ratio": null,
            "account_receivable_turnover_ratio": 11.97,
            "reinvestment_rate": null,
            "research_to_sale_ratio": null,
            "price_fair": 134.87,
            "eps_avg_yearly": 3.85,
            "eps_latest_yearly": 2.04,
            "eps_growth_yearly": 828.35
        },
        "20184": {
            "year_quarter": 20184,
            "year": 2018,
            "quarter": 4,
            "eps": -0.17,
            "eps_growth_year": null,
            "eps_4q": -2.45,
            "eps_4q_growth_year": null,
            "roe": -1.37,
            "roe_4q": -13.69,
            "gross_profit": 14072,
            "gross_margin": 10.39,
            "gross_margin_4q_avg": 2.47,
            "net_income": -3619,
            "revenue": 135390,
            "common_shares": 140999,
            "book_valuer_per_share": 15.81,
            "book_valuer_per_share_4q_avg": 15.98,
            "equity": 263192,
            "current_ratio": 50.13,
            "debt_ratio": 73.61,
            "inventory_turnover_ratio": null,
            "account_receivable_turnover_ratio": 9.22,
            "reinvestment_rate": null,
            "research_to_sale_ratio": null,
            "price_fair": 134.87,
            "eps_avg_yearly": 3.85,
            "eps_latest_yearly": 2.04,
            "eps_growth_yearly": 828.35
        },
        "20191": {
            "year_quarter": 20191,
            "year": 2019,
            "quarter": 1,
            "eps": -0.81,
            "eps_growth_year": null,
            "eps_4q": -1.46,
            "eps_4q_growth_year": null,
            "roe": -6.22,
            "roe_4q": -7.96,
            "gross_profit": 4311,
            "gross_margin": 3.65,
            "gross_margin_4q_avg": 8.29,
            "net_income": -15883,
            "revenue": 118123,
            "common_shares": 140999,
            "book_valuer_per_share": 15,
            "book_valuer_per_share_4q_avg": 15.61,
            "equity": 247309,
            "current_ratio": 37.43,
            "debt_ratio": 83.25,
            "inventory_turnover_ratio": null,
            "account_receivable_turnover_ratio": 7.38,
            "reinvestment_rate": null,
            "research_to_sale_ratio": null,
            "price_fair": 134.87,
            "eps_avg_yearly": 3.85,
            "eps_latest_yearly": 2.04,
            "eps_growth_yearly": 828.35
        },
        "20192": {
            "year_quarter": 20192,
            "year": 2019,
            "quarter": 2,
            "eps": -0.82,
            "eps_growth_year": null,
            "eps_4q": -1.41,
            "eps_4q_growth_year": null,
            "roe": -5.55,
            "roe_4q": -8.5,
            "gross_profit": 4899,
            "gross_margin": 3.96,
            "gross_margin_4q_avg": 8.63,
            "net_income": -13350,
            "revenue": 123814,
            "common_shares": 140999,
            "book_valuer_per_share": 14.17,
            "book_valuer_per_share_4q_avg": 15.25,
            "equity": 233959,
            "current_ratio": 32.12,
            "debt_ratio": 83.22,
            "inventory_turnover_ratio": null,
            "account_receivable_turnover_ratio": 11.47,
            "reinvestment_rate": null,
            "research_to_sale_ratio": null,
            "price_fair": 134.87,
            "eps_avg_yearly": 3.85,
            "eps_latest_yearly": 2.04,
            "eps_growth_yearly": 828.35
        },
        "20193": {
            "year_quarter": 20193,
            "year": 2019,
            "quarter": 3,
            "eps": 0.11,
            "eps_growth_year": -71.79,
            "eps_4q": -1.69,
            "eps_4q_growth_year": null,
            "roe": 3.02,
            "roe_4q": -10.120000000000001,
            "gross_profit": 22206,
            "gross_margin": 15.33,
            "gross_margin_4q_avg": 8.33,
            "net_income": 7166,
            "revenue": 144811,
            "common_shares": 140999,
            "book_valuer_per_share": 14.28,
            "book_valuer_per_share_4q_avg": 14.82,
            "equity": 239983,
            "current_ratio": 30.69,
            "debt_ratio": 82.2,
            "inventory_turnover_ratio": null,
            "account_receivable_turnover_ratio": 17.3,
            "reinvestment_rate": null,
            "research_to_sale_ratio": null,
            "price_fair": 134.87,
            "eps_avg_yearly": 3.85,
            "eps_latest_yearly": 2.04,
            "eps_growth_yearly": 828.35
        },
        "20194": {
            "year_quarter": 20194,
            "year": 2019,
            "quarter": 4,
            "eps": -0.45,
            "eps_growth_year": null,
            "eps_4q": -1.98,
            "eps_4q_growth_year": null,
            "roe": -1.89,
            "roe_4q": -10.64,
            "gross_profit": 16850,
            "gross_margin": 12.25,
            "gross_margin_4q_avg": 8.8,
            "net_income": -4491,
            "revenue": 137598,
            "common_shares": 140999,
            "book_valuer_per_share": 13.83,
            "book_valuer_per_share_4q_avg": 14.32,
            "equity": 235487,
            "current_ratio": 34.66,
            "debt_ratio": 82.39,
            "inventory_turnover_ratio": null,
            "account_receivable_turnover_ratio": 12.43,
            "reinvestment_rate": null,
            "research_to_sale_ratio": null,
            "price_fair": 107.8,
            "eps_avg_yearly": 3.08,
            "eps_latest_yearly": 2.04,
            "eps_growth_yearly": 156.81
        },
        "20201": {
            "year_quarter": 20201,
            "year": 2020,
            "quarter": 1,
            "eps": -2.7,
            "eps_growth_year": null,
            "eps_4q": -3.87,
            "eps_4q_growth_year": null,
            "roe": -26.6,
            "roe_4q": -31.020000000000003,
            "gross_profit": -21254,
            "gross_margin": -26.87,
            "gross_margin_4q_avg": 1.17,
            "net_income": -55290,
            "revenue": 79096,
            "common_shares": 140999,
            "book_valuer_per_share": 11.12,
            "book_valuer_per_share_4q_avg": 13.35,
            "equity": 180188,
            "current_ratio": 32.16,
            "debt_ratio": 86.61,
            "inventory_turnover_ratio": null,
            "account_receivable_turnover_ratio": 8.33,
            "reinvestment_rate": null,
            "research_to_sale_ratio": null,
            "price_fair": 107.8,
            "eps_avg_yearly": 3.08,
            "eps_latest_yearly": 2.04,
            "eps_growth_yearly": 156.81
        },
        "20202": {
            "year_quarter": 20202,
            "year": 2020,
            "quarter": 2,
            "eps": -1.04,
            "eps_growth_year": null,
            "eps_4q": -4.1,
            "eps_4q_growth_year": null,
            "roe": -10.24,
            "roe_4q": -35.71,
            "gross_profit": -4360,
            "gross_margin": -6.43,
            "gross_margin_4q_avg": -1.43,
            "net_income": -17548,
            "revenue": 67843,
            "common_shares": 140999,
            "book_valuer_per_share": 10.08,
            "book_valuer_per_share_4q_avg": 12.33,
            "equity": 162693,
            "current_ratio": 32.32,
            "debt_ratio": 87.78,
            "inventory_turnover_ratio": null,
            "account_receivable_turnover_ratio": 12.23,
            "reinvestment_rate": null,
            "research_to_sale_ratio": null,
            "price_fair": 107.8,
            "eps_avg_yearly": 3.08,
            "eps_latest_yearly": 2.04,
            "eps_growth_yearly": 156.81
        },
        "20203": {
            "year_quarter": 20203,
            "year": 2020,
            "quarter": 3,
            "eps": 1.99,
            "eps_growth_year": 1709.09,
            "eps_4q": -2.22,
            "eps_4q_growth_year": null,
            "roe": 24.69,
            "roe_4q": -14.040000000000001,
            "gross_profit": 56901,
            "gross_margin": 32.29,
            "gross_margin_4q_avg": 2.81,
            "net_income": 45832,
            "revenue": 176216,
            "common_shares": 140999,
            "book_valuer_per_share": 12.07,
            "book_valuer_per_share_4q_avg": 11.78,
            "equity": 208531,
            "current_ratio": 42.14,
            "debt_ratio": 84.5,
            "inventory_turnover_ratio": null,
            "account_receivable_turnover_ratio": 12.25,
            "reinvestment_rate": null,
            "research_to_sale_ratio": null,
            "price_fair": 6.12,
            "eps_avg_yearly": 2.04,
            "eps_latest_yearly": 2.04,
            "eps_growth_yearly": -201.94
        },
        "20204": {
            "year_quarter": 20204,
            "year": 2020,
            "quarter": 4,
            "eps": -0.31,
            "eps_growth_year": null,
            "eps_4q": -1.55,
            "eps_4q_growth_year": null,
            "roe": 2.62,
            "roe_4q": -9.530000000000001,
            "gross_profit": 20259,
            "gross_margin": 13.85,
            "gross_margin_4q_avg": 3.21,
            "net_income": 6572,
            "revenue": 146318,
            "common_shares": 200999,
            "book_valuer_per_share": 12.04,
            "book_valuer_per_share_4q_avg": 11.33,
            "equity": 293123,
            "current_ratio": 48.08,
            "debt_ratio": 77.77,
            "inventory_turnover_ratio": null,
            "account_receivable_turnover_ratio": 6.64,
            "reinvestment_rate": null,
            "research_to_sale_ratio": null,
            "price_fair": 0,
            "eps_avg_yearly": 0,
            "eps_latest_yearly": 0,
            "eps_growth_yearly": 0
        },
        "20211": {
            "year_quarter": 20211,
            "year": 2021,
            "quarter": 1,
            "eps": -0.21,
            "eps_growth_year": null,
            "eps_4q": 0.08,
            "eps_4q_growth_year": null,
            "roe": -0.61,
            "roe_4q": 16.46,
            "gross_profit": 7976,
            "gross_margin": 7.01,
            "gross_margin_4q_avg": 11.68,
            "net_income": -2220,
            "revenue": 113736,
            "common_shares": 288499,
            "book_valuer_per_share": 13.07,
            "book_valuer_per_share_4q_avg": 11.82,
            "equity": 430903,
            "current_ratio": 89.7,
            "debt_ratio": 71.65,
            "inventory_turnover_ratio": null,
            "account_receivable_turnover_ratio": 8.53,
            "reinvestment_rate": null,
            "research_to_sale_ratio": null,
            "price_fair": 0,
            "eps_avg_yearly": 0,
            "eps_latest_yearly": 0,
            "eps_growth_yearly": 0
        },
        "20212": {
            "year_quarter": 20212,
            "year": 2021,
            "quarter": 2,
            "eps": -1.78,
            "eps_growth_year": null,
            "eps_4q": -1.19,
            "eps_4q_growth_year": null,
            "roe": -15.37,
            "roe_4q": 11.330000000000002,
            "gross_profit": -33346,
            "gross_margin": -68.39,
            "gross_margin_4q_avg": -3.81,
            "net_income": -60959,
            "revenue": 48761,
            "common_shares": 288499,
            "book_valuer_per_share": 11.29,
            "book_valuer_per_share_4q_avg": 12.12,
            "equity": 362104,
            "current_ratio": 70.36,
            "debt_ratio": 74.18,
            "inventory_turnover_ratio": null,
            "account_receivable_turnover_ratio": 15.46,
            "reinvestment_rate": null,
            "research_to_sale_ratio": null,
            "price_fair": 0,
            "eps_avg_yearly": 0,
            "eps_latest_yearly": 0,
            "eps_growth_yearly": 0
        },
        "20213": {
            "year_quarter": 20213,
            "year": 2021,
            "quarter": 3,
            "eps": -0.99,
            "eps_growth_year": -149.75,
            "eps_4q": -3.15,
            "eps_4q_growth_year": null,
            "roe": -10.24,
            "roe_4q": -23.599999999999998,
            "gross_profit": -20872,
            "gross_margin": -35.79,
            "gross_margin_4q_avg": -20.83,
            "net_income": -35284,
            "revenue": 58326,
            "common_shares": 288499,
            "book_valuer_per_share": 10.29,
            "book_valuer_per_share_4q_avg": 11.67,
            "equity": 326820,
            "current_ratio": 55.84,
            "debt_ratio": 72.79,
            "inventory_turnover_ratio": null,
            "account_receivable_turnover_ratio": 21.05,
            "reinvestment_rate": null,
            "research_to_sale_ratio": null,
            "price_fair": 0,
            "eps_avg_yearly": 0,
            "eps_latest_yearly": 0,
            "eps_growth_yearly": 0
        },
        "20214": {
            "year_quarter": 20214,
            "year": 2021,
            "quarter": 4,
            "eps": 0.57,
            "eps_growth_year": null,
            "eps_4q": -2.36,
            "eps_4q_growth_year": null,
            "roe": 5.7,
            "roe_4q": -20.52,
            "gross_profit": 18260,
            "gross_margin": 16.11,
            "gross_margin_4q_avg": -20.27,
            "net_income": 19767,
            "revenue": 113321,
            "common_shares": 288499,
            "book_valuer_per_share": 11.57,
            "book_valuer_per_share_4q_avg": 11.56,
            "equity": 366772,
            "current_ratio": 57.94,
            "debt_ratio": 68.56,
            "inventory_turnover_ratio": null,
            "account_receivable_turnover_ratio": 16.4,
            "reinvestment_rate": null,
            "research_to_sale_ratio": null,
            "price_fair": 0,
            "eps_avg_yearly": 0,
            "eps_latest_yearly": 0,
            "eps_growth_yearly": 0
        },
        "20221": {
            "year_quarter": 20221,
            "year": 2022,
            "quarter": 1,
            "eps": -0.18,
            "eps_growth_year": null,
            "eps_4q": -2.37,
            "eps_4q_growth_year": -3118.65,
            "roe": -1.58,
            "roe_4q": -21.49,
            "gross_profit": 9630,
            "gross_margin": 9.4,
            "gross_margin_4q_avg": -19.67,
            "net_income": -5759,
            "revenue": 102432,
            "common_shares": 288499,
            "book_valuer_per_share": 11.39,
            "book_valuer_per_share_4q_avg": 11.14,
            "equity": 361020,
            "current_ratio": 63.8,
            "debt_ratio": 69.63,
            "inventory_turnover_ratio": null,
            "account_receivable_turnover_ratio": 15.28,
            "reinvestment_rate": null,
            "research_to_sale_ratio": null,
            "price_fair": 0,
            "eps_avg_yearly": 0,
            "eps_latest_yearly": 0,
            "eps_growth_yearly": 0
        },
        "20222": {
            "year_quarter": 20222,
            "year": 2022,
            "quarter": 2,
            "eps": -0.88,
            "eps_growth_year": null,
            "eps_4q": -1.47,
            "eps_4q_growth_year": null,
            "roe": -9.64,
            "roe_4q": -15.760000000000002,
            "gross_profit": -18297,
            "gross_margin": -27.79,
            "gross_margin_4q_avg": -9.52,
            "net_income": -33188,
            "revenue": 65838,
            "common_shares": 288499,
            "book_valuer_per_share": 10.51,
            "book_valuer_per_share_4q_avg": 10.94,
            "equity": 327829,
            "current_ratio": 38.73,
            "debt_ratio": 68.36,
            "inventory_turnover_ratio": null,
            "account_receivable_turnover_ratio": 17.47,
            "reinvestment_rate": null,
            "research_to_sale_ratio": null,
            "price_fair": 0,
            "eps_avg_yearly": 0,
            "eps_latest_yearly": 0,
            "eps_growth_yearly": 0
        },
        "20223": {
            "year_quarter": 20223,
            "year": 2022,
            "quarter": 3,
            "eps": 0.69,
            "eps_growth_year": null,
            "eps_4q": 0.21,
            "eps_4q_growth_year": null,
            "roe": 9.25,
            "roe_4q": 3.7299999999999995,
            "gross_profit": 48460,
            "gross_margin": 30.74,
            "gross_margin_4q_avg": 7.12,
            "net_income": 31782,
            "revenue": 157635,
            "common_shares": 288499,
            "book_valuer_per_share": 11.2,
            "book_valuer_per_share_4q_avg": 11.17,
            "equity": 359607,
            "current_ratio": 50.33,
            "debt_ratio": 65.6,
            "inventory_turnover_ratio": null,
            "account_receivable_turnover_ratio": 19.56,
            "reinvestment_rate": null,
            "research_to_sale_ratio": null,
            "price_fair": 0,
            "eps_avg_yearly": 0,
            "eps_latest_yearly": 0,
            "eps_growth_yearly": 0
        },
        "20224": {
            "year_quarter": 20224,
            "year": 2022,
            "quarter": 4,
            "eps": -0.8,
            "eps_growth_year": -239.46,
            "eps_4q": -1.17,
            "eps_4q_growth_year": null,
            "roe": -9.67,
            "roe_4q": -11.64,
            "gross_profit": -14315,
            "gross_margin": -19.38,
            "gross_margin_4q_avg": -1.76,
            "net_income": -33891,
            "revenue": 73880,
            "common_shares": 288499,
            "book_valuer_per_share": 10.94,
            "book_valuer_per_share_4q_avg": 11.01,
            "equity": 341248,
            "current_ratio": 41.82,
            "debt_ratio": 65.96,
            "inventory_turnover_ratio": null,
            "account_receivable_turnover_ratio": 7.05,
            "reinvestment_rate": null,
            "research_to_sale_ratio": null,
            "price_fair": 0,
            "eps_avg_yearly": 0,
            "eps_latest_yearly": 0,
            "eps_growth_yearly": 0
        },
        "20231": {
            "year_quarter": 20231,
            "year": 2023,
            "quarter": 1,
            "eps": -0.53,
            "eps_growth_year": null,
            "eps_4q": -1.52,
            "eps_4q_growth_year": null,
            "roe": -6.97,
            "roe_4q": -17.03,
            "gross_profit": -7372,
            "gross_margin": -6.99,
            "gross_margin_4q_avg": -5.86,
            "net_income": -23208,
            "revenue": 105436,
            "common_shares": 288499,
            "book_valuer_per_share": 10.65,
            "book_valuer_per_share_4q_avg": 10.83,
            "equity": 324891,
            "current_ratio": 37.56,
            "debt_ratio": 66.8,
            "inventory_turnover_ratio": null,
            "account_receivable_turnover_ratio": 9.32,
            "reinvestment_rate": null,
            "research_to_sale_ratio": null,
            "price_fair": 0,
            "eps_avg_yearly": 0,
            "eps_latest_yearly": 0,
            "eps_growth_yearly": 0
        }
    },
    "months": {
        "2001-06": {
            "month": "2001-06",
            "price": "6.70",
            "revenue": 209617
        },
        "2001-07": {
            "month": "2001-07",
            "price": "5.32",
            "revenue": 144611
        },
        "2001-08": {
            "month": "2001-08",
            "price": "4.61",
            "revenue": 150269
        },
        "2001-09": {
            "month": "2001-09",
            "price": "3.81",
            "revenue": 119697
        },
        "2001-10": {
            "month": "2001-10",
            "price": "3.44",
            "revenue": 147924
        },
        "2001-11": {
            "month": "2001-11",
            "price": "5.66",
            "revenue": 194191
        },
        "2001-12": {
            "month": "2001-12",
            "price": "7.19",
            "revenue": 236191
        },
        "2002-01": {
            "month": "2002-01",
            "price": "10.25",
            "revenue": 186493
        },
        "2002-02": {
            "month": "2002-02",
            "price": "10.16",
            "revenue": 193915
        },
        "2002-03": {
            "month": "2002-03",
            "price": "10.34",
            "revenue": 263381
        },
        "2002-04": {
            "month": "2002-04",
            "price": "14.95",
            "revenue": 104912
        },
        "2002-05": {
            "month": "2002-05",
            "price": "10.83",
            "revenue": 149197
        },
        "2002-06": {
            "month": "2002-06",
            "price": "11.02",
            "revenue": 55691
        },
        "2002-07": {
            "month": "2002-07",
            "price": "9.30",
            "revenue": 111006
        },
        "2002-08": {
            "month": "2002-08",
            "price": "8.01",
            "revenue": 108363
        },
        "2002-09": {
            "month": "2002-09",
            "price": "6.57",
            "revenue": 59045
        },
        "2002-10": {
            "month": "2002-10",
            "price": "5.92",
            "revenue": 94788
        },
        "2002-11": {
            "month": "2002-11",
            "price": "6.25",
            "revenue": 128418
        },
        "2002-12": {
            "month": "2002-12",
            "price": "5.59",
            "revenue": 216783
        },
        "2003-01": {
            "month": "2003-01",
            "price": "5.87",
            "revenue": 140507
        },
        "2003-02": {
            "month": "2003-02",
            "price": "5.98",
            "revenue": 61049
        },
        "2003-03": {
            "month": "2003-03",
            "price": "5.27",
            "revenue": 43801
        },
        "2003-04": {
            "month": "2003-04",
            "price": "4.82",
            "revenue": 26752
        },
        "2003-05": {
            "month": "2003-05",
            "price": "3.60",
            "revenue": 30926
        },
        "2003-06": {
            "month": "2003-06",
            "price": "4.99",
            "revenue": 26319
        },
        "2003-07": {
            "month": "2003-07",
            "price": "5.67",
            "revenue": 56584
        },
        "2003-08": {
            "month": "2003-08",
            "price": "4.73",
            "revenue": 29144
        },
        "2003-09": {
            "month": "2003-09",
            "price": "3.99",
            "revenue": 42421
        },
        "2003-10": {
            "month": "2003-10",
            "price": "4.03",
            "revenue": 99628
        },
        "2003-11": {
            "month": "2003-11",
            "price": "4.42",
            "revenue": 109345
        },
        "2003-12": {
            "month": "2003-12",
            "price": "4.25",
            "revenue": 58976
        },
        "2004-01": {
            "month": "2004-01",
            "price": "4.54",
            "revenue": 83978
        },
        "2004-02": {
            "month": "2004-02",
            "price": "5.42",
            "revenue": 82749
        },
        "2004-03": {
            "month": "2004-03",
            "price": "5.68",
            "revenue": 101502
        },
        "2004-04": {
            "month": "2004-04",
            "price": "9.84",
            "revenue": 127418
        },
        "2004-05": {
            "month": "2004-05",
            "price": "7.88",
            "revenue": 59323
        },
        "2004-06": {
            "month": "2004-06",
            "price": "7.61",
            "revenue": 66773
        },
        "2004-07": {
            "month": "2004-07",
            "price": "5.98",
            "revenue": 131913
        },
        "2004-08": {
            "month": "2004-08",
            "price": "6.12",
            "revenue": 53235
        },
        "2004-09": {
            "month": "2004-09",
            "price": "6.52",
            "revenue": 45233
        },
        "2004-10": {
            "month": "2004-10",
            "price": "6.88",
            "revenue": 30355
        },
        "2004-11": {
            "month": "2004-11",
            "price": "6.36",
            "revenue": 20738
        },
        "2004-12": {
            "month": "2004-12",
            "price": "5.76",
            "revenue": 46945
        },
        "2005-01": {
            "month": "2005-01",
            "price": "6.39",
            "revenue": 45336
        },
        "2005-02": {
            "month": "2005-02",
            "price": "7.22",
            "revenue": 75402
        },
        "2005-04": {
            "month": "2005-04",
            "price": "14.28",
            "revenue": 119851
        },
        "2005-05": {
            "month": "2005-05",
            "price": "13.79",
            "revenue": 144147
        },
        "2005-06": {
            "month": "2005-06",
            "price": "15.70",
            "revenue": 159792
        },
        "2005-07": {
            "month": "2005-07",
            "price": "24.02",
            "revenue": 156036
        },
        "2005-08": {
            "month": "2005-08",
            "price": "24.90",
            "revenue": 169495
        },
        "2005-09": {
            "month": "2005-09",
            "price": "28.02",
            "revenue": 172742
        },
        "2005-10": {
            "month": "2005-10",
            "price": "27.92",
            "revenue": 192861
        },
        "2005-11": {
            "month": "2005-11",
            "price": "27.98",
            "revenue": 261577
        },
        "2005-12": {
            "month": "2005-12",
            "price": "30.78",
            "revenue": 323076
        },
        "2006-01": {
            "month": "2006-01",
            "price": "32.14",
            "revenue": 266856
        },
        "2006-02": {
            "month": "2006-02",
            "price": "31.91",
            "revenue": 275584
        },
        "2006-03": {
            "month": "2006-03",
            "price": "30.29",
            "revenue": 219372
        },
        "2006-04": {
            "month": "2006-04",
            "price": "28.74",
            "revenue": 228082
        },
        "2006-05": {
            "month": "2006-05",
            "price": "29.86",
            "revenue": 200872
        },
        "2006-06": {
            "month": "2006-06",
            "price": "29.38",
            "revenue": 263015
        },
        "2006-07": {
            "month": "2006-07",
            "price": "29.76",
            "revenue": 367830
        },
        "2006-08": {
            "month": "2006-08",
            "price": "30.48",
            "revenue": 430891
        },
        "2006-09": {
            "month": "2006-09",
            "price": "29.58",
            "revenue": 520042
        },
        "2006-10": {
            "month": "2006-10",
            "price": "35.80",
            "revenue": 564426
        },
        "2006-11": {
            "month": "2006-11",
            "price": "44.98",
            "revenue": 569905
        },
        "2006-12": {
            "month": "2006-12",
            "price": "47.47",
            "revenue": 482097
        },
        "2007-01": {
            "month": "2007-01",
            "price": "57.27",
            "revenue": 398725
        },
        "2007-02": {
            "month": "2007-02",
            "price": "56.21",
            "revenue": 356544
        },
        "2007-03": {
            "month": "2007-03",
            "price": "53.36",
            "revenue": 485961
        },
        "2007-04": {
            "month": "2007-04",
            "price": "55.84",
            "revenue": 534540
        },
        "2007-05": {
            "month": "2007-05",
            "price": "51.87",
            "revenue": 569712
        },
        "2007-06": {
            "month": "2007-06",
            "price": "55.58",
            "revenue": 597679
        },
        "2007-07": {
            "month": "2007-07",
            "price": "63.79",
            "revenue": 573731
        },
        "2007-08": {
            "month": "2007-08",
            "price": "62.52",
            "revenue": 603796
        },
        "2007-09": {
            "month": "2007-09",
            "price": "59.39",
            "revenue": 629934
        },
        "2007-10": {
            "month": "2007-10",
            "price": "56.32",
            "revenue": 596672
        },
        "2007-11": {
            "month": "2007-11",
            "price": "41.93",
            "revenue": 478914
        },
        "2007-12": {
            "month": "2007-12",
            "price": "30.45",
            "revenue": 427825
        },
        "2008-01": {
            "month": "2008-01",
            "price": "24.54",
            "revenue": 388069
        },
        "2008-02": {
            "month": "2008-02",
            "price": "22.39",
            "revenue": 278347
        },
        "2008-03": {
            "month": "2008-03",
            "price": "22.94",
            "revenue": 383305
        },
        "2008-04": {
            "month": "2008-04",
            "price": "24.02",
            "revenue": 391831
        },
        "2008-05": {
            "month": "2008-05",
            "price": "22.83",
            "revenue": 371036
        },
        "2008-06": {
            "month": "2008-06",
            "price": "19.19",
            "revenue": 333009
        },
        "2008-07": {
            "month": "2008-07",
            "price": "14.44",
            "revenue": 349527
        },
        "2008-08": {
            "month": "2008-08",
            "price": "12.88",
            "revenue": 358293
        },
        "2008-09": {
            "month": "2008-09",
            "price": "8.81",
            "revenue": 389159
        },
        "2008-10": {
            "month": "2008-10",
            "price": "5.48",
            "revenue": 277839
        },
        "2008-11": {
            "month": "2008-11",
            "price": "4.16",
            "revenue": 134714
        },
        "2008-12": {
            "month": "2008-12",
            "price": "3.97",
            "revenue": 68733
        },
        "2009-01": {
            "month": "2009-01",
            "price": "4.91",
            "revenue": 52858
        },
        "2009-02": {
            "month": "2009-02",
            "price": "4.84",
            "revenue": 82904
        },
        "2009-03": {
            "month": "2009-03",
            "price": "5.96",
            "revenue": 134625
        },
        "2009-04": {
            "month": "2009-04",
            "price": "7.27",
            "revenue": 153726
        },
        "2009-05": {
            "month": "2009-05",
            "price": "7.18",
            "revenue": 140182
        },
        "2009-06": {
            "month": "2009-06",
            "price": "6.54",
            "revenue": 119746
        },
        "2009-07": {
            "month": "2009-07",
            "price": "6.64",
            "revenue": 137261
        },
        "2009-08": {
            "month": "2009-08",
            "price": "7.60",
            "revenue": 151747
        },
        "2009-09": {
            "month": "2009-09",
            "price": "10.81",
            "revenue": 146480
        },
        "2009-10": {
            "month": "2009-10",
            "price": "15.56",
            "revenue": 133238
        },
        "2009-11": {
            "month": "2009-11",
            "price": "14.63",
            "revenue": 123557
        },
        "2009-12": {
            "month": "2009-12",
            "price": "16.48",
            "revenue": 121636
        },
        "2010-01": {
            "month": "2010-01",
            "price": "17.26",
            "revenue": 133520
        },
        "2010-02": {
            "month": "2010-02",
            "price": "14.61",
            "revenue": 82311
        },
        "2010-03": {
            "month": "2010-03",
            "price": "15.15",
            "revenue": 137845
        },
        "2010-04": {
            "month": "2010-04",
            "price": "14.92",
            "revenue": 163401
        },
        "2010-05": {
            "month": "2010-05",
            "price": "11.21",
            "revenue": 141429
        },
        "2010-06": {
            "month": "2010-06",
            "price": "10.19",
            "revenue": 94369
        },
        "2010-07": {
            "month": "2010-07",
            "price": "8.37",
            "revenue": 50651
        },
        "2010-08": {
            "month": "2010-08",
            "price": "8.77",
            "revenue": 30699
        },
        "2010-09": {
            "month": "2010-09",
            "price": "4.52",
            "revenue": 18577
        },
        "2010-10": {
            "month": "2010-10",
            "price": "3.10",
            "revenue": 7002
        },
        "2010-11": {
            "month": "2010-11",
            "price": "2.07",
            "revenue": 3688
        },
        "2010-12": {
            "month": "2010-12",
            "price": "2.18",
            "revenue": 2477
        },
        "2011-01": {
            "month": "2011-01",
            "price": "3.14",
            "revenue": 2417
        },
        "2011-02": {
            "month": "2011-02",
            "price": "3.73",
            "revenue": 2552
        },
        "2011-03": {
            "month": "2011-03",
            "price": "3.42",
            "revenue": 3846
        },
        "2011-04": {
            "month": "2011-04",
            "price": "3.20",
            "revenue": 2408
        },
        "2011-05": {
            "month": "2011-05",
            "price": "2.07",
            "revenue": 907
        },
        "2011-06": {
            "month": "2011-06",
            "price": "1.94",
            "revenue": 4432
        },
        "2011-07": {
            "month": "2011-07",
            "price": "1.88",
            "revenue": 750
        },
        "2011-08": {
            "month": "2011-08",
            "price": "1.42",
            "revenue": 313
        },
        "2011-09": {
            "month": "2011-09",
            "price": "1.13",
            "revenue": 254
        },
        "2011-10": {
            "month": "2011-10",
            "price": "0.96",
            "revenue": 1068
        },
        "2011-11": {
            "month": "2011-11",
            "price": "0.78",
            "revenue": 932
        },
        "2011-12": {
            "month": "2011-12",
            "price": "0.94",
            "revenue": 594
        },
        "2012-01": {
            "month": "2012-01",
            "price": "0.90",
            "revenue": 1039
        },
        "2012-02": {
            "month": "2012-02",
            "price": "1.73",
            "revenue": 1439
        },
        "2012-03": {
            "month": "2012-03",
            "price": "2.80",
            "revenue": 653
        },
        "2012-04": {
            "month": "2012-04",
            "price": "2.06",
            "revenue": 504
        },
        "2012-05": {
            "month": "2012-05",
            "price": "1.62",
            "revenue": 1680
        },
        "2012-06": {
            "month": "2012-06",
            "price": "1.43",
            "revenue": 2074
        },
        "2012-07": {
            "month": "2012-07",
            "price": "1.19",
            "revenue": 149
        },
        "2012-08": {
            "month": "2012-08",
            "price": "1.16",
            "revenue": 3
        },
        "2012-09": {
            "month": "2012-09",
            "price": "1.12",
            "revenue": 5
        },
        "2012-10": {
            "month": "2012-10",
            "price": "1.14",
            "revenue": 70
        },
        "2012-11": {
            "month": "2012-11",
            "price": "1.18",
            "revenue": 4
        },
        "2012-12": {
            "month": "2012-12",
            "price": "1.10",
            "revenue": 164
        },
        "2013-01": {
            "month": "2013-01",
            "price": "1.34",
            "revenue": 7
        },
        "2013-02": {
            "month": "2013-02",
            "price": "1.36",
            "revenue": 1
        },
        "2013-03": {
            "month": "2013-03",
            "price": "1.44",
            "revenue": 4
        },
        "2013-04": {
            "month": "2013-04",
            "price": "1.09",
            "revenue": 3
        },
        "2013-05": {
            "month": "2013-05",
            "price": "1.27",
            "revenue": 5
        },
        "2013-06": {
            "month": "2013-06",
            "price": "2.41",
            "revenue": 6740
        },
        "2013-07": {
            "month": "2013-07",
            "price": "2.42",
            "revenue": 1523
        },
        "2013-08": {
            "month": "2013-08",
            "price": "0.96",
            "revenue": 11955
        },
        "2013-09": {
            "month": "2013-09",
            "price": "2.34",
            "revenue": 14920
        },
        "2013-10": {
            "month": "2013-10",
            "price": "2.15",
            "revenue": 6920
        },
        "2013-11": {
            "month": "2013-11",
            "price": "1.44",
            "revenue": 7139
        },
        "2013-12": {
            "month": "2013-12",
            "price": "33.28",
            "revenue": 10512
        },
        "2014-01": {
            "month": "2014-01",
            "price": "34.20",
            "revenue": 6481
        },
        "2014-02": {
            "month": "2014-02",
            "price": "41.82",
            "revenue": 6094
        },
        "2014-03": {
            "month": "2014-03",
            "price": "42.04",
            "revenue": 9098
        },
        "2014-04": {
            "month": "2014-04",
            "price": "53.65",
            "revenue": 6752
        },
        "2014-05": {
            "month": "2014-05",
            "price": "52.98",
            "revenue": 7776
        },
        "2014-06": {
            "month": "2014-06",
            "price": "53.54",
            "revenue": 6614
        },
        "2014-07": {
            "month": "2014-07",
            "price": "55.90",
            "revenue": 7288
        },
        "2014-08": {
            "month": "2014-08",
            "price": "58.26",
            "revenue": 17469
        },
        "2014-09": {
            "month": "2014-09",
            "price": "51.65",
            "revenue": 12451
        },
        "2014-10": {
            "month": "2014-10",
            "price": "53.96",
            "revenue": 15657
        },
        "2014-11": {
            "month": "2014-11",
            "price": "53.91",
            "revenue": 19133
        },
        "2014-12": {
            "month": "2014-12",
            "price": "56.61",
            "revenue": 19752
        },
        "2015-01": {
            "month": "2015-01",
            "price": "61.72",
            "revenue": 21346
        },
        "2015-02": {
            "month": "2015-02",
            "price": "69.52",
            "revenue": 28009
        },
        "2015-03": {
            "month": "2015-03",
            "price": "78.58",
            "revenue": 23346
        },
        "2015-04": {
            "month": "2015-04",
            "price": "81.71",
            "revenue": 21020
        },
        "2015-05": {
            "month": "2015-05",
            "price": "58.88",
            "revenue": 38457
        },
        "2015-06": {
            "month": "2015-06",
            "price": "56.41",
            "revenue": 42866
        },
        "2015-07": {
            "month": "2015-07",
            "price": "50.02",
            "revenue": 54829
        },
        "2015-08": {
            "month": "2015-08",
            "price": "51.51",
            "revenue": 37715
        },
        "2015-09": {
            "month": "2015-09",
            "price": "40.30",
            "revenue": 37610
        },
        "2015-10": {
            "month": "2015-10",
            "price": "43.55",
            "revenue": 43312
        },
        "2015-11": {
            "month": "2015-11",
            "price": "40.20",
            "revenue": 40926
        },
        "2015-12": {
            "month": "2015-12",
            "price": "48.11",
            "revenue": 33694
        },
        "2016-01": {
            "month": "2016-01",
            "price": "47.82",
            "revenue": 35140
        },
        "2016-02": {
            "month": "2016-02",
            "price": "40.76",
            "revenue": 54520
        },
        "2016-03": {
            "month": "2016-03",
            "price": "40.40",
            "revenue": 34986
        },
        "2016-04": {
            "month": "2016-04",
            "price": "38.86",
            "revenue": 35687
        },
        "2016-05": {
            "month": "2016-05",
            "price": "30.67",
            "revenue": 34276
        },
        "2016-06": {
            "month": "2016-06",
            "price": "27.43",
            "revenue": 41515
        },
        "2016-07": {
            "month": "2016-07",
            "price": "22.72",
            "revenue": 60370
        },
        "2016-08": {
            "month": "2016-08",
            "price": "23.40",
            "revenue": 56180
        },
        "2016-09": {
            "month": "2016-09",
            "price": "22.77",
            "revenue": 34887
        },
        "2016-10": {
            "month": "2016-10",
            "price": "22.45",
            "revenue": 36512
        },
        "2016-11": {
            "month": "2016-11",
            "price": "22.09",
            "revenue": 46131
        },
        "2016-12": {
            "month": "2016-12",
            "price": "20.79",
            "revenue": 47487
        },
        "2017-01": {
            "month": "2017-01",
            "price": "20.96",
            "revenue": 37946
        },
        "2017-02": {
            "month": "2017-02",
            "price": "22.46",
            "revenue": 33848
        },
        "2017-03": {
            "month": "2017-03",
            "price": "23.73",
            "revenue": 26699
        },
        "2017-04": {
            "month": "2017-04",
            "price": "22.65",
            "revenue": 36888
        },
        "2017-05": {
            "month": "2017-05",
            "price": "22.72",
            "revenue": 33770
        },
        "2017-06": {
            "month": "2017-06",
            "price": "22.81",
            "revenue": 30303
        },
        "2017-07": {
            "month": "2017-07",
            "price": "22.59",
            "revenue": 47615
        },
        "2017-08": {
            "month": "2017-08",
            "price": "22.48",
            "revenue": 54192
        },
        "2017-09": {
            "month": "2017-09",
            "price": "22.62",
            "revenue": 34195
        },
        "2017-10": {
            "month": "2017-10",
            "price": "22.45",
            "revenue": 37042
        },
        "2017-11": {
            "month": "2017-11",
            "price": "22.57",
            "revenue": 40588
        },
        "2017-12": {
            "month": "2017-12",
            "price": "22.56",
            "revenue": 42399
        },
        "2018-01": {
            "month": "2018-01",
            "price": "22.01",
            "revenue": 22410
        },
        "2018-02": {
            "month": "2018-02",
            "price": "21.94",
            "revenue": 41561
        },
        "2018-03": {
            "month": "2018-03",
            "price": "23.35",
            "revenue": 30840
        },
        "2018-04": {
            "month": "2018-04",
            "price": "22.21",
            "revenue": 41288
        },
        "2018-05": {
            "month": "2018-05",
            "price": "21.97",
            "revenue": 35270
        },
        "2018-06": {
            "month": "2018-06",
            "price": "21.90",
            "revenue": 44014
        },
        "2018-07": {
            "month": "2018-07",
            "price": "21.90",
            "revenue": 55795
        },
        "2018-08": {
            "month": "2018-08",
            "price": "21.65",
            "revenue": 55907
        },
        "2018-09": {
            "month": "2018-09",
            "price": "21.77",
            "revenue": 38706
        },
        "2018-10": {
            "month": "2018-10",
            "price": "21.05",
            "revenue": 41827
        },
        "2018-11": {
            "month": "2018-11",
            "price": "20.20",
            "revenue": 43577
        },
        "2018-12": {
            "month": "2018-12",
            "price": "20.64",
            "revenue": 49993
        },
        "2019-01": {
            "month": "2019-01",
            "price": "19.77",
            "revenue": 34396
        },
        "2019-02": {
            "month": "2019-02",
            "price": "20.04",
            "revenue": 45691
        },
        "2019-03": {
            "month": "2019-03",
            "price": "19.90",
            "revenue": 38035
        },
        "2019-04": {
            "month": "2019-04",
            "price": "19.89",
            "revenue": 41198
        },
        "2019-05": {
            "month": "2019-05",
            "price": "19.68",
            "revenue": 39957
        },
        "2019-06": {
            "month": "2019-06",
            "price": "19.18",
            "revenue": 42659
        },
        "2019-07": {
            "month": "2019-07",
            "price": "19.28",
            "revenue": 56425
        },
        "2019-08": {
            "month": "2019-08",
            "price": "18.88",
            "revenue": 46785
        },
        "2019-09": {
            "month": "2019-09",
            "price": "18.50",
            "revenue": 41601
        },
        "2019-10": {
            "month": "2019-10",
            "price": "18.10",
            "revenue": 48905
        },
        "2019-11": {
            "month": "2019-11",
            "price": "18.01",
            "revenue": 43447
        },
        "2019-12": {
            "month": "2019-12",
            "price": "17.32",
            "revenue": 45247
        },
        "2020-01": {
            "month": "2020-01",
            "price": "17.28",
            "revenue": 37351
        },
        "2020-02": {
            "month": "2020-02",
            "price": "17.02",
            "revenue": 27963
        },
        "2020-03": {
            "month": "2020-03",
            "price": "14.35",
            "revenue": 13782
        },
        "2020-04": {
            "month": "2020-04",
            "price": "13.97",
            "revenue": 13032
        },
        "2020-05": {
            "month": "2020-05",
            "price": "13.89",
            "revenue": 18750
        },
        "2020-06": {
            "month": "2020-06",
            "price": "19.36",
            "revenue": 36061
        },
        "2020-07": {
            "month": "2020-07",
            "price": "21.53",
            "revenue": 62333
        },
        "2020-08": {
            "month": "2020-08",
            "price": "15.88",
            "revenue": 64231
        },
        "2020-09": {
            "month": "2020-09",
            "price": "15.59",
            "revenue": 49652
        },
        "2020-10": {
            "month": "2020-10",
            "price": "16.21",
            "revenue": 56989
        },
        "2020-11": {
            "month": "2020-11",
            "price": "15.91",
            "revenue": 50686
        },
        "2020-12": {
            "month": "2020-12",
            "price": "16.74",
            "revenue": 38327
        },
        "2021-01": {
            "month": "2021-01",
            "price": "17.16",
            "revenue": 34900
        },
        "2021-02": {
            "month": "2021-02",
            "price": "18.47",
            "revenue": 48215
        },
        "2021-03": {
            "month": "2021-03",
            "price": "22.16",
            "revenue": 30620
        },
        "2021-04": {
            "month": "2021-04",
            "price": "22.47",
            "revenue": 34059
        },
        "2021-05": {
            "month": "2021-05",
            "price": "19.50",
            "revenue": 14350
        },
        "2021-06": {
            "month": "2021-06",
            "price": "18.08",
            "revenue": 352
        },
        "2021-07": {
            "month": "2021-07",
            "price": "19.35",
            "revenue": 5199
        },
        "2021-08": {
            "month": "2021-08",
            "price": "20.64",
            "revenue": 27015
        },
        "2021-09": {
            "month": "2021-09",
            "price": "19.34",
            "revenue": 26113
        },
        "2021-10": {
            "month": "2021-10",
            "price": "18.93",
            "revenue": 30820
        },
        "2021-11": {
            "month": "2021-11",
            "price": "20.18",
            "revenue": 41279
        },
        "2021-12": {
            "month": "2021-12",
            "price": "20.11",
            "revenue": 41222
        },
        "2022-01": {
            "month": "2022-01",
            "price": "19.04",
            "revenue": 32246
        },
        "2022-02": {
            "month": "2022-02",
            "price": "19.18",
            "revenue": 40100
        },
        "2022-03": {
            "month": "2022-03",
            "price": "19.41",
            "revenue": 30086
        },
        "2022-04": {
            "month": "2022-04",
            "price": "19.24",
            "revenue": 27433
        },
        "2022-05": {
            "month": "2022-05",
            "price": "19.42",
            "revenue": 15502
        },
        "2022-06": {
            "month": "2022-06",
            "price": "21.18",
            "revenue": 22903
        },
        "2022-07": {
            "month": "2022-07",
            "price": "19.24",
            "revenue": 58869
        },
        "2022-08": {
            "month": "2022-08",
            "price": "20.15",
            "revenue": 60010
        },
        "2022-09": {
            "month": "2022-09",
            "price": "20.47",
            "revenue": 38756
        },
        "2022-10": {
            "month": "2022-10",
            "price": "22.98",
            "revenue": 27695
        },
        "2022-11": {
            "month": "2022-11",
            "price": "23.65",
            "revenue": 17860
        },
        "2022-12": {
            "month": "2022-12",
            "price": "23.59",
            "revenue": 28325
        },
        "2023-01": {
            "month": "2023-01",
            "price": "22.96",
            "revenue": 41936
        },
        "2023-02": {
            "month": "2023-02",
            "price": "26.06",
            "revenue": 35045
        },
        "2023-03": {
            "month": "2023-03",
            "price": "28.19",
            "revenue": 28455
        },
        "2023-04": {
            "month": "2023-04",
            "price": "25.71",
            "revenue": 48174
        },
        "2023-05": {
            "month": "2023-05",
            "price": "26.27",
            "revenue": 28804
        }
    }
}
