{
    "summary": {
        "stock_name": "中光電",
        "stock_id": "5371",
        "category": "光電",
        "main_business": "研發、生產製造、銷售各式液晶顯示器/電視、投射系統及其模組與<br>背光裝置；多媒體簡報系統設備及其軟體；液晶顯示型網路個人電腦<br>、液晶顯示型視窗終端機、數位傳輸式液晶監視器",
        "website_url": "http://www.coretronic.com",
        "ceo": "林惠姿 吳秀蕙",
        "pe_ratio": 20,
        "report_year_from": 2001,
        "report_year_to": 2023,
        "age": 23,
        "eps_negative_percentage": 0,
        "eps_growth_avg": {
            "last_all": 7.89,
            "last_2y": 6.51,
            "last_4y": 2.4,
            "last_8y": 2.13,
            "last_12y": 7.14,
            "last_16y": 5.5,
            "last_20y": 9.55,
            "at_2006_last_3y": 26.73,
            "at_2007_last_3y": 30.33,
            "at_2008_last_3y": -3.27,
            "at_2009_last_3y": -7.85,
            "at_2010_last_3y": 0.17,
            "at_2011_last_3y": -11.73,
            "at_2012_last_3y": -13.42,
            "at_2013_last_3y": 8.3,
            "at_2014_last_3y": 18.42,
            "at_2015_last_3y": 26.75,
            "at_2016_last_3y": 42.02,
            "at_2017_last_3y": 15.96,
            "at_2018_last_3y": 1.8,
            "at_2019_last_3y": -2.99,
            "at_2020_last_3y": 0.89,
            "at_2021_last_3y": 12.76,
            "at_2022_last_3y": 13.24,
            "at_2023_last_3y": 13.75,
            "at_2024_last_3y": 13.75,
            "at_2006_last_all": 15.99,
            "at_2007_last_all": 11.73,
            "at_2008_last_all": 5.14,
            "at_2009_last_all": 6.14,
            "at_2010_last_all": 8.96,
            "at_2011_last_all": 2.35,
            "at_2012_last_all": -1.61,
            "at_2013_last_all": 6.86,
            "at_2014_last_all": 11.87,
            "at_2015_last_all": 9.32,
            "at_2016_last_all": 10.03,
            "at_2017_last_all": 9.13,
            "at_2018_last_all": 9.5,
            "at_2019_last_all": 6.58,
            "at_2020_last_all": 8.1,
            "at_2021_last_all": 9.86,
            "at_2022_last_all": 10.21,
            "at_2023_last_all": 7.89,
            "at_2024_last_all": 7.89
        },
        "latest_eps": 3.56,
        "latest_price": 71.6,
        "latest_roe": 4.74,
        "latest_gross_margin": 20.21,
        "latest_equity": 25647403,
        "latest_revenue": 9888005,
        "latest_gross_profit": 1998258,
        "latest_net_income": 221815,
        "latest_debt_ratio": 53.87,
        "latest_current_ratio": 135.23,
        "latest_account_receivable_turnover_ratio": 0.88,
        "latest_inventory_turnover_ratio": 0.95,
        "latest_reinvestment_rate": 20.21,
        "latest_research_to_sale_ratio": 7.65
    },
    "eps_dividends": {
        "1999": {
            "cash": 0,
            "stock": 5,
            "eps": 0
        },
        "2000": {
            "cash": 0,
            "stock": 3,
            "eps": 0
        },
        "2001": {
            "cash": 0,
            "stock": 2,
            "eps": 3.71
        },
        "2002": {
            "cash": 0,
            "stock": 2,
            "eps": 2.71
        },
        "2003": {
            "cash": 0.5,
            "stock": 1.5,
            "eps": 2.06
        },
        "2004": {
            "cash": 0.5,
            "stock": 1.01,
            "eps": 4.23
        },
        "2005": {
            "cash": 0.8,
            "stock": 1.6,
            "eps": 5.56
        },
        "2006": {
            "cash": 1.21,
            "stock": 1.21,
            "eps": 5.53
        },
        "2007": {
            "cash": 3.3,
            "stock": 0.2,
            "eps": 5
        },
        "2008": {
            "cash": 3,
            "stock": 0.2,
            "eps": 3.28
        },
        "2009": {
            "cash": 2.23,
            "stock": 0,
            "eps": 3.71
        },
        "2010": {
            "cash": 2.8,
            "stock": 0,
            "eps": 4.88
        },
        "2011": {
            "cash": 3.5,
            "stock": 0,
            "eps": 2.09
        },
        "2012": {
            "cash": 1.6,
            "stock": 0,
            "eps": 1.23
        },
        "2013": {
            "cash": 1,
            "stock": 0,
            "eps": 2.68
        },
        "2014": {
            "cash": 0,
            "stock": 0,
            "eps": 4.61
        },
        "2015": {
            "cash": 3.5,
            "stock": 0,
            "eps": 3.51
        },
        "2016": {
            "cash": 1.5,
            "stock": 0,
            "eps": 4.21
        },
        "2017": {
            "cash": 3.5,
            "stock": 0,
            "eps": 4.03
        },
        "2018": {
            "cash": 3,
            "stock": 0,
            "eps": 4.65
        },
        "2019": {
            "cash": 3.5,
            "stock": 0,
            "eps": 2.65
        },
        "2020": {
            "cash": 2,
            "stock": 0,
            "eps": 3.59
        },
        "2021": {
            "cash": 4,
            "stock": 0,
            "eps": 5.14
        },
        "2022": {
            "cash": 4,
            "stock": 0,
            "eps": 6.03
        },
        "2023": {
            "cash": 4.5,
            "stock": 0,
            "eps": 3.56
        }
    },
    "dividends": {
        "1999-04-20": {
            "cash": 0,
            "stock": 5
        },
        "2000-04-25": {
            "cash": 0,
            "stock": 3
        },
        "2001-06-18": {
            "cash": 0,
            "stock": 2
        },
        "2002-05-29": {
            "cash": 0,
            "stock": 2
        },
        "2003-06-17": {
            "cash": 0.5,
            "stock": 1.5
        },
        "2004-03-30": {
            "cash": 0.5,
            "stock": 1.01
        },
        "2005-04-13": {
            "cash": 0.8,
            "stock": 1.6
        },
        "2006-04-12": {
            "cash": 1.21,
            "stock": 1.21
        },
        "2007-04-24": {
            "cash": 3.3,
            "stock": 0.2
        },
        "2008-04-22": {
            "cash": 3,
            "stock": 0.2
        },
        "2009-04-28": {
            "cash": 2.23,
            "stock": 0
        },
        "2010-04-29": {
            "cash": 2.8,
            "stock": 0
        },
        "2011-04-21": {
            "cash": 3.5,
            "stock": 0
        },
        "2012-06-12": {
            "cash": 1.6,
            "stock": 0
        },
        "2013-06-18": {
            "cash": 1,
            "stock": 0
        },
        "2015-08-05": {
            "cash": 3.5,
            "stock": 0
        },
        "2016-08-09": {
            "cash": 1.5,
            "stock": 0
        },
        "2017-08-09": {
            "cash": 3.5,
            "stock": 0
        },
        "2018-08-08": {
            "cash": 3,
            "stock": 0
        },
        "2019-08-09": {
            "cash": 3.5,
            "stock": 0
        },
        "2020-08-07": {
            "cash": 2,
            "stock": 0
        },
        "2021-08-20": {
            "cash": 4,
            "stock": 0
        },
        "2022-08-19": {
            "cash": 4,
            "stock": 0
        },
        "2023-08-04": {
            "cash": 4.5,
            "stock": 0
        }
    },
    "prices": {
        "200101": "26.71",
        "200102": "34.96",
        "200103": "46.87",
        "200104": "54.44",
        "200105": "50.45",
        "200106": "49.67",
        "200107": "39.29",
        "200108": "33.65",
        "200109": "26.14",
        "200110": "24.14",
        "200111": "35.09",
        "200112": "57.38",
        "200201": "75.07",
        "200202": "88.38",
        "200203": "81.86",
        "200204": "74.95",
        "200205": "63.23",
        "200206": "51.06",
        "200207": "43.78",
        "200208": "45.84",
        "200209": "40.35",
        "200210": "37.85",
        "200211": "37.92",
        "200212": "34.06",
        "200301": "31.79",
        "200302": "28.58",
        "200303": "25.46",
        "200304": "27.31",
        "200305": "22.41",
        "200306": "25.45",
        "200307": "26.72",
        "200308": "24.11",
        "200309": "24.81",
        "200310": "24.85",
        "200311": "25.20",
        "200312": "30.82",
        "200401": "35.22",
        "200402": "41.43",
        "200403": "41.12",
        "200404": "49.49",
        "200405": "45.94",
        "200406": "39.00",
        "200407": "34.36",
        "200408": "31.71",
        "200409": "31.60",
        "200410": "26.72",
        "200411": "29.36",
        "200412": "30.90",
        "200501": "31.66",
        "200502": "38.82",
        "200503": "38.45",
        "200504": "43.76",
        "200505": "43.19",
        "200506": "44.58",
        "200507": "47.30",
        "200508": "41.08",
        "200509": "38.98",
        "200510": "36.28",
        "200511": "41.29",
        "200512": "46.12",
        "200601": "51.17",
        "200602": "55.27",
        "200603": "56.45",
        "200604": "57.64",
        "200605": "56.59",
        "200606": "45.58",
        "200607": "44.77",
        "200608": "41.11",
        "200609": "41.29",
        "200610": "40.68",
        "200611": "41.63",
        "200612": "42.03",
        "200701": "43.89",
        "200702": "45.28",
        "200703": "44.72",
        "200704": "51.72",
        "200705": "52.75",
        "200706": "55.95",
        "200707": "58.34",
        "200708": "50.53",
        "200709": "48.61",
        "200710": "51.70",
        "200711": "47.22",
        "200712": "41.95",
        "200801": "36.85",
        "200802": "36.70",
        "200803": "36.00",
        "200804": "37.85",
        "200805": "38.52",
        "200806": "35.21",
        "200807": "32.16",
        "200808": "30.51",
        "200809": "28.93",
        "200810": "22.12",
        "200811": "16.84",
        "200812": "16.77",
        "200901": "17.62",
        "200902": "18.28",
        "200903": "19.99",
        "200904": "24.33",
        "200905": "34.09",
        "200906": "34.02",
        "200907": "36.97",
        "200908": "38.43",
        "200909": "40.32",
        "200910": "39.08",
        "200911": "39.05",
        "200912": "43.81",
        "201001": "47.88",
        "201002": "44.46",
        "201003": "46.83",
        "201004": "45.73",
        "201005": "47.17",
        "201006": "46.76",
        "201007": "44.66",
        "201008": "45.84",
        "201009": "46.78",
        "201010": "48.20",
        "201011": "44.95",
        "201012": "48.21",
        "201101": "47.73",
        "201102": "48.09",
        "201103": "47.75",
        "201104": "46.83",
        "201105": "44.15",
        "201106": "45.27",
        "201107": "37.07",
        "201108": "27.82",
        "201109": "25.69",
        "201110": "22.63",
        "201111": "23.99",
        "201112": "19.42",
        "201201": "22.41",
        "201202": "26.49",
        "201203": "27.71",
        "201204": "25.62",
        "201205": "26.12",
        "201206": "27.08",
        "201207": "25.83",
        "201208": "27.14",
        "201209": "28.58",
        "201210": "25.08",
        "201211": "20.63",
        "201212": "22.09",
        "201301": "23.01",
        "201302": "23.29",
        "201303": "22.57",
        "201304": "22.29",
        "201305": "25.06",
        "201306": "25.63",
        "201307": "24.52",
        "201308": "25.97",
        "201309": "25.18",
        "201310": "24.97",
        "201311": "26.20",
        "201312": "28.15",
        "201401": "28.84",
        "201402": "29.83",
        "201403": "33.98",
        "201404": "36.95",
        "201405": "34.68",
        "201406": "34.12",
        "201407": "34.36",
        "201408": "40.07",
        "201409": "48.86",
        "201410": "46.32",
        "201411": "45.26",
        "201412": "43.07",
        "201501": "43.87",
        "201502": "46.56",
        "201503": "48.41",
        "201504": "45.90",
        "201505": "38.94",
        "201506": "36.99",
        "201507": "28.85",
        "201508": "25.32",
        "201509": "28.63",
        "201510": "30.52",
        "201511": "31.60",
        "201512": "28.02",
        "201601": "26.30",
        "201602": "29.52",
        "201603": "33.59",
        "201604": "30.68",
        "201605": "29.10",
        "201606": "29.79",
        "201607": "28.72",
        "201608": "32.25",
        "201609": "34.88",
        "201610": "32.92",
        "201611": "32.65",
        "201612": "34.00",
        "201701": "34.09",
        "201702": "38.47",
        "201703": "44.35",
        "201704": "43.78",
        "201705": "41.88",
        "201706": "41.43",
        "201707": "39.12",
        "201708": "36.93",
        "201709": "36.15",
        "201710": "36.24",
        "201711": "34.43",
        "201712": "33.53",
        "201801": "35.58",
        "201802": "42.21",
        "201803": "43.98",
        "201804": "43.53",
        "201805": "39.17",
        "201806": "41.96",
        "201807": "42.22",
        "201808": "51.01",
        "201809": "54.55",
        "201810": "48.06",
        "201811": "41.23",
        "201812": "39.81",
        "201901": "40.94",
        "201902": "46.20",
        "201903": "46.60",
        "201904": "48.82",
        "201905": "40.45",
        "201906": "41.64",
        "201907": "43.89",
        "201908": "38.05",
        "201909": "38.38",
        "201910": "37.74",
        "201911": "38.71",
        "201912": "39.21",
        "202001": "38.12",
        "202002": "36.35",
        "202003": "31.08",
        "202004": "31.10",
        "202005": "31.30",
        "202006": "31.93",
        "202007": "33.27",
        "202008": "35.50",
        "202009": "34.79",
        "202010": "34.04",
        "202011": "34.73",
        "202012": "36.63",
        "202101": "39.17",
        "202102": "45.78",
        "202103": "51.74",
        "202104": "59.92",
        "202105": "57.22",
        "202106": "61.21",
        "202107": "60.35",
        "202108": "54.45",
        "202109": "54.22",
        "202110": "54.84",
        "202111": "78.42",
        "202112": "83.91",
        "202201": "82.25",
        "202202": "73.24",
        "202203": "71.29",
        "202204": "63.52",
        "202205": "55.97",
        "202206": "55.15",
        "202207": "51.74",
        "202208": "60.48",
        "202209": "59.38",
        "202210": "51.48",
        "202211": "55.10",
        "202212": "55.97",
        "202301": "57.40",
        "202302": "61.65",
        "202303": "66.22",
        "202304": "74.18",
        "202305": "74.60",
        "202306": "73.24",
        "202307": "72.58",
        "202308": "76.60",
        "202309": "80.98",
        "202310": "75.64",
        "202311": "72.16",
        "202312": "71.56"
    },
    "quarters": {
        "20011": {
            "year_quarter": 20011,
            "year": 2001,
            "quarter": 1,
            "eps": 1.22,
            "eps_growth_year": 103.33,
            "eps_4q": 3.13,
            "eps_4q_growth_year": 38.81,
            "roe": 5.46,
            "roe_4q": 5.46,
            "gross_profit": 518414,
            "gross_margin": 15.48,
            "gross_margin_4q_avg": 15.48,
            "net_income": 188686,
            "net_income_4q": null,
            "revenue": 3349000,
            "revenue_4q": null,
            "common_shares": 1540960,
            "book_valuer_per_share": 23.47,
            "book_valuer_per_share_4q_avg": 23.47,
            "equity": 3617049,
            "current_ratio": 251.3,
            "debt_ratio": 48.52,
            "inventory_turnover_ratio": 1.3,
            "account_receivable_turnover_ratio": null,
            "reinvestment_rate": null,
            "research_to_sale_ratio": null,
            "price_fair": 0,
            "eps_avg_yearly": 0,
            "eps_latest_yearly": 0,
            "eps_growth_yearly": 0
        },
        "20012": {
            "year_quarter": 20012,
            "year": 2001,
            "quarter": 2,
            "eps": 1.32,
            "eps_growth_year": 88.57,
            "eps_4q": 3.56,
            "eps_4q_growth_year": 137.68,
            "roe": 5.48,
            "roe_4q": 10.940000000000001,
            "gross_profit": 389072,
            "gross_margin": 13.38,
            "gross_margin_4q_avg": 14.43,
            "net_income": 221210,
            "net_income_4q": null,
            "revenue": 2908851,
            "revenue_4q": null,
            "common_shares": 1837752,
            "book_valuer_per_share": 24.22,
            "book_valuer_per_share_4q_avg": 23.85,
            "equity": 4450659,
            "current_ratio": 230.28,
            "debt_ratio": 32.65,
            "inventory_turnover_ratio": 1.5,
            "account_receivable_turnover_ratio": null,
            "reinvestment_rate": null,
            "research_to_sale_ratio": null,
            "price_fair": 0,
            "eps_avg_yearly": 0,
            "eps_latest_yearly": 0,
            "eps_growth_yearly": 0
        },
        "20013": {
            "year_quarter": 20013,
            "year": 2001,
            "quarter": 3,
            "eps": 0.35,
            "eps_growth_year": -56.79,
            "eps_4q": 2.58,
            "eps_4q_growth_year": 19.1,
            "roe": 1.65,
            "roe_4q": 12.59,
            "gross_profit": 386856,
            "gross_margin": 17.02,
            "gross_margin_4q_avg": 15.29,
            "net_income": 74082,
            "net_income_4q": null,
            "revenue": 2273364,
            "revenue_4q": null,
            "common_shares": 2254810,
            "book_valuer_per_share": 20.07,
            "book_valuer_per_share_4q_avg": 22.59,
            "equity": 4526164,
            "current_ratio": 226.92,
            "debt_ratio": 40.64,
            "inventory_turnover_ratio": 1.26,
            "account_receivable_turnover_ratio": null,
            "reinvestment_rate": null,
            "research_to_sale_ratio": null,
            "price_fair": 0,
            "eps_avg_yearly": 0,
            "eps_latest_yearly": 0,
            "eps_growth_yearly": 0
        },
        "20014": {
            "year_quarter": 20014,
            "year": 2001,
            "quarter": 4,
            "eps": 0.82,
            "eps_growth_year": 105,
            "eps_4q": 3.07,
            "eps_4q_growth_year": 29.53,
            "roe": 3.82,
            "roe_4q": 16.41,
            "gross_profit": 527536,
            "gross_margin": 14.99,
            "gross_margin_4q_avg": 15.22,
            "net_income": 176690,
            "net_income_4q": null,
            "revenue": 3519576,
            "revenue_4q": null,
            "common_shares": 2254810,
            "book_valuer_per_share": 20.91,
            "book_valuer_per_share_4q_avg": 22.17,
            "equity": 4714175,
            "current_ratio": 261.24,
            "debt_ratio": 51.66,
            "inventory_turnover_ratio": 1.86,
            "account_receivable_turnover_ratio": null,
            "reinvestment_rate": null,
            "research_to_sale_ratio": null,
            "price_fair": 0,
            "eps_avg_yearly": 0,
            "eps_latest_yearly": 0,
            "eps_growth_yearly": 0
        },
        "20021": {
            "year_quarter": 20021,
            "year": 2002,
            "quarter": 1,
            "eps": 0.99,
            "eps_growth_year": -18.85,
            "eps_4q": 3.06,
            "eps_4q_growth_year": -2.11,
            "roe": 4.3,
            "roe_4q": 15.25,
            "gross_profit": 621809,
            "gross_margin": 16.52,
            "gross_margin_4q_avg": 15.48,
            "net_income": 225542,
            "net_income_4q": null,
            "revenue": 3763931,
            "revenue_4q": null,
            "common_shares": 2254810,
            "book_valuer_per_share": 25.58,
            "book_valuer_per_share_4q_avg": 22.7,
            "equity": 5766837,
            "current_ratio": 241.66,
            "debt_ratio": 43.31,
            "inventory_turnover_ratio": 1.8,
            "account_receivable_turnover_ratio": null,
            "reinvestment_rate": null,
            "research_to_sale_ratio": null,
            "price_fair": 138.6,
            "eps_avg_yearly": 3.96,
            "eps_latest_yearly": 3.96,
            "eps_growth_yearly": 82.93
        },
        "20022": {
            "year_quarter": 20022,
            "year": 2002,
            "quarter": 2,
            "eps": 0.88,
            "eps_growth_year": -33.33,
            "eps_4q": 2.5,
            "eps_4q_growth_year": -29.83,
            "roe": 4.38,
            "roe_4q": 14.15,
            "gross_profit": 559702,
            "gross_margin": 13.56,
            "gross_margin_4q_avg": 15.52,
            "net_income": 258762,
            "net_income_4q": null,
            "revenue": 4128452,
            "revenue_4q": null,
            "common_shares": 2499632,
            "book_valuer_per_share": 24.22,
            "book_valuer_per_share_4q_avg": 22.7,
            "equity": 6053861,
            "current_ratio": 222.4,
            "debt_ratio": 44.28,
            "inventory_turnover_ratio": 1.8,
            "account_receivable_turnover_ratio": null,
            "reinvestment_rate": null,
            "research_to_sale_ratio": null,
            "price_fair": 109.36,
            "eps_avg_yearly": 3.74,
            "eps_latest_yearly": 3.52,
            "eps_growth_yearly": 19.24
        },
        "20023": {
            "year_quarter": 20023,
            "year": 2002,
            "quarter": 3,
            "eps": 0.3,
            "eps_growth_year": -14.29,
            "eps_4q": 2.5,
            "eps_4q_growth_year": -3.03,
            "roe": 1.43,
            "roe_4q": 13.93,
            "gross_profit": 499155,
            "gross_margin": 11.64,
            "gross_margin_4q_avg": 14.18,
            "net_income": 90163,
            "net_income_4q": null,
            "revenue": 4287073,
            "revenue_4q": null,
            "common_shares": 3140325,
            "book_valuer_per_share": 20.79,
            "book_valuer_per_share_4q_avg": 22.88,
            "equity": 6528900,
            "current_ratio": 213.76,
            "debt_ratio": 41.43,
            "inventory_turnover_ratio": 2.1,
            "account_receivable_turnover_ratio": null,
            "reinvestment_rate": null,
            "research_to_sale_ratio": null,
            "price_fair": 8.68,
            "eps_avg_yearly": 2.89,
            "eps_latest_yearly": 1.2,
            "eps_growth_yearly": -75.05
        },
        "20024": {
            "year_quarter": 20024,
            "year": 2002,
            "quarter": 4,
            "eps": 0.54,
            "eps_growth_year": -34.15,
            "eps_4q": 2.41,
            "eps_4q_growth_year": -21.48,
            "roe": 2.51,
            "roe_4q": 12.620000000000001,
            "gross_profit": 563003,
            "gross_margin": 11.44,
            "gross_margin_4q_avg": 13.29,
            "net_income": 166110,
            "net_income_4q": null,
            "revenue": 4922988,
            "revenue_4q": null,
            "common_shares": 3238324,
            "book_valuer_per_share": 20.71,
            "book_valuer_per_share_4q_avg": 22.83,
            "equity": 6704951,
            "current_ratio": 183.87,
            "debt_ratio": 45.62,
            "inventory_turnover_ratio": 2.51,
            "account_receivable_turnover_ratio": null,
            "reinvestment_rate": 83.41,
            "research_to_sale_ratio": null,
            "price_fair": 91.36,
            "eps_avg_yearly": 2.71,
            "eps_latest_yearly": 2.16,
            "eps_growth_yearly": 23.71
        },
        "20031": {
            "year_quarter": 20031,
            "year": 2003,
            "quarter": 1,
            "eps": 0.26,
            "eps_growth_year": -73.74,
            "eps_4q": 1.86,
            "eps_4q_growth_year": -39.28,
            "roe": 1.24,
            "roe_4q": 9.559999999999999,
            "gross_profit": 521326,
            "gross_margin": 10.8,
            "gross_margin_4q_avg": 11.86,
            "net_income": 83749,
            "net_income_4q": null,
            "revenue": 4828876,
            "revenue_4q": null,
            "common_shares": 3240906,
            "book_valuer_per_share": 20.93,
            "book_valuer_per_share_4q_avg": 21.66,
            "equity": 6783984,
            "current_ratio": 196.63,
            "debt_ratio": 42.39,
            "inventory_turnover_ratio": 2.01,
            "account_receivable_turnover_ratio": null,
            "reinvestment_rate": 59.08,
            "research_to_sale_ratio": null,
            "price_fair": 7.13,
            "eps_avg_yearly": 2.38,
            "eps_latest_yearly": 1.04,
            "eps_growth_yearly": -22.51
        },
        "20032": {
            "year_quarter": 20032,
            "year": 2003,
            "quarter": 2,
            "eps": 0.28,
            "eps_growth_year": -68.18,
            "eps_4q": 1.17,
            "eps_4q_growth_year": -53.22,
            "roe": 1.58,
            "roe_4q": 6.76,
            "gross_profit": 562920,
            "gross_margin": 11.16,
            "gross_margin_4q_avg": 11.26,
            "net_income": 107045,
            "net_income_4q": null,
            "revenue": 5042747,
            "revenue_4q": null,
            "common_shares": 3240906,
            "book_valuer_per_share": 20.76,
            "book_valuer_per_share_4q_avg": 20.8,
            "equity": 6727594,
            "current_ratio": 218.32,
            "debt_ratio": 42.68,
            "inventory_turnover_ratio": 2.1,
            "account_receivable_turnover_ratio": null,
            "reinvestment_rate": 67.02,
            "research_to_sale_ratio": null,
            "price_fair": 6.5,
            "eps_avg_yearly": 2.17,
            "eps_latest_yearly": 1.12,
            "eps_growth_yearly": -13.63
        },
        "20033": {
            "year_quarter": 20033,
            "year": 2003,
            "quarter": 3,
            "eps": 0.46,
            "eps_growth_year": 53.33,
            "eps_4q": 1.39,
            "eps_4q_growth_year": -44.3,
            "roe": 2.61,
            "roe_4q": 7.9399999999999995,
            "gross_profit": 569021,
            "gross_margin": 10.02,
            "gross_margin_4q_avg": 10.86,
            "net_income": 176152,
            "net_income_4q": null,
            "revenue": 5679986,
            "revenue_4q": null,
            "common_shares": 3827000,
            "book_valuer_per_share": 17.68,
            "book_valuer_per_share_4q_avg": 20.02,
            "equity": 6764353,
            "current_ratio": 197.15,
            "debt_ratio": 46.02,
            "inventory_turnover_ratio": 2.36,
            "account_receivable_turnover_ratio": null,
            "reinvestment_rate": 63.29,
            "research_to_sale_ratio": null,
            "price_fair": 74.2,
            "eps_avg_yearly": 2.12,
            "eps_latest_yearly": 1.84,
            "eps_growth_yearly": 25.05
        },
        "20034": {
            "year_quarter": 20034,
            "year": 2003,
            "quarter": 4,
            "eps": 1.06,
            "eps_growth_year": 96.3,
            "eps_4q": 2.03,
            "eps_4q_growth_year": -15.89,
            "roe": 5.74,
            "roe_4q": 11.17,
            "gross_profit": 828048,
            "gross_margin": 9.92,
            "gross_margin_4q_avg": 10.48,
            "net_income": 403042,
            "net_income_4q": null,
            "revenue": 8344002,
            "revenue_4q": null,
            "common_shares": 3835884,
            "book_valuer_per_share": 18.7,
            "book_valuer_per_share_4q_avg": 19.52,
            "equity": 7277542,
            "current_ratio": 158.66,
            "debt_ratio": 55.88,
            "inventory_turnover_ratio": 2.24,
            "account_receivable_turnover_ratio": null,
            "reinvestment_rate": 90.26,
            "research_to_sale_ratio": null,
            "price_fair": 83.48,
            "eps_avg_yearly": 2.39,
            "eps_latest_yearly": 4.24,
            "eps_growth_yearly": 87.14
        },
        "20041": {
            "year_quarter": 20041,
            "year": 2004,
            "quarter": 1,
            "eps": 1.09,
            "eps_growth_year": 319.23,
            "eps_4q": 2.9,
            "eps_4q_growth_year": 55.76,
            "roe": 5.56,
            "roe_4q": 15.49,
            "gross_profit": 876017,
            "gross_margin": 9.85,
            "gross_margin_4q_avg": 10.24,
            "net_income": 414317,
            "net_income_4q": null,
            "revenue": 8894192,
            "revenue_4q": null,
            "common_shares": 3858416,
            "book_valuer_per_share": 19.79,
            "book_valuer_per_share_4q_avg": 19.23,
            "equity": 7634490,
            "current_ratio": 155.63,
            "debt_ratio": 57.12,
            "inventory_turnover_ratio": 1.72,
            "account_receivable_turnover_ratio": null,
            "reinvestment_rate": 56.45,
            "research_to_sale_ratio": null,
            "price_fair": 91.16,
            "eps_avg_yearly": 2.6,
            "eps_latest_yearly": 4.36,
            "eps_growth_yearly": 78.71
        },
        "20042": {
            "year_quarter": 20042,
            "year": 2004,
            "quarter": 2,
            "eps": 1.28,
            "eps_growth_year": 357.14,
            "eps_4q": 3.89,
            "eps_4q_growth_year": 232.61,
            "roe": 6.23,
            "roe_4q": 20.14,
            "gross_profit": 1031267,
            "gross_margin": 9.18,
            "gross_margin_4q_avg": 9.74,
            "net_income": 487321,
            "net_income_4q": null,
            "revenue": 11239423,
            "revenue_4q": null,
            "common_shares": 3861377,
            "book_valuer_per_share": 20.76,
            "book_valuer_per_share_4q_avg": 19.23,
            "equity": 8016048,
            "current_ratio": 154.69,
            "debt_ratio": 56.8,
            "inventory_turnover_ratio": 1.92,
            "account_receivable_turnover_ratio": null,
            "reinvestment_rate": 58.47,
            "research_to_sale_ratio": null,
            "price_fair": 99.96,
            "eps_avg_yearly": 2.86,
            "eps_latest_yearly": 5.12,
            "eps_growth_yearly": 77.81
        },
        "20043": {
            "year_quarter": 20043,
            "year": 2004,
            "quarter": 3,
            "eps": 1.04,
            "eps_growth_year": 126.09,
            "eps_4q": 4.08,
            "eps_4q_growth_year": 192.87,
            "roe": 5.39,
            "roe_4q": 22.92,
            "gross_profit": 1033400,
            "gross_margin": 10.7,
            "gross_margin_4q_avg": 9.91,
            "net_income": 446809,
            "net_income_4q": null,
            "revenue": 9657376,
            "revenue_4q": null,
            "common_shares": 4349999,
            "book_valuer_per_share": 19.68,
            "book_valuer_per_share_4q_avg": 19.73,
            "equity": 8558843,
            "current_ratio": 166.82,
            "debt_ratio": 52.2,
            "inventory_turnover_ratio": 1.59,
            "account_receivable_turnover_ratio": null,
            "reinvestment_rate": 55.51,
            "research_to_sale_ratio": null,
            "price_fair": 104.11,
            "eps_avg_yearly": 2.97,
            "eps_latest_yearly": 4.16,
            "eps_growth_yearly": 63.92
        },
        "20044": {
            "year_quarter": 20044,
            "year": 2004,
            "quarter": 4,
            "eps": 0.82,
            "eps_growth_year": -22.64,
            "eps_4q": 3.95,
            "eps_4q_growth_year": 94.88,
            "roe": 4.01,
            "roe_4q": 21.189999999999998,
            "gross_profit": 1016740,
            "gross_margin": 9,
            "gross_margin_4q_avg": 9.68,
            "net_income": 353661,
            "net_income_4q": null,
            "revenue": 11295157,
            "revenue_4q": null,
            "common_shares": 4377970,
            "book_valuer_per_share": 20.37,
            "book_valuer_per_share_4q_avg": 20.15,
            "equity": 9097411,
            "current_ratio": 152.61,
            "debt_ratio": 59.82,
            "inventory_turnover_ratio": 1.84,
            "account_receivable_turnover_ratio": null,
            "reinvestment_rate": 91.88,
            "research_to_sale_ratio": null,
            "price_fair": 105,
            "eps_avg_yearly": 3,
            "eps_latest_yearly": 3.28,
            "eps_growth_yearly": 51.54
        },
        "20051": {
            "year_quarter": 20051,
            "year": 2005,
            "quarter": 1,
            "eps": 0.99,
            "eps_growth_year": -9.17,
            "eps_4q": 3.94,
            "eps_4q_growth_year": 36.13,
            "roe": 4.69,
            "roe_4q": 20.32,
            "gross_profit": 996914,
            "gross_margin": 10.35,
            "gross_margin_4q_avg": 9.81,
            "net_income": 431969,
            "net_income_4q": null,
            "revenue": 9628993,
            "revenue_4q": null,
            "common_shares": 4377970,
            "book_valuer_per_share": 21.34,
            "book_valuer_per_share_4q_avg": 20.54,
            "equity": 9340658,
            "current_ratio": 152.87,
            "debt_ratio": 56.99,
            "inventory_turnover_ratio": 1.61,
            "account_receivable_turnover_ratio": null,
            "reinvestment_rate": 46.52,
            "research_to_sale_ratio": null,
            "price_fair": 107.58,
            "eps_avg_yearly": 3.07,
            "eps_latest_yearly": 3.96,
            "eps_growth_yearly": 53.96
        },
        "20052": {
            "year_quarter": 20052,
            "year": 2005,
            "quarter": 2,
            "eps": 1,
            "eps_growth_year": -21.88,
            "eps_4q": 3.82,
            "eps_4q_growth_year": -1.89,
            "roe": 4.68,
            "roe_4q": 18.77,
            "gross_profit": 972068,
            "gross_margin": 9.86,
            "gross_margin_4q_avg": 9.98,
            "net_income": 437668,
            "net_income_4q": null,
            "revenue": 9862691,
            "revenue_4q": null,
            "common_shares": 4377970,
            "book_valuer_per_share": 21.37,
            "book_valuer_per_share_4q_avg": 20.69,
            "equity": 9357000,
            "current_ratio": 185.05,
            "debt_ratio": 54.69,
            "inventory_turnover_ratio": 2.01,
            "account_receivable_turnover_ratio": null,
            "reinvestment_rate": 45,
            "research_to_sale_ratio": null,
            "price_fair": 109.9,
            "eps_avg_yearly": 3.14,
            "eps_latest_yearly": 4,
            "eps_growth_yearly": 50.39
        },
        "20053": {
            "year_quarter": 20053,
            "year": 2005,
            "quarter": 3,
            "eps": 1.56,
            "eps_growth_year": 50,
            "eps_4q": 3.91,
            "eps_4q_growth_year": -4.01,
            "roe": 8.24,
            "roe_4q": 21.619999999999997,
            "gross_profit": 1096414,
            "gross_margin": 9.87,
            "gross_margin_4q_avg": 9.77,
            "net_income": 810902,
            "net_income_4q": null,
            "revenue": 11111702,
            "revenue_4q": null,
            "common_shares": 5202055,
            "book_valuer_per_share": 19.85,
            "book_valuer_per_share_4q_avg": 20.73,
            "equity": 10327718,
            "current_ratio": 165.17,
            "debt_ratio": 56.58,
            "inventory_turnover_ratio": 2.25,
            "account_receivable_turnover_ratio": null,
            "reinvestment_rate": 36.12,
            "research_to_sale_ratio": null,
            "price_fair": 117.13,
            "eps_avg_yearly": 3.35,
            "eps_latest_yearly": 6.24,
            "eps_growth_yearly": 61.97
        },
        "20054": {
            "year_quarter": 20054,
            "year": 2005,
            "quarter": 4,
            "eps": 2.01,
            "eps_growth_year": 145.12,
            "eps_4q": 5.23,
            "eps_4q_growth_year": 32.61,
            "roe": 9.45,
            "roe_4q": 27.06,
            "gross_profit": 1623484,
            "gross_margin": 10.99,
            "gross_margin_4q_avg": 10.27,
            "net_income": 1047920,
            "net_income_4q": null,
            "revenue": 14771967,
            "revenue_4q": null,
            "common_shares": 5208954,
            "book_valuer_per_share": 21.92,
            "book_valuer_per_share_4q_avg": 21.12,
            "equity": 11843892,
            "current_ratio": 145.24,
            "debt_ratio": 65.45,
            "inventory_turnover_ratio": 2.08,
            "account_receivable_turnover_ratio": null,
            "reinvestment_rate": 74.21,
            "research_to_sale_ratio": null,
            "price_fair": 127.4,
            "eps_avg_yearly": 3.64,
            "eps_latest_yearly": 8.04,
            "eps_growth_yearly": 65.3
        },
        "20061": {
            "year_quarter": 20061,
            "year": 2006,
            "quarter": 1,
            "eps": 2.1,
            "eps_growth_year": 112.12,
            "eps_4q": 6.32,
            "eps_4q_growth_year": 60.27,
            "roe": 8.77,
            "roe_4q": 31.14,
            "gross_profit": 1468485,
            "gross_margin": 10.86,
            "gross_margin_4q_avg": 10.4,
            "net_income": 1143673,
            "net_income_4q": null,
            "revenue": 13516042,
            "revenue_4q": null,
            "common_shares": 5478304,
            "book_valuer_per_share": 25.99,
            "book_valuer_per_share_4q_avg": 22.28,
            "equity": 14239141,
            "current_ratio": 162.16,
            "debt_ratio": 50.14,
            "inventory_turnover_ratio": 2.13,
            "account_receivable_turnover_ratio": null,
            "reinvestment_rate": 19.91,
            "research_to_sale_ratio": null,
            "price_fair": 137.11,
            "eps_avg_yearly": 3.92,
            "eps_latest_yearly": 8.4,
            "eps_growth_yearly": 61.24
        },
        "20062": {
            "year_quarter": 20062,
            "year": 2006,
            "quarter": 2,
            "eps": 0.88,
            "eps_growth_year": -12,
            "eps_4q": 5.56,
            "eps_4q_growth_year": 45.83,
            "roe": 3.89,
            "roe_4q": 30.35,
            "gross_profit": 1054020,
            "gross_margin": 10.39,
            "gross_margin_4q_avg": 10.53,
            "net_income": 564020,
            "net_income_4q": null,
            "revenue": 10145992,
            "revenue_4q": null,
            "common_shares": 5643484,
            "book_valuer_per_share": 26.22,
            "book_valuer_per_share_4q_avg": 23.5,
            "equity": 14795304,
            "current_ratio": 176.86,
            "debt_ratio": 46.79,
            "inventory_turnover_ratio": 2.62,
            "account_receivable_turnover_ratio": null,
            "reinvestment_rate": 16.07,
            "research_to_sale_ratio": null,
            "price_fair": 137.11,
            "eps_avg_yearly": 3.92,
            "eps_latest_yearly": 3.52,
            "eps_growth_yearly": 49.49
        },
        "20063": {
            "year_quarter": 20063,
            "year": 2006,
            "quarter": 3,
            "eps": 1.31,
            "eps_growth_year": -16.03,
            "eps_4q": 5.55,
            "eps_4q_growth_year": 41.88,
            "roe": 5.58,
            "roe_4q": 27.69,
            "gross_profit": 1187292,
            "gross_margin": 10.41,
            "gross_margin_4q_avg": 10.66,
            "net_income": 850958,
            "net_income_4q": null,
            "revenue": 11404646,
            "revenue_4q": null,
            "common_shares": 6673758,
            "book_valuer_per_share": 23.56,
            "book_valuer_per_share_4q_avg": 24.42,
            "equity": 15721012,
            "current_ratio": 166.89,
            "debt_ratio": 44.23,
            "inventory_turnover_ratio": 2.92,
            "account_receivable_turnover_ratio": null,
            "reinvestment_rate": 11.49,
            "research_to_sale_ratio": null,
            "price_fair": 145.95,
            "eps_avg_yearly": 4.17,
            "eps_latest_yearly": 5.24,
            "eps_growth_yearly": 78.19
        },
        "20064": {
            "year_quarter": 20064,
            "year": 2006,
            "quarter": 4,
            "eps": 1.24,
            "eps_growth_year": -38.31,
            "eps_4q": 5.17,
            "eps_4q_growth_year": -1.22,
            "roe": 4.82,
            "roe_4q": 23.060000000000002,
            "gross_profit": 1404588,
            "gross_margin": 10.92,
            "gross_margin_4q_avg": 10.65,
            "net_income": 807452,
            "net_income_4q": null,
            "revenue": 12867796,
            "revenue_4q": null,
            "common_shares": 6673758,
            "book_valuer_per_share": 24.79,
            "book_valuer_per_share_4q_avg": 25.14,
            "equity": 17748373,
            "current_ratio": 153.32,
            "debt_ratio": 52.67,
            "inventory_turnover_ratio": 2.13,
            "account_receivable_turnover_ratio": null,
            "reinvestment_rate": 44.41,
            "research_to_sale_ratio": null,
            "price_fair": 152.08,
            "eps_avg_yearly": 4.35,
            "eps_latest_yearly": 4.96,
            "eps_growth_yearly": 56.85
        },
        "20071": {
            "year_quarter": 20071,
            "year": 2007,
            "quarter": 1,
            "eps": 1.18,
            "eps_growth_year": -43.81,
            "eps_4q": 4.52,
            "eps_4q_growth_year": -28.48,
            "roe": 4.45,
            "roe_4q": 18.74,
            "gross_profit": 1038239,
            "gross_margin": 10.45,
            "gross_margin_4q_avg": 10.54,
            "net_income": 785745,
            "net_income_4q": null,
            "revenue": 9938579,
            "revenue_4q": null,
            "common_shares": 6673758,
            "book_valuer_per_share": 26.35,
            "book_valuer_per_share_4q_avg": 25.23,
            "equity": 17583350,
            "current_ratio": 180.42,
            "debt_ratio": 41.49,
            "inventory_turnover_ratio": 1.76,
            "account_receivable_turnover_ratio": null,
            "reinvestment_rate": 2.72,
            "research_to_sale_ratio": null,
            "price_fair": 160.13,
            "eps_avg_yearly": 4.58,
            "eps_latest_yearly": 4.72,
            "eps_growth_yearly": 68.61
        },
        "20072": {
            "year_quarter": 20072,
            "year": 2007,
            "quarter": 2,
            "eps": 1.27,
            "eps_growth_year": 44.32,
            "eps_4q": 4.93,
            "eps_4q_growth_year": -11.46,
            "roe": 5.06,
            "roe_4q": 19.91,
            "gross_profit": 922980,
            "gross_margin": 9.78,
            "gross_margin_4q_avg": 10.39,
            "net_income": 848856,
            "net_income_4q": null,
            "revenue": 9436594,
            "revenue_4q": null,
            "common_shares": 6673758,
            "book_valuer_per_share": 23.93,
            "book_valuer_per_share_4q_avg": 24.66,
            "equity": 15971113,
            "current_ratio": 143.56,
            "debt_ratio": 43.95,
            "inventory_turnover_ratio": 3.05,
            "account_receivable_turnover_ratio": null,
            "reinvestment_rate": 0.08,
            "research_to_sale_ratio": null,
            "price_fair": 168.79,
            "eps_avg_yearly": 4.82,
            "eps_latest_yearly": 5.08,
            "eps_growth_yearly": 68.59
        },
        "20073": {
            "year_quarter": 20073,
            "year": 2007,
            "quarter": 3,
            "eps": 1.46,
            "eps_growth_year": 11.45,
            "eps_4q": 4.97,
            "eps_4q_growth_year": -10.45,
            "roe": 6.15,
            "roe_4q": 20.48,
            "gross_profit": 944645,
            "gross_margin": 8.31,
            "gross_margin_4q_avg": 9.87,
            "net_income": 1015236,
            "net_income_4q": null,
            "revenue": 11365998,
            "revenue_4q": null,
            "common_shares": 6944633,
            "book_valuer_per_share": 24.55,
            "book_valuer_per_share_4q_avg": 24.91,
            "equity": 17046832,
            "current_ratio": 143.24,
            "debt_ratio": 48.29,
            "inventory_turnover_ratio": 3.35,
            "account_receivable_turnover_ratio": null,
            "reinvestment_rate": -1.5,
            "research_to_sale_ratio": null,
            "price_fair": 177.54,
            "eps_avg_yearly": 5.07,
            "eps_latest_yearly": 5.84,
            "eps_growth_yearly": 56.26
        },
        "20074": {
            "year_quarter": 20074,
            "year": 2007,
            "quarter": 4,
            "eps": 1.09,
            "eps_growth_year": -12.1,
            "eps_4q": 4.91,
            "eps_4q_growth_year": -5.04,
            "roe": 4.14,
            "roe_4q": 19.799999999999997,
            "gross_profit": 1006851,
            "gross_margin": 7.69,
            "gross_margin_4q_avg": 9.06,
            "net_income": 756316,
            "net_income_4q": null,
            "revenue": 13096547,
            "revenue_4q": null,
            "common_shares": 6944633,
            "book_valuer_per_share": 25.77,
            "book_valuer_per_share_4q_avg": 25.15,
            "equity": 19523343,
            "current_ratio": 146.89,
            "debt_ratio": 56.62,
            "inventory_turnover_ratio": 2.61,
            "account_receivable_turnover_ratio": null,
            "reinvestment_rate": 39.38,
            "research_to_sale_ratio": null,
            "price_fair": 138.75,
            "eps_avg_yearly": 5.08,
            "eps_latest_yearly": 4.36,
            "eps_growth_yearly": 17.31
        },
        "20081": {
            "year_quarter": 20081,
            "year": 2008,
            "quarter": 1,
            "eps": 0.84,
            "eps_growth_year": -28.81,
            "eps_4q": 4.44,
            "eps_4q_growth_year": -1.68,
            "roe": 3.08,
            "roe_4q": 18.43,
            "gross_profit": 2158408,
            "gross_margin": 10.79,
            "gross_margin_4q_avg": 9.14,
            "net_income": 606074,
            "net_income_4q": null,
            "revenue": 20007106,
            "revenue_4q": null,
            "common_shares": 6944633,
            "book_valuer_per_share": 26.33,
            "book_valuer_per_share_4q_avg": 25.15,
            "equity": 19873403,
            "current_ratio": 145.93,
            "debt_ratio": 57.04,
            "inventory_turnover_ratio": 3.08,
            "account_receivable_turnover_ratio": null,
            "reinvestment_rate": 43.85,
            "research_to_sale_ratio": null,
            "price_fair": 104.73,
            "eps_avg_yearly": 5.02,
            "eps_latest_yearly": 3.36,
            "eps_growth_yearly": 10.87
        },
        "20082": {
            "year_quarter": 20082,
            "year": 2008,
            "quarter": 2,
            "eps": 1.29,
            "eps_growth_year": 1.57,
            "eps_4q": 4.16,
            "eps_4q_growth_year": -15.64,
            "roe": 5.26,
            "roe_4q": 18.630000000000003,
            "gross_profit": 2540049,
            "gross_margin": 11.99,
            "gross_margin_4q_avg": 9.7,
            "net_income": 1009265,
            "net_income_4q": null,
            "revenue": 21186672,
            "revenue_4q": null,
            "common_shares": 6944633,
            "book_valuer_per_share": 24.5,
            "book_valuer_per_share_4q_avg": 25.29,
            "equity": 18510853,
            "current_ratio": 134.58,
            "debt_ratio": 61.17,
            "inventory_turnover_ratio": 3.27,
            "account_receivable_turnover_ratio": null,
            "reinvestment_rate": 41.79,
            "research_to_sale_ratio": null,
            "price_fair": 150.13,
            "eps_avg_yearly": 5.02,
            "eps_latest_yearly": 5.16,
            "eps_growth_yearly": 19.91
        },
        "20083": {
            "year_quarter": 20083,
            "year": 2008,
            "quarter": 3,
            "eps": 1.39,
            "eps_growth_year": -4.79,
            "eps_4q": 4.06,
            "eps_4q_growth_year": -18.34,
            "roe": 5.65,
            "roe_4q": 18.13,
            "gross_profit": 3095897,
            "gross_margin": 14.02,
            "gross_margin_4q_avg": 11.12,
            "net_income": 1111333,
            "net_income_4q": null,
            "revenue": 22077756,
            "revenue_4q": null,
            "common_shares": 7240385,
            "book_valuer_per_share": 25.87,
            "book_valuer_per_share_4q_avg": 25.62,
            "equity": 20848703,
            "current_ratio": 139.29,
            "debt_ratio": 59.06,
            "inventory_turnover_ratio": 2.82,
            "account_receivable_turnover_ratio": null,
            "reinvestment_rate": 47.08,
            "research_to_sale_ratio": null,
            "price_fair": 178.76,
            "eps_avg_yearly": 5.11,
            "eps_latest_yearly": 5.56,
            "eps_growth_yearly": 26.53
        },
        "20084": {
            "year_quarter": 20084,
            "year": 2008,
            "quarter": 4,
            "eps": -0.24,
            "eps_growth_year": -122.02,
            "eps_4q": 2.94,
            "eps_4q_growth_year": -40.14,
            "roe": -0.97,
            "roe_4q": 13.020000000000001,
            "gross_profit": 1791305,
            "gross_margin": 10.77,
            "gross_margin_4q_avg": 11.89,
            "net_income": -202062,
            "net_income_4q": null,
            "revenue": 16632326,
            "revenue_4q": null,
            "common_shares": 7240385,
            "book_valuer_per_share": 25.73,
            "book_valuer_per_share_4q_avg": 25.61,
            "equity": 20702070,
            "current_ratio": 149.58,
            "debt_ratio": 54.19,
            "inventory_turnover_ratio": 2.29,
            "account_receivable_turnover_ratio": 2.17,
            "reinvestment_rate": 37.58,
            "research_to_sale_ratio": null,
            "price_fair": 183.03,
            "eps_avg_yearly": 5.23,
            "eps_latest_yearly": 5.56,
            "eps_growth_yearly": 33.94
        },
        "20091": {
            "year_quarter": 20091,
            "year": 2009,
            "quarter": 1,
            "eps": 0.36,
            "eps_growth_year": -57.14,
            "eps_4q": 5.16,
            "eps_4q_growth_year": 16.23,
            "roe": 0.67,
            "roe_4q": 10.61,
            "gross_profit": 2176724,
            "gross_margin": 16.33,
            "gross_margin_4q_avg": 13.28,
            "net_income": 139357,
            "net_income_4q": null,
            "revenue": 13330581,
            "revenue_4q": null,
            "common_shares": 7240385,
            "book_valuer_per_share": 26.52,
            "book_valuer_per_share_4q_avg": 25.66,
            "equity": 21197463,
            "current_ratio": 162.74,
            "debt_ratio": 50.54,
            "inventory_turnover_ratio": 2.09,
            "account_receivable_turnover_ratio": 1.04,
            "reinvestment_rate": 51.66,
            "research_to_sale_ratio": null,
            "price_fair": 186.2,
            "eps_avg_yearly": 5.32,
            "eps_latest_yearly": 5.56,
            "eps_growth_yearly": 30.44
        },
        "20092": {
            "year_quarter": 20092,
            "year": 2009,
            "quarter": 2,
            "eps": 0.76,
            "eps_growth_year": -41.09,
            "eps_4q": 2.2,
            "eps_4q_growth_year": -47.17,
            "roe": 2.8,
            "roe_4q": 8.15,
            "gross_profit": 2337478,
            "gross_margin": 12.87,
            "gross_margin_4q_avg": 13.5,
            "net_income": 570393,
            "net_income_4q": null,
            "revenue": 18168714,
            "revenue_4q": null,
            "common_shares": 7240385,
            "book_valuer_per_share": 24.38,
            "book_valuer_per_share_4q_avg": 25.63,
            "equity": 19492180,
            "current_ratio": 130.67,
            "debt_ratio": 61.23,
            "inventory_turnover_ratio": 3.07,
            "account_receivable_turnover_ratio": 1.54,
            "reinvestment_rate": 47.99,
            "research_to_sale_ratio": null,
            "price_fair": 183.8,
            "eps_avg_yearly": 5.25,
            "eps_latest_yearly": 3.04,
            "eps_growth_yearly": 61.9
        },
        "20093": {
            "year_quarter": 20093,
            "year": 2009,
            "quarter": 3,
            "eps": 1.17,
            "eps_growth_year": -15.83,
            "eps_4q": 1.93,
            "eps_4q_growth_year": -52.53,
            "roe": 4.49,
            "roe_4q": 6.99,
            "gross_profit": 2701681,
            "gross_margin": 12.83,
            "gross_margin_4q_avg": 13.2,
            "net_income": 899492,
            "net_income_4q": null,
            "revenue": 21051810,
            "revenue_4q": null,
            "common_shares": 7240385,
            "book_valuer_per_share": 25.78,
            "book_valuer_per_share_4q_avg": 25.6,
            "equity": 20588598,
            "current_ratio": 133.7,
            "debt_ratio": 61.87,
            "inventory_turnover_ratio": 2.87,
            "account_receivable_turnover_ratio": 1.36,
            "reinvestment_rate": 44.77,
            "research_to_sale_ratio": null,
            "price_fair": 179.9,
            "eps_avg_yearly": 5.14,
            "eps_latest_yearly": 4.68,
            "eps_growth_yearly": 61.31
        },
        "20094": {
            "year_quarter": 20094,
            "year": 2009,
            "quarter": 4,
            "eps": 1.42,
            "eps_growth_year": null,
            "eps_4q": 3.7,
            "eps_4q_growth_year": 25.83,
            "roe": 5.31,
            "roe_4q": 13.270000000000001,
            "gross_profit": 3520970,
            "gross_margin": 14.16,
            "gross_margin_4q_avg": 14.05,
            "net_income": 1121011,
            "net_income_4q": null,
            "revenue": 24873762,
            "revenue_4q": null,
            "common_shares": 7240385,
            "book_valuer_per_share": 27.12,
            "book_valuer_per_share_4q_avg": 25.95,
            "equity": 21642163,
            "current_ratio": 139.1,
            "debt_ratio": 60.81,
            "inventory_turnover_ratio": 3,
            "account_receivable_turnover_ratio": 2.53,
            "reinvestment_rate": 22.69,
            "research_to_sale_ratio": null,
            "price_fair": 174,
            "eps_avg_yearly": 4.97,
            "eps_latest_yearly": 5.68,
            "eps_growth_yearly": 59.18
        },
        "20101": {
            "year_quarter": 20101,
            "year": 2010,
            "quarter": 1,
            "eps": 1.33,
            "eps_growth_year": 269.44,
            "eps_4q": 4.67,
            "eps_4q_growth_year": -9.59,
            "roe": 4.77,
            "roe_4q": 17.369999999999997,
            "gross_profit": 3044584,
            "gross_margin": 14.34,
            "gross_margin_4q_avg": 13.55,
            "net_income": 1056386,
            "net_income_4q": null,
            "revenue": 21228900,
            "revenue_4q": null,
            "common_shares": 7240385,
            "book_valuer_per_share": 28.4,
            "book_valuer_per_share_4q_avg": 26.42,
            "equity": 22624336,
            "current_ratio": 145.69,
            "debt_ratio": 58.65,
            "inventory_turnover_ratio": 2.44,
            "account_receivable_turnover_ratio": 1.16,
            "reinvestment_rate": 48.01,
            "research_to_sale_ratio": 2.47,
            "price_fair": 166.3,
            "eps_avg_yearly": 4.75,
            "eps_latest_yearly": 5.32,
            "eps_growth_yearly": 56.09
        },
        "20102": {
            "year_quarter": 20102,
            "year": 2010,
            "quarter": 2,
            "eps": 1.68,
            "eps_growth_year": 120.61,
            "eps_4q": 5.59,
            "eps_4q_growth_year": 154.59,
            "roe": 5.79,
            "roe_4q": 20.36,
            "gross_profit": 3693899,
            "gross_margin": 14.41,
            "gross_margin_4q_avg": 13.94,
            "net_income": 1288486,
            "net_income_4q": null,
            "revenue": 25627876,
            "revenue_4q": null,
            "common_shares": 7240385,
            "book_valuer_per_share": 27.54,
            "book_valuer_per_share_4q_avg": 27.21,
            "equity": 21885915,
            "current_ratio": 137.09,
            "debt_ratio": 62.88,
            "inventory_turnover_ratio": 2.58,
            "account_receivable_turnover_ratio": 1.4,
            "reinvestment_rate": 47.44,
            "research_to_sale_ratio": 2.77,
            "price_fair": 174.3,
            "eps_avg_yearly": 4.98,
            "eps_latest_yearly": 6.72,
            "eps_growth_yearly": 80.21
        },
        "20103": {
            "year_quarter": 20103,
            "year": 2010,
            "quarter": 3,
            "eps": 1.45,
            "eps_growth_year": 24.18,
            "eps_4q": 5.88,
            "eps_4q_growth_year": 204.97,
            "roe": 4.97,
            "roe_4q": 20.84,
            "gross_profit": 3570346,
            "gross_margin": 13.78,
            "gross_margin_4q_avg": 14.17,
            "net_income": 1133478,
            "net_income_4q": null,
            "revenue": 25903480,
            "revenue_4q": null,
            "common_shares": 7240385,
            "book_valuer_per_share": 28.96,
            "book_valuer_per_share_4q_avg": 28.01,
            "equity": 23741559,
            "current_ratio": 139.14,
            "debt_ratio": 61.12,
            "inventory_turnover_ratio": 2.51,
            "account_receivable_turnover_ratio": 1.31,
            "reinvestment_rate": 55.02,
            "research_to_sale_ratio": 2.76,
            "price_fair": 175.7,
            "eps_avg_yearly": 5.02,
            "eps_latest_yearly": 5.8,
            "eps_growth_yearly": 62.33
        },
        "20104": {
            "year_quarter": 20104,
            "year": 2010,
            "quarter": 4,
            "eps": 0.42,
            "eps_growth_year": -70.5,
            "eps_4q": 4.88,
            "eps_4q_growth_year": 32.05,
            "roe": 1.7,
            "roe_4q": 17.23,
            "gross_profit": 2558018,
            "gross_margin": 13.13,
            "gross_margin_4q_avg": 13.92,
            "net_income": 398571,
            "net_income_4q": null,
            "revenue": 19476589,
            "revenue_4q": null,
            "common_shares": 7240385,
            "book_valuer_per_share": 28.34,
            "book_valuer_per_share_4q_avg": 28.31,
            "equity": 23272367,
            "current_ratio": 141.02,
            "debt_ratio": 59.05,
            "inventory_turnover_ratio": 2.08,
            "account_receivable_turnover_ratio": 1.13,
            "reinvestment_rate": 27.76,
            "research_to_sale_ratio": 3.54,
            "price_fair": 167.5,
            "eps_avg_yearly": 4.79,
            "eps_latest_yearly": 1.68,
            "eps_growth_yearly": 43.56
        },
        "20111": {
            "year_quarter": 20111,
            "year": 2011,
            "quarter": 1,
            "eps": 0.82,
            "eps_growth_year": -38.35,
            "eps_4q": 4.37,
            "eps_4q_growth_year": -6.43,
            "roe": 2.81,
            "roe_4q": 15.27,
            "gross_profit": 2716435,
            "gross_margin": 13.14,
            "gross_margin_4q_avg": 13.62,
            "net_income": 668896,
            "net_income_4q": null,
            "revenue": 20665876,
            "revenue_4q": null,
            "common_shares": 7240385,
            "book_valuer_per_share": 29.68,
            "book_valuer_per_share_4q_avg": 28.63,
            "equity": 24357476,
            "current_ratio": 138.73,
            "debt_ratio": 60.89,
            "inventory_turnover_ratio": 2.28,
            "account_receivable_turnover_ratio": 1.27,
            "reinvestment_rate": 62.6,
            "research_to_sale_ratio": 3.03,
            "price_fair": 163.9,
            "eps_avg_yearly": 4.68,
            "eps_latest_yearly": 3.28,
            "eps_growth_yearly": 72.16
        },
        "20112": {
            "year_quarter": 20112,
            "year": 2011,
            "quarter": 2,
            "eps": 0.38,
            "eps_growth_year": -77.25,
            "eps_4q": 3.07,
            "eps_4q_growth_year": -45.05,
            "roe": 1.83,
            "roe_4q": 11.31,
            "gross_profit": 2342310,
            "gross_margin": 12.7,
            "gross_margin_4q_avg": 13.19,
            "net_income": 423063,
            "net_income_4q": null,
            "revenue": 18436999,
            "revenue_4q": null,
            "common_shares": 7240385,
            "book_valuer_per_share": 26.37,
            "book_valuer_per_share_4q_avg": 28.34,
            "equity": 21853561,
            "current_ratio": 132.58,
            "debt_ratio": 62.12,
            "inventory_turnover_ratio": 1.9,
            "account_receivable_turnover_ratio": 1.03,
            "reinvestment_rate": 67.73,
            "research_to_sale_ratio": 3.64,
            "price_fair": 155,
            "eps_avg_yearly": 4.43,
            "eps_latest_yearly": 1.52,
            "eps_growth_yearly": 54.65
        },
        "20113": {
            "year_quarter": 20113,
            "year": 2011,
            "quarter": 3,
            "eps": 0.51,
            "eps_growth_year": -64.85,
            "eps_4q": 2.13,
            "eps_4q_growth_year": -63.77,
            "roe": 1.88,
            "roe_4q": 8.219999999999999,
            "gross_profit": 2495653,
            "gross_margin": 12.85,
            "gross_margin_4q_avg": 12.96,
            "net_income": 423128,
            "net_income_4q": null,
            "revenue": 19427869,
            "revenue_4q": null,
            "common_shares": 7240385,
            "book_valuer_per_share": 27.94,
            "book_valuer_per_share_4q_avg": 28.08,
            "equity": 23239171,
            "current_ratio": 131.85,
            "debt_ratio": 61.69,
            "inventory_turnover_ratio": 1.95,
            "account_receivable_turnover_ratio": 1.02,
            "reinvestment_rate": 77.82,
            "research_to_sale_ratio": 3.58,
            "price_fair": 145.5,
            "eps_avg_yearly": 4.16,
            "eps_latest_yearly": 2.04,
            "eps_growth_yearly": 60.15
        },
        "20114": {
            "year_quarter": 20114,
            "year": 2011,
            "quarter": 4,
            "eps": 0.38,
            "eps_growth_year": -9.15,
            "eps_4q": 2.1,
            "eps_4q_growth_year": -57.02,
            "roe": 1.72,
            "roe_4q": 8.24,
            "gross_profit": 2789328,
            "gross_margin": 15.05,
            "gross_margin_4q_avg": 13.44,
            "net_income": 403609,
            "net_income_4q": null,
            "revenue": 18532050,
            "revenue_4q": null,
            "common_shares": 7240385,
            "book_valuer_per_share": 28.62,
            "book_valuer_per_share_4q_avg": 28.15,
            "equity": 23759696,
            "current_ratio": 148.52,
            "debt_ratio": 51.93,
            "inventory_turnover_ratio": 1.86,
            "account_receivable_turnover_ratio": 1.06,
            "reinvestment_rate": 23.3,
            "research_to_sale_ratio": 3.57,
            "price_fair": 138.4,
            "eps_avg_yearly": 3.95,
            "eps_latest_yearly": 1.52,
            "eps_growth_yearly": 60.1
        },
        "20121": {
            "year_quarter": 20121,
            "year": 2012,
            "quarter": 1,
            "eps": 0.29,
            "eps_growth_year": -64.63,
            "eps_4q": 1.56,
            "eps_4q_growth_year": -64.28,
            "roe": 1.01,
            "roe_4q": 6.4399999999999995,
            "gross_profit": 2092419,
            "gross_margin": 12.7,
            "gross_margin_4q_avg": 13.33,
            "net_income": 238893,
            "net_income_4q": null,
            "revenue": 16480745,
            "revenue_4q": null,
            "common_shares": 7240385,
            "book_valuer_per_share": 28.53,
            "book_valuer_per_share_4q_avg": 27.87,
            "equity": 23770473,
            "current_ratio": 163.47,
            "debt_ratio": 48.48,
            "inventory_turnover_ratio": 1.95,
            "account_receivable_turnover_ratio": 1.22,
            "reinvestment_rate": 22.66,
            "research_to_sale_ratio": 3.92,
            "price_fair": 132.9,
            "eps_avg_yearly": 3.8,
            "eps_latest_yearly": 1.16,
            "eps_growth_yearly": 59.89
        },
        "20122": {
            "year_quarter": 20122,
            "year": 2012,
            "quarter": 2,
            "eps": 0.35,
            "eps_growth_year": -8.23,
            "eps_4q": 1.53,
            "eps_4q_growth_year": -50.25,
            "roe": 1.15,
            "roe_4q": 5.76,
            "gross_profit": 2395788,
            "gross_margin": 13.33,
            "gross_margin_4q_avg": 13.48,
            "net_income": 268077,
            "net_income_4q": null,
            "revenue": 17975087,
            "revenue_4q": null,
            "common_shares": 7240385,
            "book_valuer_per_share": 27.42,
            "book_valuer_per_share_4q_avg": 28.13,
            "equity": 22678428,
            "current_ratio": 150.21,
            "debt_ratio": 52.34,
            "inventory_turnover_ratio": 2.29,
            "account_receivable_turnover_ratio": 1.37,
            "reinvestment_rate": 24.32,
            "research_to_sale_ratio": 3.78,
            "price_fair": 123.5,
            "eps_avg_yearly": 3.53,
            "eps_latest_yearly": 1.4,
            "eps_growth_yearly": 50.5
        },
        "20123": {
            "year_quarter": 20123,
            "year": 2012,
            "quarter": 3,
            "eps": 0.31,
            "eps_growth_year": -38.76,
            "eps_4q": 1.33,
            "eps_4q_growth_year": -37.53,
            "roe": 1.17,
            "roe_4q": 5.05,
            "gross_profit": 2307767,
            "gross_margin": 13.9,
            "gross_margin_4q_avg": 13.75,
            "net_income": 264627,
            "net_income_4q": null,
            "revenue": 16598196,
            "revenue_4q": null,
            "common_shares": 7240385,
            "book_valuer_per_share": 27.33,
            "book_valuer_per_share_4q_avg": 27.98,
            "equity": 22617059,
            "current_ratio": 150.46,
            "debt_ratio": 51.79,
            "inventory_turnover_ratio": 2.05,
            "account_receivable_turnover_ratio": 1.15,
            "reinvestment_rate": 13.25,
            "research_to_sale_ratio": 4.68,
            "price_fair": 112.7,
            "eps_avg_yearly": 3.22,
            "eps_latest_yearly": 1.24,
            "eps_growth_yearly": 45.02
        },
        "20124": {
            "year_quarter": 20124,
            "year": 2012,
            "quarter": 4,
            "eps": 0.28,
            "eps_growth_year": -26.97,
            "eps_4q": 1.23,
            "eps_4q_growth_year": -41.42,
            "roe": 1.25,
            "roe_4q": 4.58,
            "gross_profit": 2273871,
            "gross_margin": 13.72,
            "gross_margin_4q_avg": 13.41,
            "net_income": 283764,
            "net_income_4q": null,
            "revenue": 16572261,
            "revenue_4q": null,
            "common_shares": 7240385,
            "book_valuer_per_share": 27.45,
            "book_valuer_per_share_4q_avg": 27.68,
            "equity": 22779996,
            "current_ratio": 151.36,
            "debt_ratio": 52.02,
            "inventory_turnover_ratio": 1.98,
            "account_receivable_turnover_ratio": 1.11,
            "reinvestment_rate": 9.13,
            "research_to_sale_ratio": 4.13,
            "price_fair": 107.8,
            "eps_avg_yearly": 3.08,
            "eps_latest_yearly": 1.12,
            "eps_growth_yearly": 39.43
        },
        "20131": {
            "year_quarter": 20131,
            "year": 2013,
            "quarter": 1,
            "eps": 0.49,
            "eps_growth_year": 68.97,
            "eps_4q": 1.43,
            "eps_4q_growth_year": -8.46,
            "roe": 1.67,
            "roe_4q": 5.24,
            "gross_profit": 2264663,
            "gross_margin": 14.38,
            "gross_margin_4q_avg": 13.83,
            "net_income": 384739,
            "net_income_4q": null,
            "revenue": 15747115,
            "revenue_4q": null,
            "common_shares": 7240385,
            "book_valuer_per_share": 28.3,
            "book_valuer_per_share_4q_avg": 27.63,
            "equity": 23395878,
            "current_ratio": 156.31,
            "debt_ratio": 49.32,
            "inventory_turnover_ratio": 1.9,
            "account_receivable_turnover_ratio": 1.03,
            "reinvestment_rate": 9.63,
            "research_to_sale_ratio": 3.78,
            "price_fair": 105.35,
            "eps_avg_yearly": 3.01,
            "eps_latest_yearly": 1.96,
            "eps_growth_yearly": 55.72
        },
        "20132": {
            "year_quarter": 20132,
            "year": 2013,
            "quarter": 2,
            "eps": 0.5,
            "eps_growth_year": 42.84,
            "eps_4q": 1.58,
            "eps_4q_growth_year": 3.35,
            "roe": 1.66,
            "roe_4q": 5.75,
            "gross_profit": 2491339,
            "gross_margin": 14.1,
            "gross_margin_4q_avg": 14.03,
            "net_income": 385877,
            "net_income_4q": null,
            "revenue": 17667435,
            "revenue_4q": null,
            "common_shares": 7240385,
            "book_valuer_per_share": 28.13,
            "book_valuer_per_share_4q_avg": 27.8,
            "equity": 23199422,
            "current_ratio": 147.06,
            "debt_ratio": 54.53,
            "inventory_turnover_ratio": 2.06,
            "account_receivable_turnover_ratio": 1,
            "reinvestment_rate": 13.43,
            "research_to_sale_ratio": 4.04,
            "price_fair": 103.08,
            "eps_avg_yearly": 2.95,
            "eps_latest_yearly": 2,
            "eps_growth_yearly": 28.45
        },
        "20133": {
            "year_quarter": 20133,
            "year": 2013,
            "quarter": 3,
            "eps": 0.65,
            "eps_growth_year": 107.88,
            "eps_4q": 1.92,
            "eps_4q_growth_year": 44.32,
            "roe": 2.2,
            "roe_4q": 6.78,
            "gross_profit": 2558089,
            "gross_margin": 13.58,
            "gross_margin_4q_avg": 13.95,
            "net_income": 513206,
            "net_income_4q": null,
            "revenue": 18842966,
            "revenue_4q": null,
            "common_shares": 7240385,
            "book_valuer_per_share": 28.57,
            "book_valuer_per_share_4q_avg": 28.11,
            "equity": 23539739,
            "current_ratio": 142.76,
            "debt_ratio": 57.51,
            "inventory_turnover_ratio": 2.02,
            "account_receivable_turnover_ratio": 0.94,
            "reinvestment_rate": 17.55,
            "research_to_sale_ratio": 3.79,
            "price_fair": 91.39,
            "eps_avg_yearly": 2.82,
            "eps_latest_yearly": 2.6,
            "eps_growth_yearly": 22.47
        },
        "20134": {
            "year_quarter": 20134,
            "year": 2013,
            "quarter": 4,
            "eps": 1.04,
            "eps_growth_year": 272.69,
            "eps_4q": 2.68,
            "eps_4q_growth_year": 117.82,
            "roe": 3.05,
            "roe_4q": 8.58,
            "gross_profit": 3135859,
            "gross_margin": 15.3,
            "gross_margin_4q_avg": 14.34,
            "net_income": 732195,
            "net_income_4q": null,
            "revenue": 20491461,
            "revenue_4q": null,
            "common_shares": 7240385,
            "book_valuer_per_share": 29.92,
            "book_valuer_per_share_4q_avg": 28.73,
            "equity": 24534286,
            "current_ratio": 142.73,
            "debt_ratio": 57.78,
            "inventory_turnover_ratio": 2.15,
            "account_receivable_turnover_ratio": 0.97,
            "reinvestment_rate": 15.41,
            "research_to_sale_ratio": 3.76,
            "price_fair": 95.2,
            "eps_avg_yearly": 2.72,
            "eps_latest_yearly": 4.16,
            "eps_growth_yearly": 32.12
        },
        "20141": {
            "year_quarter": 20141,
            "year": 2014,
            "quarter": 1,
            "eps": 0.63,
            "eps_growth_year": 28.57,
            "eps_4q": 2.82,
            "eps_4q_growth_year": 97.32,
            "roe": 1.92,
            "roe_4q": 8.83,
            "gross_profit": 2643398,
            "gross_margin": 13.84,
            "gross_margin_4q_avg": 14.21,
            "net_income": 475482,
            "net_income_4q": null,
            "revenue": 19106359,
            "revenue_4q": null,
            "common_shares": 7240385,
            "book_valuer_per_share": 30.92,
            "book_valuer_per_share_4q_avg": 29.39,
            "equity": 25099980,
            "current_ratio": 145.56,
            "debt_ratio": 57.04,
            "inventory_turnover_ratio": 2.06,
            "account_receivable_turnover_ratio": 0.86,
            "reinvestment_rate": 17.6,
            "research_to_sale_ratio": 3.63,
            "price_fair": 86.15,
            "eps_avg_yearly": 2.55,
            "eps_latest_yearly": 2.52,
            "eps_growth_yearly": 23.85
        },
        "20142": {
            "year_quarter": 20142,
            "year": 2014,
            "quarter": 2,
            "eps": 1.12,
            "eps_growth_year": 124,
            "eps_4q": 3.43,
            "eps_4q_growth_year": 117.26,
            "roe": 3.37,
            "roe_4q": 10.54,
            "gross_profit": 2956860,
            "gross_margin": 14.05,
            "gross_margin_4q_avg": 14.19,
            "net_income": 850864,
            "net_income_4q": null,
            "revenue": 21042693,
            "revenue_4q": null,
            "common_shares": 7240385,
            "book_valuer_per_share": 31.56,
            "book_valuer_per_share_4q_avg": 30.24,
            "equity": 25448838,
            "current_ratio": 144.98,
            "debt_ratio": 57.41,
            "inventory_turnover_ratio": 2.13,
            "account_receivable_turnover_ratio": 0.91,
            "reinvestment_rate": 13.16,
            "research_to_sale_ratio": 3.3,
            "price_fair": 84.18,
            "eps_avg_yearly": 2.41,
            "eps_latest_yearly": 4.48,
            "eps_growth_yearly": 36.72
        },
        "20143": {
            "year_quarter": 20143,
            "year": 2014,
            "quarter": 3,
            "eps": 1.85,
            "eps_growth_year": 184.62,
            "eps_4q": 5.61,
            "eps_4q_growth_year": 191.98,
            "roe": 4.31,
            "roe_4q": 12.649999999999999,
            "gross_profit": 3082841,
            "gross_margin": 14.22,
            "gross_margin_4q_avg": 14.35,
            "net_income": 1078213,
            "net_income_4q": null,
            "revenue": 21677794,
            "revenue_4q": null,
            "common_shares": 5430289,
            "book_valuer_per_share": 41.03,
            "book_valuer_per_share_4q_avg": 33.36,
            "equity": 24602551,
            "current_ratio": 141.38,
            "debt_ratio": 58.78,
            "inventory_turnover_ratio": 2.16,
            "account_receivable_turnover_ratio": 0.92,
            "reinvestment_rate": 3.85,
            "research_to_sale_ratio": 3.39,
            "price_fair": 87.68,
            "eps_avg_yearly": 2.51,
            "eps_latest_yearly": 7.4,
            "eps_growth_yearly": 56.43
        },
        "20144": {
            "year_quarter": 20144,
            "year": 2014,
            "quarter": 4,
            "eps": 1.01,
            "eps_growth_year": -2.82,
            "eps_4q": 5.23,
            "eps_4q_growth_year": 95.37,
            "roe": 2.37,
            "roe_4q": 11.97,
            "gross_profit": 2617638,
            "gross_margin": 13.53,
            "gross_margin_4q_avg": 13.91,
            "net_income": 600005,
            "net_income_4q": null,
            "revenue": 19351141,
            "revenue_4q": null,
            "common_shares": 5430289,
            "book_valuer_per_share": 43.43,
            "book_valuer_per_share_4q_avg": 36.74,
            "equity": 26023353,
            "current_ratio": 153.22,
            "debt_ratio": 53.24,
            "inventory_turnover_ratio": 2.19,
            "account_receivable_turnover_ratio": 0.89,
            "reinvestment_rate": 5.54,
            "research_to_sale_ratio": 4.01,
            "price_fair": 92.84,
            "eps_avg_yearly": 2.65,
            "eps_latest_yearly": 4.04,
            "eps_growth_yearly": 62.84
        },
        "20151": {
            "year_quarter": 20151,
            "year": 2015,
            "quarter": 1,
            "eps": 0.54,
            "eps_growth_year": -14.29,
            "eps_4q": 4.93,
            "eps_4q_growth_year": 75.06,
            "roe": 1.14,
            "roe_4q": 11.19,
            "gross_profit": 1887055,
            "gross_margin": 11.94,
            "gross_margin_4q_avg": 13.44,
            "net_income": 295406,
            "net_income_4q": null,
            "revenue": 15807092,
            "revenue_4q": null,
            "common_shares": 5430289,
            "book_valuer_per_share": 43.41,
            "book_valuer_per_share_4q_avg": 39.86,
            "equity": 25994845,
            "current_ratio": 163.86,
            "debt_ratio": 51.53,
            "inventory_turnover_ratio": 1.96,
            "account_receivable_turnover_ratio": 0.83,
            "reinvestment_rate": -1.54,
            "research_to_sale_ratio": 4.18,
            "price_fair": 90.39,
            "eps_avg_yearly": 2.58,
            "eps_latest_yearly": 2.16,
            "eps_growth_yearly": 27.4
        },
        "20152": {
            "year_quarter": 20152,
            "year": 2015,
            "quarter": 2,
            "eps": 0.58,
            "eps_growth_year": -48.21,
            "eps_4q": 4.03,
            "eps_4q_growth_year": 17.32,
            "roe": 1.3,
            "roe_4q": 9.120000000000001,
            "gross_profit": 2065980,
            "gross_margin": 12.2,
            "gross_margin_4q_avg": 12.97,
            "net_income": 324949,
            "net_income_4q": null,
            "revenue": 16938750,
            "revenue_4q": null,
            "common_shares": 5430289,
            "book_valuer_per_share": 40.15,
            "book_valuer_per_share_4q_avg": 42.01,
            "equity": 24128389,
            "current_ratio": 151.3,
            "debt_ratio": 54.78,
            "inventory_turnover_ratio": 2.04,
            "account_receivable_turnover_ratio": 0.91,
            "reinvestment_rate": -8.93,
            "research_to_sale_ratio": 4.44,
            "price_fair": 92.14,
            "eps_avg_yearly": 2.63,
            "eps_latest_yearly": 2.32,
            "eps_growth_yearly": 42.67
        },
        "20153": {
            "year_quarter": 20153,
            "year": 2015,
            "quarter": 3,
            "eps": 1.27,
            "eps_growth_year": -31.35,
            "eps_4q": 3.39,
            "eps_4q_growth_year": -39.45,
            "roe": 2.87,
            "roe_4q": 7.68,
            "gross_profit": 2817166,
            "gross_margin": 15.36,
            "gross_margin_4q_avg": 13.26,
            "net_income": 709828,
            "net_income_4q": null,
            "revenue": 18336066,
            "revenue_4q": null,
            "common_shares": 5430289,
            "book_valuer_per_share": 42.4,
            "book_valuer_per_share_4q_avg": 42.35,
            "equity": 25419878,
            "current_ratio": 142.45,
            "debt_ratio": 59.84,
            "inventory_turnover_ratio": 1.9,
            "account_receivable_turnover_ratio": 0.79,
            "reinvestment_rate": -13.52,
            "research_to_sale_ratio": 4.12,
            "price_fair": 98.79,
            "eps_avg_yearly": 2.82,
            "eps_latest_yearly": 5.08,
            "eps_growth_yearly": 63.85
        },
        "20154": {
            "year_quarter": 20154,
            "year": 2015,
            "quarter": 4,
            "eps": 1.12,
            "eps_growth_year": 11.3,
            "eps_4q": 3.51,
            "eps_4q_growth_year": -32.95,
            "roe": 2.45,
            "roe_4q": 7.76,
            "gross_profit": 2613354,
            "gross_margin": 15.3,
            "gross_margin_4q_avg": 13.7,
            "net_income": 625026,
            "net_income_4q": null,
            "revenue": 17078134,
            "revenue_4q": null,
            "common_shares": 5430289,
            "book_valuer_per_share": 42.85,
            "book_valuer_per_share_4q_avg": 42.2,
            "equity": 25662012,
            "current_ratio": 157.89,
            "debt_ratio": 52.34,
            "inventory_turnover_ratio": 1.76,
            "account_receivable_turnover_ratio": 0.72,
            "reinvestment_rate": -12.15,
            "research_to_sale_ratio": 4.85,
            "price_fair": 105.26,
            "eps_avg_yearly": 3.01,
            "eps_latest_yearly": 4.48,
            "eps_growth_yearly": 67.27
        },
        "20161": {
            "year_quarter": 20161,
            "year": 2016,
            "quarter": 1,
            "eps": 0.59,
            "eps_growth_year": 9.26,
            "eps_4q": 3.57,
            "eps_4q_growth_year": -27.71,
            "roe": 1.1,
            "roe_4q": 7.72,
            "gross_profit": 2064088,
            "gross_margin": 14.85,
            "gross_margin_4q_avg": 14.43,
            "net_income": 282805,
            "net_income_4q": null,
            "revenue": 13896157,
            "revenue_4q": null,
            "common_shares": 5430289,
            "book_valuer_per_share": 42.79,
            "book_valuer_per_share_4q_avg": 42.05,
            "equity": 25561002,
            "current_ratio": 173.18,
            "debt_ratio": 46.06,
            "inventory_turnover_ratio": 1.66,
            "account_receivable_turnover_ratio": 0.82,
            "reinvestment_rate": -11.21,
            "research_to_sale_ratio": 5.43,
            "price_fair": 107.89,
            "eps_avg_yearly": 3.08,
            "eps_latest_yearly": 2.36,
            "eps_growth_yearly": 61.36
        },
        "20162": {
            "year_quarter": 20162,
            "year": 2016,
            "quarter": 2,
            "eps": 0.54,
            "eps_growth_year": -6.9,
            "eps_4q": 3.52,
            "eps_4q_growth_year": -12.58,
            "roe": 0.93,
            "roe_4q": 7.3500000000000005,
            "gross_profit": 2113315,
            "gross_margin": 15.57,
            "gross_margin_4q_avg": 15.27,
            "net_income": 232543,
            "net_income_4q": null,
            "revenue": 13572451,
            "revenue_4q": null,
            "common_shares": 5430289,
            "book_valuer_per_share": 41.03,
            "book_valuer_per_share_4q_avg": 42.27,
            "equity": 24496004,
            "current_ratio": 171.23,
            "debt_ratio": 46.75,
            "inventory_turnover_ratio": 1.65,
            "account_receivable_turnover_ratio": 0.98,
            "reinvestment_rate": -19.53,
            "research_to_sale_ratio": 5.63,
            "price_fair": 109.55,
            "eps_avg_yearly": 3.13,
            "eps_latest_yearly": 2.16,
            "eps_growth_yearly": 54.07
        },
        "20163": {
            "year_quarter": 20163,
            "year": 2016,
            "quarter": 3,
            "eps": 1.35,
            "eps_growth_year": 6.3,
            "eps_4q": 4.19,
            "eps_4q_growth_year": 23.54,
            "roe": 2.39,
            "roe_4q": 6.87,
            "gross_profit": 2473394,
            "gross_margin": 16.74,
            "gross_margin_4q_avg": 15.62,
            "net_income": 571220,
            "net_income_4q": null,
            "revenue": 14777889,
            "revenue_4q": null,
            "common_shares": 4344231,
            "book_valuer_per_share": 48.59,
            "book_valuer_per_share_4q_avg": 43.82,
            "equity": 23242057,
            "current_ratio": 158.7,
            "debt_ratio": 51.5,
            "inventory_turnover_ratio": 1.81,
            "account_receivable_turnover_ratio": 0.97,
            "reinvestment_rate": -22.44,
            "research_to_sale_ratio": 4.99,
            "price_fair": 118.65,
            "eps_avg_yearly": 3.39,
            "eps_latest_yearly": 5.4,
            "eps_growth_yearly": 94.43
        },
        "20164": {
            "year_quarter": 20164,
            "year": 2016,
            "quarter": 4,
            "eps": 1.73,
            "eps_growth_year": 54.33,
            "eps_4q": 4.52,
            "eps_4q_growth_year": 28.9,
            "roe": 3.15,
            "roe_4q": 7.57,
            "gross_profit": 2883521,
            "gross_margin": 19.47,
            "gross_margin_4q_avg": 16.66,
            "net_income": 739525,
            "net_income_4q": null,
            "revenue": 14811168,
            "revenue_4q": null,
            "common_shares": 4344231,
            "book_valuer_per_share": 49.8,
            "book_valuer_per_share_4q_avg": 45.55,
            "equity": 23754675,
            "current_ratio": 158.24,
            "debt_ratio": 52.82,
            "inventory_turnover_ratio": 1.69,
            "account_receivable_turnover_ratio": 0.86,
            "reinvestment_rate": -24.12,
            "research_to_sale_ratio": 5.4,
            "price_fair": 131.34,
            "eps_avg_yearly": 3.75,
            "eps_latest_yearly": 6.92,
            "eps_growth_yearly": 103.89
        },
        "20171": {
            "year_quarter": 20171,
            "year": 2017,
            "quarter": 1,
            "eps": 0.64,
            "eps_growth_year": 8.47,
            "eps_4q": 4.42,
            "eps_4q_growth_year": 23.93,
            "roe": 1.02,
            "roe_4q": 7.49,
            "gross_profit": 1957117,
            "gross_margin": 16.01,
            "gross_margin_4q_avg": 16.95,
            "net_income": 238393,
            "net_income_4q": null,
            "revenue": 12225573,
            "revenue_4q": null,
            "common_shares": 4344231,
            "book_valuer_per_share": 47.96,
            "book_valuer_per_share_4q_avg": 46.85,
            "equity": 22770518,
            "current_ratio": 163.69,
            "debt_ratio": 50.84,
            "inventory_turnover_ratio": 1.43,
            "account_receivable_turnover_ratio": 0.81,
            "reinvestment_rate": -28.6,
            "research_to_sale_ratio": 5.63,
            "price_fair": 132.65,
            "eps_avg_yearly": 3.79,
            "eps_latest_yearly": 2.56,
            "eps_growth_yearly": 69.39
        },
        "20172": {
            "year_quarter": 20172,
            "year": 2017,
            "quarter": 2,
            "eps": 0.6,
            "eps_growth_year": 11.11,
            "eps_4q": 4.35,
            "eps_4q_growth_year": 23.45,
            "roe": 1.09,
            "roe_4q": 7.65,
            "gross_profit": 2051315,
            "gross_margin": 17.19,
            "gross_margin_4q_avg": 17.35,
            "net_income": 243238,
            "net_income_4q": null,
            "revenue": 11931842,
            "revenue_4q": null,
            "common_shares": 4344231,
            "book_valuer_per_share": 45.97,
            "book_valuer_per_share_4q_avg": 48.08,
            "equity": 21888260,
            "current_ratio": 159.84,
            "debt_ratio": 51.81,
            "inventory_turnover_ratio": 1.38,
            "account_receivable_turnover_ratio": 0.94,
            "reinvestment_rate": -29.51,
            "research_to_sale_ratio": 6.26,
            "price_fair": 133.53,
            "eps_avg_yearly": 3.82,
            "eps_latest_yearly": 2.4,
            "eps_growth_yearly": 67.31
        },
        "20173": {
            "year_quarter": 20173,
            "year": 2017,
            "quarter": 3,
            "eps": 0.96,
            "eps_growth_year": -28.89,
            "eps_4q": 3.93,
            "eps_4q_growth_year": -6.34,
            "roe": 1.83,
            "roe_4q": 7.09,
            "gross_profit": 2287951,
            "gross_margin": 16.47,
            "gross_margin_4q_avg": 17.29,
            "net_income": 408119,
            "net_income_4q": null,
            "revenue": 13893039,
            "revenue_4q": null,
            "common_shares": 4344231,
            "book_valuer_per_share": 47.74,
            "book_valuer_per_share_4q_avg": 47.87,
            "equity": 22709825,
            "current_ratio": 156.52,
            "debt_ratio": 55.05,
            "inventory_turnover_ratio": 1.5,
            "account_receivable_turnover_ratio": 0.93,
            "reinvestment_rate": -28.82,
            "research_to_sale_ratio": 5.48,
            "price_fair": 136.24,
            "eps_avg_yearly": 3.89,
            "eps_latest_yearly": 3.84,
            "eps_growth_yearly": 74.81
        },
        "20174": {
            "year_quarter": 20174,
            "year": 2017,
            "quarter": 4,
            "eps": 1.83,
            "eps_growth_year": 5.9,
            "eps_4q": 4.03,
            "eps_4q_growth_year": -10.89,
            "roe": 3.52,
            "roe_4q": 7.459999999999999,
            "gross_profit": 2794135,
            "gross_margin": 18.56,
            "gross_margin_4q_avg": 17.06,
            "net_income": 814828,
            "net_income_4q": null,
            "revenue": 15054849,
            "revenue_4q": null,
            "common_shares": 4344231,
            "book_valuer_per_share": 49.56,
            "book_valuer_per_share_4q_avg": 47.81,
            "equity": 23546661,
            "current_ratio": 158.37,
            "debt_ratio": 54.73,
            "inventory_turnover_ratio": 1.51,
            "account_receivable_turnover_ratio": 0.89,
            "reinvestment_rate": -31.79,
            "research_to_sale_ratio": 5.51,
            "price_fair": 143.15,
            "eps_avg_yearly": 4.09,
            "eps_latest_yearly": 7.32,
            "eps_growth_yearly": 82.47
        },
        "20181": {
            "year_quarter": 20181,
            "year": 2018,
            "quarter": 1,
            "eps": 0.45,
            "eps_growth_year": -29.69,
            "eps_4q": 3.84,
            "eps_4q_growth_year": -13.16,
            "roe": 0.85,
            "roe_4q": 7.29,
            "gross_profit": 1981930,
            "gross_margin": 16.02,
            "gross_margin_4q_avg": 17.06,
            "net_income": 202931,
            "net_income_4q": null,
            "revenue": 12374645,
            "revenue_4q": null,
            "common_shares": 4344231,
            "book_valuer_per_share": 50.87,
            "book_valuer_per_share_4q_avg": 48.54,
            "equity": 24083405,
            "current_ratio": 172.01,
            "debt_ratio": 49.6,
            "inventory_turnover_ratio": 1.29,
            "account_receivable_turnover_ratio": 0.85,
            "reinvestment_rate": -35.46,
            "research_to_sale_ratio": 5.92,
            "price_fair": 141.58,
            "eps_avg_yearly": 4.05,
            "eps_latest_yearly": 1.8,
            "eps_growth_yearly": 73.47
        },
        "20182": {
            "year_quarter": 20182,
            "year": 2018,
            "quarter": 2,
            "eps": 1.04,
            "eps_growth_year": 73.33,
            "eps_4q": 4.29,
            "eps_4q_growth_year": -1.35,
            "roe": 2.03,
            "roe_4q": 8.23,
            "gross_profit": 2537667,
            "gross_margin": 18.2,
            "gross_margin_4q_avg": 17.31,
            "net_income": 481847,
            "net_income_4q": null,
            "revenue": 13946415,
            "revenue_4q": null,
            "common_shares": 4344231,
            "book_valuer_per_share": 49.14,
            "book_valuer_per_share_4q_avg": 49.33,
            "equity": 23380177,
            "current_ratio": 164.2,
            "debt_ratio": 52.19,
            "inventory_turnover_ratio": 1.49,
            "account_receivable_turnover_ratio": 1.06,
            "reinvestment_rate": -35.2,
            "research_to_sale_ratio": 6.19,
            "price_fair": 140.88,
            "eps_avg_yearly": 4.03,
            "eps_latest_yearly": 4.16,
            "eps_growth_yearly": 86.81
        },
        "20183": {
            "year_quarter": 20183,
            "year": 2018,
            "quarter": 3,
            "eps": 1.55,
            "eps_growth_year": 61.46,
            "eps_4q": 4.87,
            "eps_4q_growth_year": 24.1,
            "roe": 3.15,
            "roe_4q": 9.549999999999999,
            "gross_profit": 2981997,
            "gross_margin": 19.96,
            "gross_margin_4q_avg": 18.19,
            "net_income": 737438,
            "net_income_4q": null,
            "revenue": 14938117,
            "revenue_4q": null,
            "common_shares": 4344231,
            "book_valuer_per_share": 49.36,
            "book_valuer_per_share_4q_avg": 49.73,
            "equity": 23483038,
            "current_ratio": 162.2,
            "debt_ratio": 53.02,
            "inventory_turnover_ratio": 1.53,
            "account_receivable_turnover_ratio": 1.06,
            "reinvestment_rate": -43,
            "research_to_sale_ratio": 6.2,
            "price_fair": 138.25,
            "eps_avg_yearly": 3.95,
            "eps_latest_yearly": 6.2,
            "eps_growth_yearly": 82.77
        },
        "20184": {
            "year_quarter": 20184,
            "year": 2018,
            "quarter": 4,
            "eps": 1.61,
            "eps_growth_year": -12.24,
            "eps_4q": 4.65,
            "eps_4q_growth_year": 15.4,
            "roe": 2.96,
            "roe_4q": 8.989999999999998,
            "gross_profit": 2868276,
            "gross_margin": 19.9,
            "gross_margin_4q_avg": 18.52,
            "net_income": 705968,
            "net_income_4q": null,
            "revenue": 14413756,
            "revenue_4q": null,
            "common_shares": 4344231,
            "book_valuer_per_share": 51.11,
            "book_valuer_per_share_4q_avg": 50.12,
            "equity": 24265653,
            "current_ratio": 172.37,
            "debt_ratio": 49.49,
            "inventory_turnover_ratio": 1.41,
            "account_receivable_turnover_ratio": 1.02,
            "reinvestment_rate": -44.56,
            "research_to_sale_ratio": 6.59,
            "price_fair": 143.5,
            "eps_avg_yearly": 4.1,
            "eps_latest_yearly": 6.44,
            "eps_growth_yearly": 95.09
        },
        "20191": {
            "year_quarter": 20191,
            "year": 2019,
            "quarter": 1,
            "eps": 0.22,
            "eps_growth_year": -51.11,
            "eps_4q": 4.42,
            "eps_4q_growth_year": 15.23,
            "roe": 0.41,
            "roe_4q": 8.549999999999999,
            "gross_profit": 1841141,
            "gross_margin": 16.33,
            "gross_margin_4q_avg": 18.6,
            "net_income": 100728,
            "net_income_4q": null,
            "revenue": 11273976,
            "revenue_4q": null,
            "common_shares": 4344231,
            "book_valuer_per_share": 52.63,
            "book_valuer_per_share_4q_avg": 50.56,
            "equity": 25009218,
            "current_ratio": 180.45,
            "debt_ratio": 48.33,
            "inventory_turnover_ratio": 1.23,
            "account_receivable_turnover_ratio": 0.92,
            "reinvestment_rate": -42.81,
            "research_to_sale_ratio": 6.99,
            "price_fair": 140.7,
            "eps_avg_yearly": 4.02,
            "eps_latest_yearly": 0.88,
            "eps_growth_yearly": 85.14
        },
        "20192": {
            "year_quarter": 20192,
            "year": 2019,
            "quarter": 2,
            "eps": 0.45,
            "eps_growth_year": -56.73,
            "eps_4q": 3.82,
            "eps_4q_growth_year": -10.81,
            "roe": 0.91,
            "roe_4q": 7.43,
            "gross_profit": 2175167,
            "gross_margin": 19.14,
            "gross_margin_4q_avg": 18.83,
            "net_income": 220828,
            "net_income_4q": null,
            "revenue": 11362492,
            "revenue_4q": null,
            "common_shares": 4344231,
            "book_valuer_per_share": 49.38,
            "book_valuer_per_share_4q_avg": 50.62,
            "equity": 23639712,
            "current_ratio": 167.59,
            "debt_ratio": 51.17,
            "inventory_turnover_ratio": 1.24,
            "account_receivable_turnover_ratio": 1.03,
            "reinvestment_rate": -32.41,
            "research_to_sale_ratio": 7.55,
            "price_fair": 139.56,
            "eps_avg_yearly": 3.99,
            "eps_latest_yearly": 1.8,
            "eps_growth_yearly": 109.42
        },
        "20193": {
            "year_quarter": 20193,
            "year": 2019,
            "quarter": 3,
            "eps": 1.08,
            "eps_growth_year": -30.32,
            "eps_4q": 3.36,
            "eps_4q_growth_year": -31.06,
            "roe": 2.03,
            "roe_4q": 6.3100000000000005,
            "gross_profit": 2402416,
            "gross_margin": 18.49,
            "gross_margin_4q_avg": 18.47,
            "net_income": 479248,
            "net_income_4q": null,
            "revenue": 12990387,
            "revenue_4q": null,
            "common_shares": 4344231,
            "book_valuer_per_share": 49.26,
            "book_valuer_per_share_4q_avg": 50.6,
            "equity": 23608921,
            "current_ratio": 156.76,
            "debt_ratio": 54.78,
            "inventory_turnover_ratio": 1.45,
            "account_receivable_turnover_ratio": 1.08,
            "reinvestment_rate": -36.19,
            "research_to_sale_ratio": 6.9,
            "price_fair": 137.9,
            "eps_avg_yearly": 3.94,
            "eps_latest_yearly": 4.32,
            "eps_growth_yearly": 114.68
        },
        "20194": {
            "year_quarter": 20194,
            "year": 2019,
            "quarter": 4,
            "eps": 0.9,
            "eps_growth_year": -43.97,
            "eps_4q": 2.65,
            "eps_4q_growth_year": -42.92,
            "roe": 1.52,
            "roe_4q": 4.87,
            "gross_profit": 2387722,
            "gross_margin": 18.25,
            "gross_margin_4q_avg": 18.05,
            "net_income": 357503,
            "net_income_4q": null,
            "revenue": 13084404,
            "revenue_4q": null,
            "common_shares": 4344231,
            "book_valuer_per_share": 49.22,
            "book_valuer_per_share_4q_avg": 50.12,
            "equity": 23552560,
            "current_ratio": 163.28,
            "debt_ratio": 52.25,
            "inventory_turnover_ratio": 1.6,
            "account_receivable_turnover_ratio": 1.06,
            "reinvestment_rate": -33.16,
            "research_to_sale_ratio": 6.96,
            "price_fair": 135.98,
            "eps_avg_yearly": 3.89,
            "eps_latest_yearly": 3.6,
            "eps_growth_yearly": 113.47
        },
        "20201": {
            "year_quarter": 20201,
            "year": 2020,
            "quarter": 1,
            "eps": 0.01,
            "eps_growth_year": -95.45,
            "eps_4q": 2.45,
            "eps_4q_growth_year": -44.61,
            "roe": -0.25,
            "roe_4q": 4.21,
            "gross_profit": 1324163,
            "gross_margin": 15.82,
            "gross_margin_4q_avg": 17.93,
            "net_income": -58256,
            "net_income_4q": null,
            "revenue": 8368637,
            "revenue_4q": null,
            "common_shares": 4344231,
            "book_valuer_per_share": 46.79,
            "book_valuer_per_share_4q_avg": 48.66,
            "equity": 22430318,
            "current_ratio": 166.57,
            "debt_ratio": 50.52,
            "inventory_turnover_ratio": 1.2,
            "account_receivable_turnover_ratio": 0.84,
            "reinvestment_rate": -31.3,
            "research_to_sale_ratio": 8.36,
            "price_fair": 130.9,
            "eps_avg_yearly": 3.74,
            "eps_latest_yearly": 0.04,
            "eps_growth_yearly": 100.58
        },
        "20202": {
            "year_quarter": 20202,
            "year": 2020,
            "quarter": 2,
            "eps": 1.27,
            "eps_growth_year": 182.22,
            "eps_4q": 3.27,
            "eps_4q_growth_year": -14.46,
            "roe": 2.33,
            "roe_4q": 5.63,
            "gross_profit": 1966607,
            "gross_margin": 18.49,
            "gross_margin_4q_avg": 17.76,
            "net_income": 525092,
            "net_income_4q": null,
            "revenue": 10635432,
            "revenue_4q": null,
            "common_shares": 4344231,
            "book_valuer_per_share": 47.29,
            "book_valuer_per_share_4q_avg": 48.14,
            "equity": 22611893,
            "current_ratio": 169.37,
            "debt_ratio": 50.23,
            "inventory_turnover_ratio": 1.59,
            "account_receivable_turnover_ratio": 1.12,
            "reinvestment_rate": -24.97,
            "research_to_sale_ratio": 7.37,
            "price_fair": 137.29,
            "eps_avg_yearly": 3.92,
            "eps_latest_yearly": 5.08,
            "eps_growth_yearly": 3252.7
        },
        "20203": {
            "year_quarter": 20203,
            "year": 2020,
            "quarter": 3,
            "eps": 1.35,
            "eps_growth_year": 25,
            "eps_4q": 3.53,
            "eps_4q_growth_year": 5.03,
            "roe": 2.38,
            "roe_4q": 5.98,
            "gross_profit": 2104809,
            "gross_margin": 17.63,
            "gross_margin_4q_avg": 17.55,
            "net_income": 552686,
            "net_income_4q": null,
            "revenue": 11940586,
            "revenue_4q": null,
            "common_shares": 4344231,
            "book_valuer_per_share": 50.09,
            "book_valuer_per_share_4q_avg": 48.35,
            "equity": 23822375,
            "current_ratio": 171.43,
            "debt_ratio": 49.9,
            "inventory_turnover_ratio": 1.77,
            "account_receivable_turnover_ratio": 1.02,
            "reinvestment_rate": -19.03,
            "research_to_sale_ratio": 6.95,
            "price_fair": 137.29,
            "eps_avg_yearly": 3.92,
            "eps_latest_yearly": 5.4,
            "eps_growth_yearly": 3216.77
        },
        "20204": {
            "year_quarter": 20204,
            "year": 2020,
            "quarter": 4,
            "eps": 0.96,
            "eps_growth_year": 6.92,
            "eps_4q": 3.59,
            "eps_4q_growth_year": 35.33,
            "roe": 1.54,
            "roe_4q": 6,
            "gross_profit": 2011178,
            "gross_margin": 17.5,
            "gross_margin_4q_avg": 17.36,
            "net_income": 375634,
            "net_income_4q": null,
            "revenue": 11493681,
            "revenue_4q": null,
            "common_shares": 4344231,
            "book_valuer_per_share": 52.7,
            "book_valuer_per_share_4q_avg": 49.22,
            "equity": 24939435,
            "current_ratio": 180.04,
            "debt_ratio": 47.25,
            "inventory_turnover_ratio": 1.76,
            "account_receivable_turnover_ratio": 0.95,
            "reinvestment_rate": -11.59,
            "research_to_sale_ratio": 7.31,
            "price_fair": 130.55,
            "eps_avg_yearly": 3.73,
            "eps_latest_yearly": 3.84,
            "eps_growth_yearly": 3202.51
        },
        "20211": {
            "year_quarter": 20211,
            "year": 2021,
            "quarter": 1,
            "eps": 0.93,
            "eps_growth_year": 9200,
            "eps_4q": 4.97,
            "eps_4q_growth_year": 102.78,
            "roe": 1.56,
            "roe_4q": 7.8100000000000005,
            "gross_profit": 1657138,
            "gross_margin": 16.53,
            "gross_margin_4q_avg": 17.54,
            "net_income": 363453,
            "net_income_4q": null,
            "revenue": 10023287,
            "revenue_4q": null,
            "common_shares": 3909811,
            "book_valuer_per_share": 49.86,
            "book_valuer_per_share_4q_avg": 49.99,
            "equity": 21509498,
            "current_ratio": 149.48,
            "debt_ratio": 56.22,
            "inventory_turnover_ratio": 1.57,
            "account_receivable_turnover_ratio": 0.84,
            "reinvestment_rate": -3.62,
            "research_to_sale_ratio": 6.83,
            "price_fair": 133.09,
            "eps_avg_yearly": 3.8,
            "eps_latest_yearly": 3.72,
            "eps_growth_yearly": 3217.48
        },
        "20212": {
            "year_quarter": 20212,
            "year": 2021,
            "quarter": 2,
            "eps": 1.4,
            "eps_growth_year": 10.24,
            "eps_4q": 4.96,
            "eps_4q_growth_year": 51.6,
            "roe": 2.54,
            "roe_4q": 8.02,
            "gross_profit": 2147812,
            "gross_margin": 18.44,
            "gross_margin_4q_avg": 17.53,
            "net_income": 551806,
            "net_income_4q": null,
            "revenue": 11649533,
            "revenue_4q": null,
            "common_shares": 3909811,
            "book_valuer_per_share": 50.9,
            "book_valuer_per_share_4q_avg": 50.89,
            "equity": 21902203,
            "current_ratio": 136.76,
            "debt_ratio": 58.53,
            "inventory_turnover_ratio": 1.59,
            "account_receivable_turnover_ratio": 0.89,
            "reinvestment_rate": -2.67,
            "research_to_sale_ratio": 6.4,
            "price_fair": 140.09,
            "eps_avg_yearly": 4,
            "eps_latest_yearly": 5.6,
            "eps_growth_yearly": 3231.68
        },
        "20213": {
            "year_quarter": 20213,
            "year": 2021,
            "quarter": 3,
            "eps": 1.46,
            "eps_growth_year": 8.15,
            "eps_4q": 4.92,
            "eps_4q_growth_year": 39.31,
            "roe": 2.63,
            "roe_4q": 8.27,
            "gross_profit": 2343874,
            "gross_margin": 17.97,
            "gross_margin_4q_avg": 17.61,
            "net_income": 588632,
            "net_income_4q": null,
            "revenue": 13045893,
            "revenue_4q": null,
            "common_shares": 3909811,
            "book_valuer_per_share": 53.5,
            "book_valuer_per_share_4q_avg": 51.74,
            "equity": 22934501,
            "current_ratio": 132.35,
            "debt_ratio": 60.76,
            "inventory_turnover_ratio": 1.43,
            "account_receivable_turnover_ratio": 0.86,
            "reinvestment_rate": 0.68,
            "research_to_sale_ratio": 5.76,
            "price_fair": 144.46,
            "eps_avg_yearly": 4.13,
            "eps_latest_yearly": 5.84,
            "eps_growth_yearly": 3217.75
        },
        "20214": {
            "year_quarter": 20214,
            "year": 2021,
            "quarter": 4,
            "eps": 1.35,
            "eps_growth_year": 40.12,
            "eps_4q": 5.2,
            "eps_4q_growth_year": 44.66,
            "roe": 2.27,
            "roe_4q": 9,
            "gross_profit": 2582158,
            "gross_margin": 17.08,
            "gross_margin_4q_avg": 17.51,
            "net_income": 535389,
            "net_income_4q": null,
            "revenue": 15114655,
            "revenue_4q": null,
            "common_shares": 3909811,
            "book_valuer_per_share": 56.66,
            "book_valuer_per_share_4q_avg": 52.73,
            "equity": 24217001,
            "current_ratio": 139.23,
            "debt_ratio": 60.6,
            "inventory_turnover_ratio": 1.39,
            "account_receivable_turnover_ratio": 0.85,
            "reinvestment_rate": 7.12,
            "research_to_sale_ratio": 5.47,
            "price_fair": 140.26,
            "eps_avg_yearly": 4.01,
            "eps_latest_yearly": 5.4,
            "eps_growth_yearly": 3193.21
        },
        "20221": {
            "year_quarter": 20221,
            "year": 2022,
            "quarter": 1,
            "eps": 1.22,
            "eps_growth_year": 31.18,
            "eps_4q": 5.43,
            "eps_4q_growth_year": 9.39,
            "roe": 2.04,
            "roe_4q": 9.48,
            "gross_profit": 2015056,
            "gross_margin": 15.34,
            "gross_margin_4q_avg": 17.21,
            "net_income": 491016,
            "net_income_4q": null,
            "revenue": 13137908,
            "revenue_4q": null,
            "common_shares": 3909811,
            "book_valuer_per_share": 55.78,
            "book_valuer_per_share_4q_avg": 54.21,
            "equity": 23965442,
            "current_ratio": 142.21,
            "debt_ratio": 60.71,
            "inventory_turnover_ratio": 1.05,
            "account_receivable_turnover_ratio": 0.77,
            "reinvestment_rate": 14.44,
            "research_to_sale_ratio": 5.37,
            "price_fair": 147,
            "eps_avg_yearly": 4.2,
            "eps_latest_yearly": 4.88,
            "eps_growth_yearly": 3209.65
        },
        "20222": {
            "year_quarter": 20222,
            "year": 2022,
            "quarter": 2,
            "eps": 2.08,
            "eps_growth_year": 48.57,
            "eps_4q": 6.1,
            "eps_4q_growth_year": 23.11,
            "roe": 3.52,
            "roe_4q": 10.46,
            "gross_profit": 2546770,
            "gross_margin": 20.26,
            "gross_margin_4q_avg": 17.66,
            "net_income": 841155,
            "net_income_4q": null,
            "revenue": 12571086,
            "revenue_4q": null,
            "common_shares": 3909811,
            "book_valuer_per_share": 55.05,
            "book_valuer_per_share_4q_avg": 55.25,
            "equity": 23761662,
            "current_ratio": 137.05,
            "debt_ratio": 59.58,
            "inventory_turnover_ratio": 0.78,
            "account_receivable_turnover_ratio": 0.95,
            "reinvestment_rate": 15.92,
            "research_to_sale_ratio": 6.07,
            "price_fair": 156.1,
            "eps_avg_yearly": 4.46,
            "eps_latest_yearly": 8.32,
            "eps_growth_yearly": 3194.5
        },
        "20223": {
            "year_quarter": 20223,
            "year": 2022,
            "quarter": 3,
            "eps": 1.78,
            "eps_growth_year": 21.92,
            "eps_4q": 6.43,
            "eps_4q_growth_year": 30.79,
            "roe": 3.07,
            "roe_4q": 10.899999999999999,
            "gross_profit": 2689413,
            "gross_margin": 20.84,
            "gross_margin_4q_avg": 18.38,
            "net_income": 747035,
            "net_income_4q": null,
            "revenue": 12902980,
            "revenue_4q": null,
            "common_shares": 3909811,
            "book_valuer_per_share": 57.63,
            "book_valuer_per_share_4q_avg": 56.28,
            "equity": 24906492,
            "current_ratio": 155.23,
            "debt_ratio": 56.35,
            "inventory_turnover_ratio": 0.82,
            "account_receivable_turnover_ratio": 1.12,
            "reinvestment_rate": 20.87,
            "research_to_sale_ratio": 6.27,
            "price_fair": 158.11,
            "eps_avg_yearly": 4.52,
            "eps_latest_yearly": 7.12,
            "eps_growth_yearly": 3178.63
        },
        "20224": {
            "year_quarter": 20224,
            "year": 2022,
            "quarter": 4,
            "eps": 0.95,
            "eps_growth_year": -29.47,
            "eps_4q": 6.03,
            "eps_4q_growth_year": 16.11,
            "roe": 1.34,
            "roe_4q": 9.969999999999999,
            "gross_profit": 2202957,
            "gross_margin": 19.72,
            "gross_margin_4q_avg": 19.04,
            "net_income": 334228,
            "net_income_4q": null,
            "revenue": 11171183,
            "revenue_4q": null,
            "common_shares": 3909811,
            "book_valuer_per_share": 58.13,
            "book_valuer_per_share_4q_avg": 56.65,
            "equity": 25080484,
            "current_ratio": 155.63,
            "debt_ratio": 55.1,
            "inventory_turnover_ratio": 0.84,
            "account_receivable_turnover_ratio": 1.01,
            "reinvestment_rate": 22.12,
            "research_to_sale_ratio": 6.96,
            "price_fair": 152.34,
            "eps_avg_yearly": 4.35,
            "eps_latest_yearly": 3.8,
            "eps_growth_yearly": 3166.01
        },
        "20231": {
            "year_quarter": 20231,
            "year": 2023,
            "quarter": 1,
            "eps": 0.65,
            "eps_growth_year": -46.72,
            "eps_4q": 5.45,
            "eps_4q_growth_year": 0.4,
            "roe": 0.78,
            "roe_4q": 8.709999999999999,
            "gross_profit": 1602781,
            "gross_margin": 16.75,
            "gross_margin_4q_avg": 19.39,
            "net_income": 193347,
            "net_income_4q": null,
            "revenue": 9570785,
            "revenue_4q": null,
            "common_shares": 3909811,
            "book_valuer_per_share": 56.23,
            "book_valuer_per_share_4q_avg": 56.76,
            "equity": 24311996,
            "current_ratio": 157.76,
            "debt_ratio": 52.68,
            "inventory_turnover_ratio": 0.83,
            "account_receivable_turnover_ratio": 0.98,
            "reinvestment_rate": 24.06,
            "research_to_sale_ratio": 6.93,
            "price_fair": 156.1,
            "eps_avg_yearly": 4.46,
            "eps_latest_yearly": 2.6,
            "eps_growth_yearly": 3179.7
        },
        "20232": {
            "year_quarter": 20232,
            "year": 2023,
            "quarter": 2,
            "eps": 1.05,
            "eps_growth_year": -49.52,
            "eps_4q": 4.44,
            "eps_4q_growth_year": -27.32,
            "roe": 1.5,
            "roe_4q": 6.6899999999999995,
            "gross_profit": 2014860,
            "gross_margin": 20.92,
            "gross_margin_4q_avg": 19.56,
            "net_income": 365615,
            "net_income_4q": null,
            "revenue": 9633168,
            "revenue_4q": null,
            "common_shares": 3909811,
            "book_valuer_per_share": 56.63,
            "book_valuer_per_share_4q_avg": 57.16,
            "equity": 24407951,
            "current_ratio": 157.34,
            "debt_ratio": 52.49,
            "inventory_turnover_ratio": 0.9,
            "account_receivable_turnover_ratio": 1.02,
            "reinvestment_rate": 13.96,
            "research_to_sale_ratio": 7.83,
            "price_fair": 161.35,
            "eps_avg_yearly": 4.61,
            "eps_latest_yearly": 4.2,
            "eps_growth_yearly": 3168.95
        },
        "20233": {
            "year_quarter": 20233,
            "year": 2023,
            "quarter": 3,
            "eps": 1.2,
            "eps_growth_year": -32.58,
            "eps_4q": 3.85,
            "eps_4q_growth_year": -40.19,
            "roe": 1.66,
            "roe_4q": 5.28,
            "gross_profit": 2255802,
            "gross_margin": 21.69,
            "gross_margin_4q_avg": 19.77,
            "net_income": 421252,
            "net_income_4q": null,
            "revenue": 10399750,
            "revenue_4q": null,
            "common_shares": 3909811,
            "book_valuer_per_share": 61.28,
            "book_valuer_per_share_4q_avg": 58.07,
            "equity": 26201745,
            "current_ratio": 137.39,
            "debt_ratio": 54.15,
            "inventory_turnover_ratio": 1.01,
            "account_receivable_turnover_ratio": 0.94,
            "reinvestment_rate": 19.75,
            "research_to_sale_ratio": 7,
            "price_fair": 162.4,
            "eps_avg_yearly": 4.64,
            "eps_latest_yearly": 4.8,
            "eps_growth_yearly": 3137.52
        },
        "20234": {
            "year_quarter": 20234,
            "year": 2023,
            "quarter": 4,
            "eps": 0.66,
            "eps_growth_year": -30.11,
            "eps_4q": 3.56,
            "eps_4q_growth_year": -40.99,
            "roe": 0.86,
            "roe_4q": 4.8,
            "gross_profit": 1998258,
            "gross_margin": 20.21,
            "gross_margin_4q_avg": 19.89,
            "net_income": 221815,
            "net_income_4q": null,
            "revenue": 9888005,
            "revenue_4q": null,
            "common_shares": 3909811,
            "book_valuer_per_share": 60.07,
            "book_valuer_per_share_4q_avg": 58.55,
            "equity": 25647403,
            "current_ratio": 135.23,
            "debt_ratio": 53.87,
            "inventory_turnover_ratio": 0.95,
            "account_receivable_turnover_ratio": 0.88,
            "reinvestment_rate": 20.21,
            "research_to_sale_ratio": 7.65,
            "price_fair": 160.3,
            "eps_avg_yearly": 4.58,
            "eps_latest_yearly": 2.64,
            "eps_growth_yearly": 3130.44
        }
    },
    "months": {
        "2001-06": {
            "month": "2001-06",
            "price": "49.67",
            "revenue": 1009911
        },
        "2001-07": {
            "month": "2001-07",
            "price": "39.29",
            "revenue": 673969
        },
        "2001-08": {
            "month": "2001-08",
            "price": "33.65",
            "revenue": 750569
        },
        "2001-09": {
            "month": "2001-09",
            "price": "26.14",
            "revenue": 850707
        },
        "2001-10": {
            "month": "2001-10",
            "price": "24.14",
            "revenue": 1082716
        },
        "2001-11": {
            "month": "2001-11",
            "price": "35.09",
            "revenue": 1181020
        },
        "2001-12": {
            "month": "2001-12",
            "price": "57.38",
            "revenue": 1257302
        },
        "2002-01": {
            "month": "2002-01",
            "price": "75.07",
            "revenue": 1250443
        },
        "2002-02": {
            "month": "2002-02",
            "price": "88.38",
            "revenue": 1161868
        },
        "2002-03": {
            "month": "2002-03",
            "price": "81.86",
            "revenue": 1351668
        },
        "2002-04": {
            "month": "2002-04",
            "price": "74.95",
            "revenue": 1328672
        },
        "2002-05": {
            "month": "2002-05",
            "price": "63.23",
            "revenue": 1380077
        },
        "2002-06": {
            "month": "2002-06",
            "price": "51.06",
            "revenue": 1417182
        },
        "2002-07": {
            "month": "2002-07",
            "price": "43.78",
            "revenue": 1420953
        },
        "2002-08": {
            "month": "2002-08",
            "price": "45.84",
            "revenue": 1493768
        },
        "2002-09": {
            "month": "2002-09",
            "price": "40.35",
            "revenue": 1374827
        },
        "2002-10": {
            "month": "2002-10",
            "price": "37.85",
            "revenue": 1567644
        },
        "2002-11": {
            "month": "2002-11",
            "price": "37.92",
            "revenue": 1623884
        },
        "2002-12": {
            "month": "2002-12",
            "price": "34.06",
            "revenue": 1731461
        },
        "2003-01": {
            "month": "2003-01",
            "price": "31.79",
            "revenue": 1549247
        },
        "2003-02": {
            "month": "2003-02",
            "price": "28.58",
            "revenue": 1268593
        },
        "2003-03": {
            "month": "2003-03",
            "price": "25.46",
            "revenue": 1857798
        },
        "2003-04": {
            "month": "2003-04",
            "price": "27.31",
            "revenue": 1847439
        },
        "2003-05": {
            "month": "2003-05",
            "price": "22.41",
            "revenue": 1618218
        },
        "2003-06": {
            "month": "2003-06",
            "price": "25.45",
            "revenue": 1581623
        },
        "2003-07": {
            "month": "2003-07",
            "price": "26.72",
            "revenue": 1599528
        },
        "2003-08": {
            "month": "2003-08",
            "price": "24.11",
            "revenue": 1807097
        },
        "2003-09": {
            "month": "2003-09",
            "price": "24.81",
            "revenue": 2305979
        },
        "2003-10": {
            "month": "2003-10",
            "price": "24.85",
            "revenue": 2482964
        },
        "2003-11": {
            "month": "2003-11",
            "price": "25.20",
            "revenue": 2926425
        },
        "2003-12": {
            "month": "2003-12",
            "price": "30.82",
            "revenue": 2902417
        },
        "2004-01": {
            "month": "2004-01",
            "price": "35.22",
            "revenue": 2570110
        },
        "2004-02": {
            "month": "2004-02",
            "price": "41.43",
            "revenue": 2673577
        },
        "2004-03": {
            "month": "2004-03",
            "price": "41.12",
            "revenue": 3650507
        },
        "2004-04": {
            "month": "2004-04",
            "price": "49.49",
            "revenue": 3815403
        },
        "2004-05": {
            "month": "2004-05",
            "price": "45.94",
            "revenue": 3583897
        },
        "2004-06": {
            "month": "2004-06",
            "price": "39.00",
            "revenue": 3840121
        },
        "2004-07": {
            "month": "2004-07",
            "price": "34.36",
            "revenue": 3321754
        },
        "2004-08": {
            "month": "2004-08",
            "price": "31.71",
            "revenue": 2989485
        },
        "2004-09": {
            "month": "2004-09",
            "price": "31.60",
            "revenue": 3346136
        },
        "2004-10": {
            "month": "2004-10",
            "price": "26.72",
            "revenue": 3735289
        },
        "2004-11": {
            "month": "2004-11",
            "price": "29.36",
            "revenue": 3988029
        },
        "2004-12": {
            "month": "2004-12",
            "price": "30.90",
            "revenue": 3579177
        },
        "2005-01": {
            "month": "2005-01",
            "price": "31.66",
            "revenue": 3155992
        },
        "2005-02": {
            "month": "2005-02",
            "price": "38.82",
            "revenue": 3017310
        },
        "2005-03": {
            "month": "2005-03",
            "price": "38.45",
            "revenue": 3454557
        },
        "2005-04": {
            "month": "2005-04",
            "price": "43.76",
            "revenue": 3289910
        },
        "2005-05": {
            "month": "2005-05",
            "price": "43.19",
            "revenue": 3448448
        },
        "2005-06": {
            "month": "2005-06",
            "price": "44.58",
            "revenue": 3125467
        },
        "2005-07": {
            "month": "2005-07",
            "price": "47.30",
            "revenue": 3297639
        },
        "2005-08": {
            "month": "2005-08",
            "price": "41.08",
            "revenue": 3710510
        },
        "2005-09": {
            "month": "2005-09",
            "price": "38.98",
            "revenue": 4103552
        },
        "2005-10": {
            "month": "2005-10",
            "price": "36.28",
            "revenue": 4436007
        },
        "2005-11": {
            "month": "2005-11",
            "price": "41.29",
            "revenue": 4671183
        },
        "2005-12": {
            "month": "2005-12",
            "price": "46.12",
            "revenue": 5651827
        },
        "2006-01": {
            "month": "2006-01",
            "price": "51.17",
            "revenue": 4507167
        },
        "2006-02": {
            "month": "2006-02",
            "price": "55.27",
            "revenue": 4057074
        },
        "2006-03": {
            "month": "2006-03",
            "price": "56.45",
            "revenue": 4951801
        },
        "2006-04": {
            "month": "2006-04",
            "price": "57.64",
            "revenue": 3365614
        },
        "2006-05": {
            "month": "2006-05",
            "price": "56.59",
            "revenue": 3402905
        },
        "2006-06": {
            "month": "2006-06",
            "price": "45.58",
            "revenue": 3377473
        },
        "2006-07": {
            "month": "2006-07",
            "price": "44.77",
            "revenue": 2988111
        },
        "2006-08": {
            "month": "2006-08",
            "price": "41.11",
            "revenue": 3898117
        },
        "2006-09": {
            "month": "2006-09",
            "price": "41.29",
            "revenue": 4518418
        },
        "2006-10": {
            "month": "2006-10",
            "price": "40.68",
            "revenue": 4749808
        },
        "2006-11": {
            "month": "2006-11",
            "price": "41.63",
            "revenue": 4429905
        },
        "2006-12": {
            "month": "2006-12",
            "price": "42.03",
            "revenue": 3688082
        },
        "2007-01": {
            "month": "2007-01",
            "price": "43.89",
            "revenue": 3740521
        },
        "2007-02": {
            "month": "2007-02",
            "price": "45.28",
            "revenue": 3253460
        },
        "2007-03": {
            "month": "2007-03",
            "price": "44.72",
            "revenue": 2944598
        },
        "2007-04": {
            "month": "2007-04",
            "price": "51.72",
            "revenue": 2809300
        },
        "2007-05": {
            "month": "2007-05",
            "price": "52.75",
            "revenue": 3142662
        },
        "2007-06": {
            "month": "2007-06",
            "price": "55.95",
            "revenue": 3484632
        },
        "2007-07": {
            "month": "2007-07",
            "price": "58.34",
            "revenue": 3350162
        },
        "2007-08": {
            "month": "2007-08",
            "price": "50.53",
            "revenue": 3618896
        },
        "2007-09": {
            "month": "2007-09",
            "price": "48.61",
            "revenue": 4396940
        },
        "2007-10": {
            "month": "2007-10",
            "price": "51.70",
            "revenue": 4671649
        },
        "2007-11": {
            "month": "2007-11",
            "price": "47.22",
            "revenue": 4518606
        },
        "2007-12": {
            "month": "2007-12",
            "price": "41.95",
            "revenue": 3906291
        },
        "2008-01": {
            "month": "2008-01",
            "price": "36.85",
            "revenue": 3252377
        },
        "2008-02": {
            "month": "2008-02",
            "price": "36.70",
            "revenue": 3520311
        },
        "2008-03": {
            "month": "2008-03",
            "price": "36.00",
            "revenue": 4270156
        },
        "2008-04": {
            "month": "2008-04",
            "price": "37.85",
            "revenue": 3946664
        },
        "2008-05": {
            "month": "2008-05",
            "price": "38.52",
            "revenue": 3503582
        },
        "2008-06": {
            "month": "2008-06",
            "price": "35.21",
            "revenue": 3812347
        },
        "2008-07": {
            "month": "2008-07",
            "price": "32.16",
            "revenue": 3460271
        },
        "2008-08": {
            "month": "2008-08",
            "price": "30.51",
            "revenue": 4157876
        },
        "2008-09": {
            "month": "2008-09",
            "price": "28.93",
            "revenue": 4090328
        },
        "2008-10": {
            "month": "2008-10",
            "price": "22.12",
            "revenue": 2664965
        },
        "2008-11": {
            "month": "2008-11",
            "price": "16.84",
            "revenue": 1810139
        },
        "2008-12": {
            "month": "2008-12",
            "price": "16.77",
            "revenue": 1578185
        },
        "2009-01": {
            "month": "2009-01",
            "price": "17.62",
            "revenue": 1417046
        },
        "2009-02": {
            "month": "2009-02",
            "price": "18.28",
            "revenue": 1461694
        },
        "2009-03": {
            "month": "2009-03",
            "price": "19.99",
            "revenue": 1844330
        },
        "2009-04": {
            "month": "2009-04",
            "price": "24.33",
            "revenue": 2161031
        },
        "2009-05": {
            "month": "2009-05",
            "price": "34.09",
            "revenue": 2057829
        },
        "2009-06": {
            "month": "2009-06",
            "price": "34.02",
            "revenue": 2237543
        },
        "2009-07": {
            "month": "2009-07",
            "price": "36.97",
            "revenue": 2275719
        },
        "2009-08": {
            "month": "2009-08",
            "price": "38.43",
            "revenue": 2202862
        },
        "2009-09": {
            "month": "2009-09",
            "price": "40.32",
            "revenue": 2374383
        },
        "2009-10": {
            "month": "2009-10",
            "price": "39.08",
            "revenue": 8356395
        },
        "2009-11": {
            "month": "2009-11",
            "price": "39.05",
            "revenue": 8526144
        },
        "2009-12": {
            "month": "2009-12",
            "price": "43.81",
            "revenue": 7982849
        },
        "2010-01": {
            "month": "2010-01",
            "price": "47.88",
            "revenue": 7137238
        },
        "2010-02": {
            "month": "2010-02",
            "price": "44.46",
            "revenue": 6703002
        },
        "2010-03": {
            "month": "2010-03",
            "price": "46.83",
            "revenue": 7394053
        },
        "2010-04": {
            "month": "2010-04",
            "price": "45.73",
            "revenue": 8365591
        },
        "2010-05": {
            "month": "2010-05",
            "price": "47.17",
            "revenue": 8632623
        },
        "2010-06": {
            "month": "2010-06",
            "price": "46.76",
            "revenue": 8634570
        },
        "2010-07": {
            "month": "2010-07",
            "price": "44.66",
            "revenue": 8873880
        },
        "2010-08": {
            "month": "2010-08",
            "price": "45.84",
            "revenue": 8776568
        },
        "2010-09": {
            "month": "2010-09",
            "price": "46.78",
            "revenue": 8240571
        },
        "2010-10": {
            "month": "2010-10",
            "price": "48.20",
            "revenue": 6449506
        },
        "2010-11": {
            "month": "2010-11",
            "price": "44.95",
            "revenue": 6575602
        },
        "2010-12": {
            "month": "2010-12",
            "price": "48.21",
            "revenue": 6452880
        },
        "2011-01": {
            "month": "2011-01",
            "price": "47.73",
            "revenue": 5691410
        },
        "2011-02": {
            "month": "2011-02",
            "price": "48.09",
            "revenue": 6189556
        },
        "2011-03": {
            "month": "2011-03",
            "price": "47.75",
            "revenue": 8785175
        },
        "2011-04": {
            "month": "2011-04",
            "price": "46.83",
            "revenue": 5700602
        },
        "2011-05": {
            "month": "2011-05",
            "price": "44.15",
            "revenue": 6449376
        },
        "2011-06": {
            "month": "2011-06",
            "price": "45.27",
            "revenue": 6286754
        },
        "2011-07": {
            "month": "2011-07",
            "price": "37.07",
            "revenue": 6326743
        },
        "2011-08": {
            "month": "2011-08",
            "price": "27.82",
            "revenue": 6341946
        },
        "2011-09": {
            "month": "2011-09",
            "price": "25.69",
            "revenue": 6759182
        },
        "2011-10": {
            "month": "2011-10",
            "price": "22.63",
            "revenue": 6751559
        },
        "2011-11": {
            "month": "2011-11",
            "price": "23.99",
            "revenue": 5887869
        },
        "2011-12": {
            "month": "2011-12",
            "price": "19.42",
            "revenue": 5892519
        },
        "2012-01": {
            "month": "2012-01",
            "price": "22.41",
            "revenue": 5528359
        },
        "2012-02": {
            "month": "2012-02",
            "price": "26.49",
            "revenue": 5532981
        },
        "2012-03": {
            "month": "2012-03",
            "price": "27.71",
            "revenue": 5419405
        },
        "2012-04": {
            "month": "2012-04",
            "price": "25.62",
            "revenue": 5819457
        },
        "2012-05": {
            "month": "2012-05",
            "price": "26.12",
            "revenue": 6145975
        },
        "2012-06": {
            "month": "2012-06",
            "price": "27.08",
            "revenue": 6009654
        },
        "2012-07": {
            "month": "2012-07",
            "price": "25.83",
            "revenue": 5516162
        },
        "2012-08": {
            "month": "2012-08",
            "price": "27.14",
            "revenue": 5559405
        },
        "2012-09": {
            "month": "2012-09",
            "price": "28.58",
            "revenue": 5522630
        },
        "2012-10": {
            "month": "2012-10",
            "price": "25.08",
            "revenue": 5411417
        },
        "2012-11": {
            "month": "2012-11",
            "price": "20.63",
            "revenue": 5501170
        },
        "2012-12": {
            "month": "2012-12",
            "price": "22.09",
            "revenue": 5659674
        },
        "2013-01": {
            "month": "2013-01",
            "price": "23.01",
            "revenue": 5585655
        },
        "2013-02": {
            "month": "2013-02",
            "price": "23.29",
            "revenue": 4540480
        },
        "2013-03": {
            "month": "2013-03",
            "price": "22.57",
            "revenue": 5620981
        },
        "2013-04": {
            "month": "2013-04",
            "price": "22.29",
            "revenue": 5647450
        },
        "2013-05": {
            "month": "2013-05",
            "price": "25.06",
            "revenue": 5996490
        },
        "2013-06": {
            "month": "2013-06",
            "price": "25.63",
            "revenue": 6056853
        },
        "2013-07": {
            "month": "2013-07",
            "price": "24.52",
            "revenue": 6435077
        },
        "2013-08": {
            "month": "2013-08",
            "price": "25.97",
            "revenue": 5937996
        },
        "2013-09": {
            "month": "2013-09",
            "price": "25.18",
            "revenue": 6436534
        },
        "2013-10": {
            "month": "2013-10",
            "price": "24.97",
            "revenue": 6594309
        },
        "2013-11": {
            "month": "2013-11",
            "price": "26.20",
            "revenue": 7021781
        },
        "2013-12": {
            "month": "2013-12",
            "price": "28.15",
            "revenue": 6875371
        },
        "2014-01": {
            "month": "2014-01",
            "price": "28.84",
            "revenue": 6724284
        },
        "2014-02": {
            "month": "2014-02",
            "price": "29.83",
            "revenue": 5965677
        },
        "2014-03": {
            "month": "2014-03",
            "price": "33.98",
            "revenue": 6416398
        },
        "2014-04": {
            "month": "2014-04",
            "price": "36.95",
            "revenue": 6832039
        },
        "2014-05": {
            "month": "2014-05",
            "price": "34.68",
            "revenue": 7032519
        },
        "2014-06": {
            "month": "2014-06",
            "price": "34.12",
            "revenue": 7178136
        },
        "2014-07": {
            "month": "2014-07",
            "price": "34.36",
            "revenue": 7242216
        },
        "2014-08": {
            "month": "2014-08",
            "price": "40.07",
            "revenue": 7411219
        },
        "2014-09": {
            "month": "2014-09",
            "price": "48.86",
            "revenue": 7024359
        },
        "2014-10": {
            "month": "2014-10",
            "price": "46.32",
            "revenue": 6759723
        },
        "2014-11": {
            "month": "2014-11",
            "price": "45.26",
            "revenue": 6188109
        },
        "2014-12": {
            "month": "2014-12",
            "price": "43.07",
            "revenue": 6403308
        },
        "2015-01": {
            "month": "2015-01",
            "price": "43.87",
            "revenue": 5719375
        },
        "2015-02": {
            "month": "2015-02",
            "price": "46.56",
            "revenue": 4483407
        },
        "2015-03": {
            "month": "2015-03",
            "price": "48.41",
            "revenue": 5604310
        },
        "2015-04": {
            "month": "2015-04",
            "price": "45.90",
            "revenue": 5493134
        },
        "2015-05": {
            "month": "2015-05",
            "price": "38.94",
            "revenue": 5683822
        },
        "2015-06": {
            "month": "2015-06",
            "price": "36.99",
            "revenue": 5761793
        },
        "2015-07": {
            "month": "2015-07",
            "price": "28.85",
            "revenue": 5596184
        },
        "2015-08": {
            "month": "2015-08",
            "price": "25.32",
            "revenue": 6148404
        },
        "2015-09": {
            "month": "2015-09",
            "price": "28.63",
            "revenue": 6591478
        },
        "2015-10": {
            "month": "2015-10",
            "price": "30.52",
            "revenue": 6087819
        },
        "2015-11": {
            "month": "2015-11",
            "price": "31.60",
            "revenue": 5527939
        },
        "2015-12": {
            "month": "2015-12",
            "price": "28.02",
            "revenue": 5462376
        },
        "2016-01": {
            "month": "2016-01",
            "price": "26.30",
            "revenue": 4787294
        },
        "2016-02": {
            "month": "2016-02",
            "price": "29.52",
            "revenue": 4034557
        },
        "2016-03": {
            "month": "2016-03",
            "price": "33.59",
            "revenue": 5074307
        },
        "2016-04": {
            "month": "2016-04",
            "price": "30.68",
            "revenue": 4225412
        },
        "2016-05": {
            "month": "2016-05",
            "price": "29.10",
            "revenue": 4531286
        },
        "2016-06": {
            "month": "2016-06",
            "price": "29.79",
            "revenue": 4815752
        },
        "2016-07": {
            "month": "2016-07",
            "price": "28.72",
            "revenue": 4762507
        },
        "2016-08": {
            "month": "2016-08",
            "price": "32.25",
            "revenue": 4984430
        },
        "2016-09": {
            "month": "2016-09",
            "price": "34.88",
            "revenue": 5030953
        },
        "2016-10": {
            "month": "2016-10",
            "price": "32.92",
            "revenue": 4706849
        },
        "2016-11": {
            "month": "2016-11",
            "price": "32.65",
            "revenue": 5003929
        },
        "2016-12": {
            "month": "2016-12",
            "price": "34.00",
            "revenue": 5100390
        },
        "2017-01": {
            "month": "2017-01",
            "price": "34.09",
            "revenue": 4200846
        },
        "2017-02": {
            "month": "2017-02",
            "price": "38.47",
            "revenue": 3804642
        },
        "2017-03": {
            "month": "2017-03",
            "price": "44.35",
            "revenue": 4220085
        },
        "2017-04": {
            "month": "2017-04",
            "price": "43.78",
            "revenue": 3876967
        },
        "2017-05": {
            "month": "2017-05",
            "price": "41.88",
            "revenue": 3794997
        },
        "2017-06": {
            "month": "2017-06",
            "price": "41.43",
            "revenue": 4259878
        },
        "2017-07": {
            "month": "2017-07",
            "price": "39.12",
            "revenue": 4204151
        },
        "2017-08": {
            "month": "2017-08",
            "price": "36.93",
            "revenue": 4605382
        },
        "2017-09": {
            "month": "2017-09",
            "price": "36.15",
            "revenue": 5083506
        },
        "2017-10": {
            "month": "2017-10",
            "price": "36.24",
            "revenue": 4792778
        },
        "2017-11": {
            "month": "2017-11",
            "price": "34.43",
            "revenue": 5144940
        },
        "2017-12": {
            "month": "2017-12",
            "price": "33.53",
            "revenue": 5117131
        },
        "2018-01": {
            "month": "2018-01",
            "price": "35.58",
            "revenue": 4253472
        },
        "2018-02": {
            "month": "2018-02",
            "price": "42.21",
            "revenue": 3378962
        },
        "2018-03": {
            "month": "2018-03",
            "price": "43.98",
            "revenue": 4742212
        },
        "2018-04": {
            "month": "2018-04",
            "price": "43.53",
            "revenue": 4404064
        },
        "2018-05": {
            "month": "2018-05",
            "price": "39.17",
            "revenue": 4663172
        },
        "2018-06": {
            "month": "2018-06",
            "price": "41.96",
            "revenue": 4879178
        },
        "2018-07": {
            "month": "2018-07",
            "price": "42.22",
            "revenue": 4872918
        },
        "2018-08": {
            "month": "2018-08",
            "price": "51.01",
            "revenue": 5037663
        },
        "2018-09": {
            "month": "2018-09",
            "price": "54.55",
            "revenue": 5027536
        },
        "2018-10": {
            "month": "2018-10",
            "price": "48.06",
            "revenue": 4833196
        },
        "2018-11": {
            "month": "2018-11",
            "price": "41.23",
            "revenue": 4907114
        },
        "2018-12": {
            "month": "2018-12",
            "price": "39.81",
            "revenue": 4673446
        },
        "2019-01": {
            "month": "2019-01",
            "price": "40.94",
            "revenue": 4131141
        },
        "2019-02": {
            "month": "2019-02",
            "price": "46.20",
            "revenue": 3044701
        },
        "2019-03": {
            "month": "2019-03",
            "price": "46.60",
            "revenue": 4098134
        },
        "2019-04": {
            "month": "2019-04",
            "price": "48.82",
            "revenue": 3552472
        },
        "2019-05": {
            "month": "2019-05",
            "price": "40.45",
            "revenue": 3808845
        },
        "2019-06": {
            "month": "2019-06",
            "price": "41.64",
            "revenue": 4001175
        },
        "2019-07": {
            "month": "2019-07",
            "price": "43.89",
            "revenue": 4159769
        },
        "2019-08": {
            "month": "2019-08",
            "price": "38.05",
            "revenue": 4442209
        },
        "2019-09": {
            "month": "2019-09",
            "price": "38.38",
            "revenue": 4388409
        },
        "2019-10": {
            "month": "2019-10",
            "price": "37.74",
            "revenue": 4557178
        },
        "2019-11": {
            "month": "2019-11",
            "price": "38.71",
            "revenue": 4364485
        },
        "2019-12": {
            "month": "2019-12",
            "price": "39.21",
            "revenue": 4162741
        },
        "2020-01": {
            "month": "2020-01",
            "price": "38.12",
            "revenue": 3327682
        },
        "2020-02": {
            "month": "2020-02",
            "price": "36.35",
            "revenue": 1837838
        },
        "2020-03": {
            "month": "2020-03",
            "price": "31.08",
            "revenue": 3203117
        },
        "2020-04": {
            "month": "2020-04",
            "price": "31.10",
            "revenue": 3308607
        },
        "2020-05": {
            "month": "2020-05",
            "price": "31.30",
            "revenue": 3561955
        },
        "2020-06": {
            "month": "2020-06",
            "price": "31.93",
            "revenue": 3764870
        },
        "2020-07": {
            "month": "2020-07",
            "price": "33.27",
            "revenue": 3708880
        },
        "2020-08": {
            "month": "2020-08",
            "price": "35.50",
            "revenue": 3899228
        },
        "2020-09": {
            "month": "2020-09",
            "price": "34.79",
            "revenue": 4332478
        },
        "2020-10": {
            "month": "2020-10",
            "price": "34.04",
            "revenue": 3827792
        },
        "2020-11": {
            "month": "2020-11",
            "price": "34.73",
            "revenue": 3778884
        },
        "2020-12": {
            "month": "2020-12",
            "price": "36.63",
            "revenue": 3887005
        },
        "2021-01": {
            "month": "2021-01",
            "price": "39.17",
            "revenue": 3292870
        },
        "2021-02": {
            "month": "2021-02",
            "price": "45.78",
            "revenue": 2867886
        },
        "2021-03": {
            "month": "2021-03",
            "price": "51.74",
            "revenue": 3862531
        },
        "2021-04": {
            "month": "2021-04",
            "price": "59.92",
            "revenue": 3753779
        },
        "2021-05": {
            "month": "2021-05",
            "price": "57.22",
            "revenue": 3721766
        },
        "2021-06": {
            "month": "2021-06",
            "price": "61.21",
            "revenue": 4173988
        },
        "2021-07": {
            "month": "2021-07",
            "price": "60.35",
            "revenue": 4020241
        },
        "2021-08": {
            "month": "2021-08",
            "price": "54.45",
            "revenue": 4137464
        },
        "2021-09": {
            "month": "2021-09",
            "price": "54.22",
            "revenue": 4888188
        },
        "2021-10": {
            "month": "2021-10",
            "price": "54.84",
            "revenue": 4727651
        },
        "2021-11": {
            "month": "2021-11",
            "price": "78.42",
            "revenue": 5092662
        },
        "2021-12": {
            "month": "2021-12",
            "price": "83.91",
            "revenue": 5294342
        },
        "2022-01": {
            "month": "2022-01",
            "price": "82.25",
            "revenue": 4438043
        },
        "2022-02": {
            "month": "2022-02",
            "price": "73.24",
            "revenue": 4012796
        },
        "2022-03": {
            "month": "2022-03",
            "price": "71.29",
            "revenue": 4687069
        },
        "2022-04": {
            "month": "2022-04",
            "price": "63.52",
            "revenue": 3004358
        },
        "2022-05": {
            "month": "2022-05",
            "price": "55.97",
            "revenue": 4336606
        },
        "2022-06": {
            "month": "2022-06",
            "price": "55.15",
            "revenue": 5230122
        },
        "2022-07": {
            "month": "2022-07",
            "price": "51.74",
            "revenue": 4146239
        },
        "2022-08": {
            "month": "2022-08",
            "price": "60.48",
            "revenue": 4061399
        },
        "2022-09": {
            "month": "2022-09",
            "price": "59.38",
            "revenue": 4695342
        },
        "2022-10": {
            "month": "2022-10",
            "price": "51.48",
            "revenue": 3970853
        },
        "2022-11": {
            "month": "2022-11",
            "price": "55.10",
            "revenue": 3761655
        },
        "2022-12": {
            "month": "2022-12",
            "price": "55.97",
            "revenue": 3438675
        },
        "2023-01": {
            "month": "2023-01",
            "price": "57.40",
            "revenue": 2848460
        },
        "2023-02": {
            "month": "2023-02",
            "price": "61.65",
            "revenue": 3130470
        },
        "2023-03": {
            "month": "2023-03",
            "price": "66.22",
            "revenue": 3591855
        },
        "2023-04": {
            "month": "2023-04",
            "price": "74.18",
            "revenue": 3020950
        },
        "2023-05": {
            "month": "2023-05",
            "price": "74.60",
            "revenue": 3175418
        },
        "2023-06": {
            "month": "2023-06",
            "price": "73.24",
            "revenue": 3436800
        },
        "2023-07": {
            "month": "2023-07",
            "price": "72.58",
            "revenue": 3401504
        },
        "2023-08": {
            "month": "2023-08",
            "price": "76.60",
            "revenue": 3445327
        },
        "2023-09": {
            "month": "2023-09",
            "price": "80.98",
            "revenue": 3552919
        },
        "2023-10": {
            "month": "2023-10",
            "price": "75.64",
            "revenue": 3249968
        },
        "2023-11": {
            "month": "2023-11",
            "price": "72.16",
            "revenue": 3311494
        },
        "2023-12": {
            "month": "2023-12",
            "price": "71.56",
            "revenue": 3326543
        }
    }
}
