{
    "summary": {
        "stock_name": "金利",
        "stock_id": "5383",
        "category": "其他電子",
        "main_business": "半導體導線架及散熱片、連接器零組件<br>代理國內外廠商有關產品銷售業務",
        "website_url": "http://www.kenly.com.tw",
        "ceo": "趙永昌",
        "pe_ratio": -31,
        "report_year_from": 2001,
        "report_year_to": 2023,
        "age": 23,
        "eps_negative_percentage": 35,
        "eps_growth_avg": {
            "last_all": -5.81,
            "last_2y": -70.59,
            "last_4y": -70.59,
            "last_8y": -80.39,
            "last_12y": -56.29,
            "last_16y": -24.43,
            "last_20y": -13.37,
            "at_2006_last_3y": 14.28,
            "at_2007_last_3y": 6.37,
            "at_2008_last_3y": -14.57,
            "at_2009_last_3y": 23.37,
            "at_2010_last_3y": 23.37,
            "at_2011_last_3y": 3.07,
            "at_2012_last_3y": -0.21,
            "at_2013_last_3y": -30.43,
            "at_2014_last_3y": -32.19,
            "at_2015_last_3y": -35.09,
            "at_2016_last_3y": -2.63,
            "at_2017_last_3y": -2.63,
            "at_2018_last_3y": -100,
            "at_2019_last_3y": null,
            "at_2020_last_3y": null,
            "at_2021_last_3y": null,
            "at_2022_last_3y": -41.18,
            "at_2023_last_3y": -70.59,
            "at_2024_last_3y": -70.59,
            "at_2006_last_all": 31.42,
            "at_2007_last_all": 24.5,
            "at_2008_last_all": 8.59,
            "at_2009_last_all": 18.82,
            "at_2010_last_all": 27.84,
            "at_2011_last_all": 15.93,
            "at_2012_last_all": 5.39,
            "at_2013_last_all": 5.39,
            "at_2014_last_all": 12.84,
            "at_2015_last_all": 4.16,
            "at_2016_last_all": 4.16,
            "at_2017_last_all": 4.16,
            "at_2018_last_all": 4.16,
            "at_2019_last_all": 4.16,
            "at_2020_last_all": 4.16,
            "at_2021_last_all": 4.16,
            "at_2022_last_all": 0.92,
            "at_2023_last_all": -5.81,
            "at_2024_last_all": -5.81
        },
        "latest_eps": -1.01,
        "latest_price": 30.9,
        "latest_roe": -5.76,
        "latest_gross_margin": 7.85,
        "latest_equity": 753299,
        "latest_revenue": 316625,
        "latest_gross_profit": 24870,
        "latest_net_income": -26223,
        "latest_debt_ratio": 57.51,
        "latest_current_ratio": 160.17,
        "latest_account_receivable_turnover_ratio": 0.92,
        "latest_inventory_turnover_ratio": 0.93,
        "latest_reinvestment_rate": null,
        "latest_research_to_sale_ratio": 3.53
    },
    "eps_dividends": {
        "1999": {
            "cash": 0,
            "stock": 1,
            "eps": 0
        },
        "2000": {
            "cash": 0.3,
            "stock": 1,
            "eps": 0
        },
        "2001": {
            "cash": 0.5,
            "stock": 0.7,
            "eps": 0.07
        },
        "2002": {
            "cash": 0.25,
            "stock": 0.5,
            "eps": 0.79
        },
        "2003": {
            "cash": 0.5,
            "stock": 0.7,
            "eps": 0.96
        },
        "2004": {
            "cash": 0.5,
            "stock": 0.5,
            "eps": 0.93
        },
        "2005": {
            "cash": 0.25,
            "stock": 0.25,
            "eps": 0.36
        },
        "2006": {
            "cash": 0,
            "stock": 0,
            "eps": 1.78
        },
        "2007": {
            "cash": 0.5,
            "stock": 0.5,
            "eps": 1.6
        },
        "2008": {
            "cash": 0.5,
            "stock": 1,
            "eps": 0.21
        },
        "2009": {
            "cash": 0,
            "stock": 0,
            "eps": 0.4
        },
        "2010": {
            "cash": 0.5,
            "stock": 0,
            "eps": 1.15
        },
        "2011": {
            "cash": 0.7,
            "stock": 0.3,
            "eps": 0.1
        },
        "2012": {
            "cash": 0.2,
            "stock": 0,
            "eps": -0.61
        },
        "2013": {
            "cash": 0,
            "stock": 0,
            "eps": 0.19
        },
        "2014": {
            "cash": 0.2,
            "stock": 0,
            "eps": 0.37
        },
        "2015": {
            "cash": 0.5,
            "stock": 0,
            "eps": -1.32
        },
        "2016": {
            "cash": 0,
            "stock": 0,
            "eps": -1.64
        },
        "2017": {
            "cash": 0,
            "stock": 0,
            "eps": -0.5
        },
        "2018": {
            "cash": 0,
            "stock": 0,
            "eps": -1.17
        },
        "2019": {
            "cash": 0,
            "stock": 0,
            "eps": -3.68
        },
        "2020": {
            "cash": 0,
            "stock": 0,
            "eps": -0.8
        },
        "2021": {
            "cash": 0,
            "stock": 0,
            "eps": 0.34
        },
        "2022": {
            "cash": 0,
            "stock": 0,
            "eps": 0.2
        },
        "2023": {
            "cash": 0,
            "stock": 0,
            "eps": -0.91
        }
    },
    "dividends": {
        "1999-06-29": {
            "cash": 0,
            "stock": 1
        },
        "2000-05-26": {
            "cash": 0.3,
            "stock": 1
        },
        "2001-06-15": {
            "cash": 0.5,
            "stock": 0.7
        },
        "2002-06-27": {
            "cash": 0.25,
            "stock": 0.5
        },
        "2003-06-25": {
            "cash": 0.5,
            "stock": 0.7
        },
        "2004-03-20": {
            "cash": 0.5,
            "stock": 0.5
        },
        "2005-04-07": {
            "cash": 0.25,
            "stock": 0.25
        },
        "2007-03-28": {
            "cash": 0.5,
            "stock": 0.5
        },
        "2008-04-08": {
            "cash": 0.5,
            "stock": 1
        },
        "2010-03-26": {
            "cash": 0.5,
            "stock": 0
        },
        "2011-03-24": {
            "cash": 0.7,
            "stock": 0.3
        },
        "2012-06-27": {
            "cash": 0.2,
            "stock": 0
        },
        "2014-09-16": {
            "cash": 0.2,
            "stock": 0
        },
        "2015-09-15": {
            "cash": 0.5,
            "stock": 0
        }
    },
    "prices": {
        "200101": "11.77",
        "200102": "14.20",
        "200103": "14.87",
        "200104": "18.24",
        "200105": "13.31",
        "200106": "12.09",
        "200107": "9.73",
        "200108": "10.02",
        "200109": "7.54",
        "200110": "6.32",
        "200111": "7.63",
        "200112": "11.00",
        "200201": "13.66",
        "200202": "15.49",
        "200203": "14.68",
        "200204": "15.90",
        "200205": "13.10",
        "200206": "12.79",
        "200207": "13.05",
        "200208": "12.76",
        "200209": "10.95",
        "200210": "9.78",
        "200211": "11.09",
        "200212": "10.81",
        "200301": "11.18",
        "200302": "11.85",
        "200303": "11.03",
        "200304": "12.85",
        "200305": "11.77",
        "200306": "13.50",
        "200307": "21.31",
        "200308": "22.59",
        "200309": "17.09",
        "200310": "15.92",
        "200311": "17.58",
        "200312": "18.18",
        "200401": "17.85",
        "200402": "17.98",
        "200403": "17.77",
        "200404": "22.65",
        "200405": "17.88",
        "200406": "17.23",
        "200407": "16.74",
        "200408": "16.34",
        "200409": "17.15",
        "200410": "15.62",
        "200411": "13.63",
        "200412": "12.58",
        "200501": "12.39",
        "200502": "13.46",
        "200503": "13.90",
        "200504": "12.31",
        "200505": "10.36",
        "200506": "11.48",
        "200507": "12.97",
        "200508": "13.23",
        "200509": "14.22",
        "200510": "12.61",
        "200511": "11.45",
        "200512": "12.89",
        "200601": "14.18",
        "200602": "13.80",
        "200603": "13.62",
        "200604": "19.54",
        "200605": "20.84",
        "200606": "19.98",
        "200607": "19.15",
        "200608": "19.25",
        "200609": "18.09",
        "200610": "18.61",
        "200611": "19.33",
        "200612": "19.84",
        "200701": "20.17",
        "200702": "19.50",
        "200703": "20.02",
        "200704": "20.35",
        "200705": "19.55",
        "200706": "20.51",
        "200707": "26.84",
        "200708": "23.93",
        "200709": "23.29",
        "200710": "21.49",
        "200711": "19.36",
        "200712": "17.15",
        "200801": "14.37",
        "200802": "13.26",
        "200803": "13.26",
        "200804": "15.75",
        "200805": "16.00",
        "200806": "14.27",
        "200807": "11.91",
        "200808": "11.66",
        "200809": "8.83",
        "200810": "7.89",
        "200811": "6.28",
        "200812": "5.72",
        "200901": "5.32",
        "200902": "5.19",
        "200903": "6.60",
        "200904": "7.59",
        "200905": "7.62",
        "200906": "7.65",
        "200907": "10.27",
        "200908": "15.40",
        "200909": "16.09",
        "200910": "15.34",
        "200911": "16.68",
        "200912": "17.53",
        "201001": "16.99",
        "201002": "16.24",
        "201003": "18.05",
        "201004": "19.94",
        "201005": "20.24",
        "201006": "19.09",
        "201007": "20.19",
        "201008": "24.00",
        "201009": "19.92",
        "201010": "17.87",
        "201011": "16.90",
        "201012": "18.40",
        "201101": "19.42",
        "201102": "19.39",
        "201103": "16.93",
        "201104": "17.21",
        "201105": "17.33",
        "201106": "16.48",
        "201107": "13.94",
        "201108": "12.06",
        "201109": "12.34",
        "201110": "11.19",
        "201111": "10.20",
        "201112": "9.58",
        "201201": "9.93",
        "201202": "11.36",
        "201203": "11.79",
        "201204": "12.52",
        "201205": "11.10",
        "201206": "11.13",
        "201207": "11.08",
        "201208": "10.95",
        "201209": "10.95",
        "201210": "10.91",
        "201211": "10.82",
        "201212": "11.64",
        "201301": "13.12",
        "201302": "13.77",
        "201303": "14.75",
        "201304": "12.69",
        "201305": "12.27",
        "201306": "12.51",
        "201307": "11.11",
        "201308": "11.18",
        "201309": "11.54",
        "201310": "11.92",
        "201311": "11.35",
        "201312": "11.80",
        "201401": "13.06",
        "201402": "13.78",
        "201403": "15.72",
        "201404": "15.87",
        "201405": "14.09",
        "201406": "14.88",
        "201407": "14.87",
        "201408": "13.97",
        "201409": "13.50",
        "201410": "12.65",
        "201411": "11.67",
        "201412": "11.87",
        "201501": "12.97",
        "201502": "12.34",
        "201503": "12.12",
        "201504": "12.13",
        "201505": "11.22",
        "201506": "10.17",
        "201507": "10.04",
        "201508": "9.32",
        "201509": "9.31",
        "201510": "9.20",
        "201511": "10.44",
        "201512": "10.10",
        "201601": "9.70",
        "201602": "9.61",
        "201603": "9.68",
        "201604": "9.91",
        "201605": "9.29",
        "201606": "8.73",
        "201607": "9.02",
        "201608": "9.23",
        "201609": "8.98",
        "201610": "8.71",
        "201611": "8.09",
        "201612": "7.88",
        "201701": "7.94",
        "201702": "8.74",
        "201703": "9.37",
        "201704": "8.75",
        "201705": "7.93",
        "201706": "7.93",
        "201707": "7.84",
        "201708": "7.99",
        "201709": "8.64",
        "201710": "9.17",
        "201711": "9.46",
        "201712": "10.27",
        "201801": "13.35",
        "201802": "12.49",
        "201803": "13.11",
        "201804": "13.15",
        "201805": "12.98",
        "201806": "12.50",
        "201807": "12.03",
        "201808": "10.05",
        "201809": "9.06",
        "201810": "8.03",
        "201811": "8.28",
        "201812": "8.60",
        "201901": "8.38",
        "201902": "8.27",
        "201903": "7.93",
        "201904": "8.63",
        "201905": "9.56",
        "201906": "14.37",
        "201907": "14.14",
        "201908": "16.52",
        "201909": "16.86",
        "201910": "14.48",
        "201911": "13.68",
        "201912": "14.73",
        "202001": "23.94",
        "202002": "23.72",
        "202003": "17.29",
        "202004": "21.77",
        "202005": "22.52",
        "202006": "22.92",
        "202007": "26.44",
        "202008": "25.96",
        "202009": "23.24",
        "202010": "22.60",
        "202011": "20.85",
        "202012": "20.44",
        "202101": "20.00",
        "202102": "22.65",
        "202103": "26.19",
        "202104": "26.57",
        "202105": "22.55",
        "202106": "23.22",
        "202107": "24.48",
        "202108": "25.07",
        "202109": "27.40",
        "202110": "27.24",
        "202111": "32.86",
        "202112": "44.85",
        "202201": "41.79",
        "202202": "40.42",
        "202203": "38.95",
        "202204": "33.70",
        "202205": "30.63",
        "202206": "32.14",
        "202207": "29.04",
        "202208": "28.63",
        "202209": "27.81",
        "202210": "25.43",
        "202211": "25.19",
        "202212": "26.56",
        "202301": "25.47",
        "202302": "25.40",
        "202303": "26.54",
        "202304": "30.10",
        "202305": "30.08",
        "202306": "34.25",
        "202307": "33.30",
        "202308": "30.38",
        "202309": "30.39",
        "202310": "29.00",
        "202311": "27.75",
        "202312": "27.56"
    },
    "quarters": {
        "20011": {
            "year_quarter": 20011,
            "year": 2001,
            "quarter": 1,
            "eps": -0.06,
            "eps_growth_year": -127.27,
            "eps_4q": 0.97,
            "eps_4q_growth_year": -7.44,
            "roe": -0.4,
            "roe_4q": -0.4,
            "gross_profit": 8578,
            "gross_margin": 8.7,
            "gross_margin_4q_avg": 8.7,
            "net_income": -2141,
            "net_income_4q": null,
            "revenue": 98621,
            "revenue_4q": null,
            "common_shares": 364798,
            "book_valuer_per_share": 14.71,
            "book_valuer_per_share_4q_avg": 14.71,
            "equity": 536656,
            "current_ratio": 230.22,
            "debt_ratio": 27.1,
            "inventory_turnover_ratio": 0.74,
            "account_receivable_turnover_ratio": null,
            "reinvestment_rate": null,
            "research_to_sale_ratio": null,
            "price_fair": 0,
            "eps_avg_yearly": 0,
            "eps_latest_yearly": 0,
            "eps_growth_yearly": 0
        },
        "20012": {
            "year_quarter": 20012,
            "year": 2001,
            "quarter": 2,
            "eps": 0.06,
            "eps_growth_year": -85,
            "eps_4q": 0.71,
            "eps_4q_growth_year": -36.85,
            "roe": 0.39,
            "roe_4q": -0.010000000000000009,
            "gross_profit": 10214,
            "gross_margin": 12.39,
            "gross_margin_4q_avg": 10.55,
            "net_income": 2081,
            "net_income_4q": null,
            "revenue": 82407,
            "revenue_4q": null,
            "common_shares": 364798,
            "book_valuer_per_share": 14.28,
            "book_valuer_per_share_4q_avg": 14.5,
            "equity": 520774,
            "current_ratio": 199.63,
            "debt_ratio": 26.72,
            "inventory_turnover_ratio": 0.61,
            "account_receivable_turnover_ratio": null,
            "reinvestment_rate": null,
            "research_to_sale_ratio": null,
            "price_fair": 0,
            "eps_avg_yearly": 0,
            "eps_latest_yearly": 0,
            "eps_growth_yearly": 0
        },
        "20013": {
            "year_quarter": 20013,
            "year": 2001,
            "quarter": 3,
            "eps": -0.22,
            "eps_growth_year": -175.86,
            "eps_4q": 0.18,
            "eps_4q_growth_year": -85.42,
            "roe": -1.69,
            "roe_4q": -1.6999999999999997,
            "gross_profit": 3051,
            "gross_margin": 4.21,
            "gross_margin_4q_avg": 8.43,
            "net_income": -8739,
            "net_income_4q": null,
            "revenue": 72493,
            "revenue_4q": null,
            "common_shares": 390334,
            "book_valuer_per_share": 13.12,
            "book_valuer_per_share_4q_avg": 14.04,
            "equity": 512035,
            "current_ratio": 174.13,
            "debt_ratio": 26.49,
            "inventory_turnover_ratio": 0.63,
            "account_receivable_turnover_ratio": null,
            "reinvestment_rate": null,
            "research_to_sale_ratio": null,
            "price_fair": 0,
            "eps_avg_yearly": 0,
            "eps_latest_yearly": 0,
            "eps_growth_yearly": 0
        },
        "20014": {
            "year_quarter": 20014,
            "year": 2001,
            "quarter": 4,
            "eps": 0.29,
            "eps_growth_year": -39.58,
            "eps_4q": 0.07,
            "eps_4q_growth_year": -95,
            "roe": 2.2,
            "roe_4q": 0.5000000000000002,
            "gross_profit": 17943,
            "gross_margin": 18.28,
            "gross_margin_4q_avg": 10.9,
            "net_income": 11384,
            "net_income_4q": null,
            "revenue": 98157,
            "revenue_4q": null,
            "common_shares": 390334,
            "book_valuer_per_share": 13.38,
            "book_valuer_per_share_4q_avg": 13.87,
            "equity": 522167,
            "current_ratio": 142.66,
            "debt_ratio": 30.85,
            "inventory_turnover_ratio": 0.73,
            "account_receivable_turnover_ratio": null,
            "reinvestment_rate": null,
            "research_to_sale_ratio": null,
            "price_fair": 0,
            "eps_avg_yearly": 0,
            "eps_latest_yearly": 0,
            "eps_growth_yearly": 0
        },
        "20021": {
            "year_quarter": 20021,
            "year": 2002,
            "quarter": 1,
            "eps": 0.1,
            "eps_growth_year": null,
            "eps_4q": 0.22,
            "eps_4q_growth_year": -77.31,
            "roe": 0.74,
            "roe_4q": 1.6400000000000006,
            "gross_profit": 13689,
            "gross_margin": 14.11,
            "gross_margin_4q_avg": 12.25,
            "net_income": 3901,
            "net_income_4q": null,
            "revenue": 97046,
            "revenue_4q": null,
            "common_shares": 390334,
            "book_valuer_per_share": 13.48,
            "book_valuer_per_share_4q_avg": 13.57,
            "equity": 526068,
            "current_ratio": 158.04,
            "debt_ratio": 32.29,
            "inventory_turnover_ratio": 0.77,
            "account_receivable_turnover_ratio": null,
            "reinvestment_rate": null,
            "research_to_sale_ratio": null,
            "price_fair": 1.2,
            "eps_avg_yearly": 0.4,
            "eps_latest_yearly": 0.4,
            "eps_growth_yearly": -262.07
        },
        "20022": {
            "year_quarter": 20022,
            "year": 2002,
            "quarter": 2,
            "eps": 0.19,
            "eps_growth_year": 216.67,
            "eps_4q": 0.35,
            "eps_4q_growth_year": -50.39,
            "roe": 1.45,
            "roe_4q": 2.7000000000000006,
            "gross_profit": 23103,
            "gross_margin": 18.59,
            "gross_margin_4q_avg": 13.8,
            "net_income": 7611,
            "net_income_4q": null,
            "revenue": 124309,
            "revenue_4q": null,
            "common_shares": 390334,
            "book_valuer_per_share": 13.37,
            "book_valuer_per_share_4q_avg": 13.34,
            "equity": 521988,
            "current_ratio": 137.33,
            "debt_ratio": 35.07,
            "inventory_turnover_ratio": 1.02,
            "account_receivable_turnover_ratio": null,
            "reinvestment_rate": null,
            "research_to_sale_ratio": null,
            "price_fair": 20.3,
            "eps_avg_yearly": 0.58,
            "eps_latest_yearly": 0.76,
            "eps_growth_yearly": 48.97
        },
        "20023": {
            "year_quarter": 20023,
            "year": 2002,
            "quarter": 3,
            "eps": 0.08,
            "eps_growth_year": null,
            "eps_4q": 0.63,
            "eps_4q_growth_year": 258.71,
            "roe": 0.63,
            "roe_4q": 5.0200000000000005,
            "gross_profit": 19983,
            "gross_margin": 17.05,
            "gross_margin_4q_avg": 17.01,
            "net_income": 3303,
            "net_income_4q": null,
            "revenue": 117215,
            "revenue_4q": null,
            "common_shares": 409851,
            "book_valuer_per_share": 12.92,
            "book_valuer_per_share_4q_avg": 13.29,
            "equity": 529350,
            "current_ratio": 139.83,
            "debt_ratio": 34.85,
            "inventory_turnover_ratio": 0.98,
            "account_receivable_turnover_ratio": null,
            "reinvestment_rate": null,
            "research_to_sale_ratio": null,
            "price_fair": 1.48,
            "eps_avg_yearly": 0.49,
            "eps_latest_yearly": 0.32,
            "eps_growth_yearly": -44.55
        },
        "20024": {
            "year_quarter": 20024,
            "year": 2002,
            "quarter": 4,
            "eps": 0.42,
            "eps_growth_year": 44.83,
            "eps_4q": 0.78,
            "eps_4q_growth_year": 1081.17,
            "roe": 3.25,
            "roe_4q": 6.07,
            "gross_profit": 28617,
            "gross_margin": 20.35,
            "gross_margin_4q_avg": 17.53,
            "net_income": 17390,
            "net_income_4q": null,
            "revenue": 140656,
            "revenue_4q": null,
            "common_shares": 409851,
            "book_valuer_per_share": 13.22,
            "book_valuer_per_share_4q_avg": 13.25,
            "equity": 541903,
            "current_ratio": 135.82,
            "debt_ratio": 37.79,
            "inventory_turnover_ratio": 0.99,
            "account_receivable_turnover_ratio": null,
            "reinvestment_rate": 222.8,
            "research_to_sale_ratio": null,
            "price_fair": 27.65,
            "eps_avg_yearly": 0.79,
            "eps_latest_yearly": 1.68,
            "eps_growth_yearly": 391.59
        },
        "20031": {
            "year_quarter": 20031,
            "year": 2003,
            "quarter": 1,
            "eps": 0.12,
            "eps_growth_year": 20,
            "eps_4q": 0.84,
            "eps_4q_growth_year": 278.01,
            "roe": 0.87,
            "roe_4q": 6.2,
            "gross_profit": 23250,
            "gross_margin": 19.05,
            "gross_margin_4q_avg": 18.76,
            "net_income": 4744,
            "net_income_4q": null,
            "revenue": 122070,
            "revenue_4q": null,
            "common_shares": 409851,
            "book_valuer_per_share": 13.34,
            "book_valuer_per_share_4q_avg": 13.21,
            "equity": 546611,
            "current_ratio": 126.18,
            "debt_ratio": 38.1,
            "inventory_turnover_ratio": 0.79,
            "account_receivable_turnover_ratio": null,
            "reinvestment_rate": 151.6,
            "research_to_sale_ratio": null,
            "price_fair": 25.48,
            "eps_avg_yearly": 0.73,
            "eps_latest_yearly": 0.48,
            "eps_growth_yearly": 256.13
        },
        "20032": {
            "year_quarter": 20032,
            "year": 2003,
            "quarter": 2,
            "eps": 0.33,
            "eps_growth_year": 73.68,
            "eps_4q": 0.95,
            "eps_4q_growth_year": 169.46,
            "roe": 2.49,
            "roe_4q": 7.24,
            "gross_profit": 25959,
            "gross_margin": 17.95,
            "gross_margin_4q_avg": 18.6,
            "net_income": 13489,
            "net_income_4q": null,
            "revenue": 144611,
            "revenue_4q": null,
            "common_shares": 409851,
            "book_valuer_per_share": 13.07,
            "book_valuer_per_share_4q_avg": 13.14,
            "equity": 535794,
            "current_ratio": 114.77,
            "debt_ratio": 40.42,
            "inventory_turnover_ratio": 0.98,
            "account_receivable_turnover_ratio": null,
            "reinvestment_rate": 142.96,
            "research_to_sale_ratio": null,
            "price_fair": 28.93,
            "eps_avg_yearly": 0.83,
            "eps_latest_yearly": 1.32,
            "eps_growth_yearly": 330.11
        },
        "20033": {
            "year_quarter": 20033,
            "year": 2003,
            "quarter": 3,
            "eps": 0.14,
            "eps_growth_year": 75,
            "eps_4q": 0.98,
            "eps_4q_growth_year": 54.09,
            "roe": 1.11,
            "roe_4q": 7.720000000000001,
            "gross_profit": 28315,
            "gross_margin": 20.1,
            "gross_margin_4q_avg": 19.36,
            "net_income": 5953,
            "net_income_4q": null,
            "revenue": 140884,
            "revenue_4q": null,
            "common_shares": 438540,
            "book_valuer_per_share": 12.3,
            "book_valuer_per_share_4q_avg": 12.98,
            "equity": 539219,
            "current_ratio": 106.63,
            "debt_ratio": 41.14,
            "inventory_turnover_ratio": 0.97,
            "account_receivable_turnover_ratio": null,
            "reinvestment_rate": 154.4,
            "research_to_sale_ratio": null,
            "price_fair": 27.6,
            "eps_avg_yearly": 0.79,
            "eps_latest_yearly": 0.56,
            "eps_growth_yearly": 250.05
        },
        "20034": {
            "year_quarter": 20034,
            "year": 2003,
            "quarter": 4,
            "eps": 0.37,
            "eps_growth_year": -11.9,
            "eps_4q": 0.92,
            "eps_4q_growth_year": 17.91,
            "roe": 2.99,
            "roe_4q": 7.460000000000001,
            "gross_profit": 29556,
            "gross_margin": 21.92,
            "gross_margin_4q_avg": 19.76,
            "net_income": 16357,
            "net_income_4q": null,
            "revenue": 134810,
            "revenue_4q": null,
            "common_shares": 438540,
            "book_valuer_per_share": 12.62,
            "book_valuer_per_share_4q_avg": 12.83,
            "equity": 553294,
            "current_ratio": 128.34,
            "debt_ratio": 42.04,
            "inventory_turnover_ratio": 0.82,
            "account_receivable_turnover_ratio": null,
            "reinvestment_rate": 226.42,
            "research_to_sale_ratio": null,
            "price_fair": 30.63,
            "eps_avg_yearly": 0.88,
            "eps_latest_yearly": 1.48,
            "eps_growth_yearly": 300.93
        },
        "20041": {
            "year_quarter": 20041,
            "year": 2004,
            "quarter": 1,
            "eps": 0.19,
            "eps_growth_year": 58.33,
            "eps_4q": 1.01,
            "eps_4q_growth_year": 20.36,
            "roe": 1.5,
            "roe_4q": 8.09,
            "gross_profit": 28339,
            "gross_margin": 19.82,
            "gross_margin_4q_avg": 19.95,
            "net_income": 8334,
            "net_income_4q": null,
            "revenue": 142971,
            "revenue_4q": null,
            "common_shares": 438540,
            "book_valuer_per_share": 12.71,
            "book_valuer_per_share_4q_avg": 12.68,
            "equity": 557500,
            "current_ratio": 122.75,
            "debt_ratio": 40.95,
            "inventory_turnover_ratio": 0.83,
            "account_receivable_turnover_ratio": null,
            "reinvestment_rate": 125.5,
            "research_to_sale_ratio": null,
            "price_fair": 30.18,
            "eps_avg_yearly": 0.86,
            "eps_latest_yearly": 0.76,
            "eps_growth_yearly": 245.88
        },
        "20042": {
            "year_quarter": 20042,
            "year": 2004,
            "quarter": 2,
            "eps": 0.29,
            "eps_growth_year": -12.12,
            "eps_4q": 1,
            "eps_4q_growth_year": 5.04,
            "roe": 2.27,
            "roe_4q": 7.87,
            "gross_profit": 31539,
            "gross_margin": 19.05,
            "gross_margin_4q_avg": 20.22,
            "net_income": 12511,
            "net_income_4q": null,
            "revenue": 165525,
            "revenue_4q": null,
            "common_shares": 438540,
            "book_valuer_per_share": 12.48,
            "book_valuer_per_share_4q_avg": 12.53,
            "equity": 547103,
            "current_ratio": 89.89,
            "debt_ratio": 45.39,
            "inventory_turnover_ratio": 0.94,
            "account_receivable_turnover_ratio": null,
            "reinvestment_rate": 128.88,
            "research_to_sale_ratio": null,
            "price_fair": 31.22,
            "eps_avg_yearly": 0.89,
            "eps_latest_yearly": 1.16,
            "eps_growth_yearly": 242.34
        },
        "20043": {
            "year_quarter": 20043,
            "year": 2004,
            "quarter": 3,
            "eps": 0.25,
            "eps_growth_year": 78.57,
            "eps_4q": 1.07,
            "eps_4q_growth_year": 9.27,
            "roe": 2.08,
            "roe_4q": 8.84,
            "gross_profit": 33919,
            "gross_margin": 20.75,
            "gross_margin_4q_avg": 20.39,
            "net_income": 11364,
            "net_income_4q": null,
            "revenue": 163439,
            "revenue_4q": null,
            "common_shares": 460467,
            "book_valuer_per_share": 11.79,
            "book_valuer_per_share_4q_avg": 12.4,
            "equity": 543066,
            "current_ratio": 85.28,
            "debt_ratio": 46.47,
            "inventory_turnover_ratio": 0.89,
            "account_receivable_turnover_ratio": null,
            "reinvestment_rate": 132.54,
            "research_to_sale_ratio": null,
            "price_fair": 31.56,
            "eps_avg_yearly": 0.9,
            "eps_latest_yearly": 1,
            "eps_growth_yearly": 215.29
        },
        "20044": {
            "year_quarter": 20044,
            "year": 2004,
            "quarter": 4,
            "eps": 0.2,
            "eps_growth_year": -45.95,
            "eps_4q": 0.91,
            "eps_4q_growth_year": -1.27,
            "roe": 1.68,
            "roe_4q": 7.529999999999999,
            "gross_profit": 27615,
            "gross_margin": 18.97,
            "gross_margin_4q_avg": 19.65,
            "net_income": 9131,
            "net_income_4q": null,
            "revenue": 145559,
            "revenue_4q": null,
            "common_shares": 460467,
            "book_valuer_per_share": 11.75,
            "book_valuer_per_share_4q_avg": 12.18,
            "equity": 541257,
            "current_ratio": 97.74,
            "debt_ratio": 50.08,
            "inventory_turnover_ratio": 0.74,
            "account_receivable_turnover_ratio": null,
            "reinvestment_rate": 210.41,
            "research_to_sale_ratio": null,
            "price_fair": 31.27,
            "eps_avg_yearly": 0.89,
            "eps_latest_yearly": 0.8,
            "eps_growth_yearly": 190.69
        },
        "20051": {
            "year_quarter": 20051,
            "year": 2005,
            "quarter": 1,
            "eps": 0.06,
            "eps_growth_year": -68.42,
            "eps_4q": 0.83,
            "eps_4q_growth_year": -17.48,
            "roe": 0.47,
            "roe_4q": 6.5,
            "gross_profit": 27515,
            "gross_margin": 17.6,
            "gross_margin_4q_avg": 19.09,
            "net_income": 2571,
            "net_income_4q": null,
            "revenue": 156364,
            "revenue_4q": null,
            "common_shares": 460467,
            "book_valuer_per_share": 11.8,
            "book_valuer_per_share_4q_avg": 11.96,
            "equity": 543146,
            "current_ratio": 88.83,
            "debt_ratio": 51.29,
            "inventory_turnover_ratio": 0.77,
            "account_receivable_turnover_ratio": null,
            "reinvestment_rate": 131,
            "research_to_sale_ratio": null,
            "price_fair": 29.51,
            "eps_avg_yearly": 0.84,
            "eps_latest_yearly": 0.24,
            "eps_growth_yearly": 154.48
        },
        "20052": {
            "year_quarter": 20052,
            "year": 2005,
            "quarter": 2,
            "eps": 0.07,
            "eps_growth_year": -75.86,
            "eps_4q": 0.56,
            "eps_4q_growth_year": -43.97,
            "roe": 0.62,
            "roe_4q": 4.85,
            "gross_profit": 21909,
            "gross_margin": 15.17,
            "gross_margin_4q_avg": 18.12,
            "net_income": 3292,
            "net_income_4q": null,
            "revenue": 144453,
            "revenue_4q": null,
            "common_shares": 460467,
            "book_valuer_per_share": 11.39,
            "book_valuer_per_share_4q_avg": 11.68,
            "equity": 524263,
            "current_ratio": 80.75,
            "debt_ratio": 52.23,
            "inventory_turnover_ratio": 0.74,
            "account_receivable_turnover_ratio": null,
            "reinvestment_rate": 128.15,
            "research_to_sale_ratio": null,
            "price_fair": 28.1,
            "eps_avg_yearly": 0.8,
            "eps_latest_yearly": 0.28,
            "eps_growth_yearly": 148.21
        },
        "20053": {
            "year_quarter": 20053,
            "year": 2005,
            "quarter": 3,
            "eps": 0.19,
            "eps_growth_year": -24,
            "eps_4q": 0.52,
            "eps_4q_growth_year": -51.07,
            "roe": 1.61,
            "roe_4q": 4.38,
            "gross_profit": 23802,
            "gross_margin": 15.56,
            "gross_margin_4q_avg": 16.83,
            "net_income": 8560,
            "net_income_4q": null,
            "revenue": 152968,
            "revenue_4q": null,
            "common_shares": 471744,
            "book_valuer_per_share": 11.47,
            "book_valuer_per_share_4q_avg": 11.6,
            "equity": 541125,
            "current_ratio": 80.03,
            "debt_ratio": 51.62,
            "inventory_turnover_ratio": 0.72,
            "account_receivable_turnover_ratio": null,
            "reinvestment_rate": 102.11,
            "research_to_sale_ratio": null,
            "price_fair": 28,
            "eps_avg_yearly": 0.8,
            "eps_latest_yearly": 0.76,
            "eps_growth_yearly": 184.04
        },
        "20054": {
            "year_quarter": 20054,
            "year": 2005,
            "quarter": 4,
            "eps": 0.04,
            "eps_growth_year": -80,
            "eps_4q": 0.38,
            "eps_4q_growth_year": -58.26,
            "roe": 0.31,
            "roe_4q": 3.01,
            "gross_profit": 12542,
            "gross_margin": 7.37,
            "gross_margin_4q_avg": 13.93,
            "net_income": 1707,
            "net_income_4q": null,
            "revenue": 170211,
            "revenue_4q": null,
            "common_shares": 471744,
            "book_valuer_per_share": 11.65,
            "book_valuer_per_share_4q_avg": 11.58,
            "equity": 549561,
            "current_ratio": 98.84,
            "debt_ratio": 54.66,
            "inventory_turnover_ratio": 0.79,
            "account_receivable_turnover_ratio": null,
            "reinvestment_rate": 152.28,
            "research_to_sale_ratio": null,
            "price_fair": 26.6,
            "eps_avg_yearly": 0.76,
            "eps_latest_yearly": 0.16,
            "eps_growth_yearly": 152.8
        },
        "20061": {
            "year_quarter": 20061,
            "year": 2006,
            "quarter": 1,
            "eps": 0.42,
            "eps_growth_year": 600,
            "eps_4q": 0.72,
            "eps_4q_growth_year": -13.69,
            "roe": 3.45,
            "roe_4q": 5.99,
            "gross_profit": 31783,
            "gross_margin": 17.6,
            "gross_margin_4q_avg": 13.93,
            "net_income": 19201,
            "net_income_4q": null,
            "revenue": 180584,
            "revenue_4q": null,
            "common_shares": 471744,
            "book_valuer_per_share": 11.91,
            "book_valuer_per_share_4q_avg": 11.61,
            "equity": 562057,
            "current_ratio": 92.22,
            "debt_ratio": 55.18,
            "inventory_turnover_ratio": 0.7,
            "account_receivable_turnover_ratio": null,
            "reinvestment_rate": 94.54,
            "research_to_sale_ratio": null,
            "price_fair": 29.4,
            "eps_avg_yearly": 0.84,
            "eps_latest_yearly": 1.68,
            "eps_growth_yearly": 406.68
        },
        "20062": {
            "year_quarter": 20062,
            "year": 2006,
            "quarter": 2,
            "eps": 0.33,
            "eps_growth_year": 371.43,
            "eps_4q": 0.97,
            "eps_4q_growth_year": 72.36,
            "roe": 2.69,
            "roe_4q": 8.06,
            "gross_profit": 32893,
            "gross_margin": 15.06,
            "gross_margin_4q_avg": 13.9,
            "net_income": 15289,
            "net_income_4q": null,
            "revenue": 218359,
            "revenue_4q": null,
            "common_shares": 471744,
            "book_valuer_per_share": 12.19,
            "book_valuer_per_share_4q_avg": 11.81,
            "equity": 575071,
            "current_ratio": 119.07,
            "debt_ratio": 57.11,
            "inventory_turnover_ratio": 0.79,
            "account_receivable_turnover_ratio": null,
            "reinvestment_rate": 99.53,
            "research_to_sale_ratio": null,
            "price_fair": 30.63,
            "eps_avg_yearly": 0.88,
            "eps_latest_yearly": 1.32,
            "eps_growth_yearly": 378.82
        },
        "20063": {
            "year_quarter": 20063,
            "year": 2006,
            "quarter": 3,
            "eps": 0.23,
            "eps_growth_year": 21.05,
            "eps_4q": 1.01,
            "eps_4q_growth_year": 93.01,
            "roe": 1.84,
            "roe_4q": 8.290000000000001,
            "gross_profit": 30812,
            "gross_margin": 13.01,
            "gross_margin_4q_avg": 13.26,
            "net_income": 10686,
            "net_income_4q": null,
            "revenue": 236812,
            "revenue_4q": null,
            "common_shares": 471744,
            "book_valuer_per_share": 12.47,
            "book_valuer_per_share_4q_avg": 12.06,
            "equity": 588065,
            "current_ratio": 136.9,
            "debt_ratio": 58.8,
            "inventory_turnover_ratio": 0.77,
            "account_receivable_turnover_ratio": null,
            "reinvestment_rate": 97.61,
            "research_to_sale_ratio": null,
            "price_fair": 31.94,
            "eps_avg_yearly": 0.91,
            "eps_latest_yearly": 0.92,
            "eps_growth_yearly": 385.72
        },
        "20064": {
            "year_quarter": 20064,
            "year": 2006,
            "quarter": 4,
            "eps": 0.8,
            "eps_growth_year": 1900,
            "eps_4q": 1.78,
            "eps_4q_growth_year": 370.09,
            "roe": 6.09,
            "roe_4q": 14.07,
            "gross_profit": 39751,
            "gross_margin": 15.24,
            "gross_margin_4q_avg": 15.23,
            "net_income": 36999,
            "net_income_4q": null,
            "revenue": 260822,
            "revenue_4q": null,
            "common_shares": 471744,
            "book_valuer_per_share": 13.27,
            "book_valuer_per_share_4q_avg": 12.46,
            "equity": 626160,
            "current_ratio": 141.99,
            "debt_ratio": 58.92,
            "inventory_turnover_ratio": 0.71,
            "account_receivable_turnover_ratio": null,
            "reinvestment_rate": 104.68,
            "research_to_sale_ratio": null,
            "price_fair": 35.26,
            "eps_avg_yearly": 1.01,
            "eps_latest_yearly": 3.2,
            "eps_growth_yearly": 341.43
        },
        "20071": {
            "year_quarter": 20071,
            "year": 2007,
            "quarter": 1,
            "eps": -0.02,
            "eps_growth_year": -104.76,
            "eps_4q": 1.37,
            "eps_4q_growth_year": 90.57,
            "roe": -0.12,
            "roe_4q": 10.5,
            "gross_profit": 16588,
            "gross_margin": 7.05,
            "gross_margin_4q_avg": 12.59,
            "net_income": -909,
            "net_income_4q": null,
            "revenue": 235139,
            "revenue_4q": null,
            "common_shares": 600744,
            "book_valuer_per_share": 13.81,
            "book_valuer_per_share_4q_avg": 12.94,
            "equity": 829827,
            "current_ratio": 177.59,
            "debt_ratio": 49.93,
            "inventory_turnover_ratio": 0.72,
            "account_receivable_turnover_ratio": null,
            "reinvestment_rate": 93.04,
            "research_to_sale_ratio": null,
            "price_fair": 36.49,
            "eps_avg_yearly": 1.04,
            "eps_latest_yearly": 3.2,
            "eps_growth_yearly": 383.24
        },
        "20072": {
            "year_quarter": 20072,
            "year": 2007,
            "quarter": 2,
            "eps": 0.51,
            "eps_growth_year": 54.55,
            "eps_4q": 1.36,
            "eps_4q_growth_year": 40.84,
            "roe": 3.36,
            "roe_4q": 11.17,
            "gross_profit": 39636,
            "gross_margin": 13.63,
            "gross_margin_4q_avg": 12.23,
            "net_income": 28047,
            "net_income_4q": null,
            "revenue": 290816,
            "revenue_4q": null,
            "common_shares": 600744,
            "book_valuer_per_share": 14.02,
            "book_valuer_per_share_4q_avg": 13.39,
            "equity": 841981,
            "current_ratio": 179.49,
            "debt_ratio": 49.01,
            "inventory_turnover_ratio": 1.04,
            "account_receivable_turnover_ratio": null,
            "reinvestment_rate": 103.8,
            "research_to_sale_ratio": null,
            "price_fair": 35.8,
            "eps_avg_yearly": 1.02,
            "eps_latest_yearly": 3.2,
            "eps_growth_yearly": 360.61
        },
        "20073": {
            "year_quarter": 20073,
            "year": 2007,
            "quarter": 3,
            "eps": 0.43,
            "eps_growth_year": 86.96,
            "eps_4q": 1.48,
            "eps_4q_growth_year": 46.33,
            "roe": 3.1,
            "roe_4q": 12.43,
            "gross_profit": 35730,
            "gross_margin": 11.48,
            "gross_margin_4q_avg": 11.85,
            "net_income": 26351,
            "net_income_4q": null,
            "revenue": 311287,
            "revenue_4q": null,
            "common_shares": 630311,
            "book_valuer_per_share": 13.65,
            "book_valuer_per_share_4q_avg": 13.69,
            "equity": 860469,
            "current_ratio": 150.75,
            "debt_ratio": 48.67,
            "inventory_turnover_ratio": 1.3,
            "account_receivable_turnover_ratio": null,
            "reinvestment_rate": 96.6,
            "research_to_sale_ratio": null,
            "price_fair": 38.7,
            "eps_avg_yearly": 1.11,
            "eps_latest_yearly": 1.72,
            "eps_growth_yearly": 372.58
        },
        "20074": {
            "year_quarter": 20074,
            "year": 2007,
            "quarter": 4,
            "eps": 0.68,
            "eps_growth_year": -15,
            "eps_4q": 1.55,
            "eps_4q_growth_year": -12.88,
            "roe": 4.75,
            "roe_4q": 11.09,
            "gross_profit": 48456,
            "gross_margin": 15.95,
            "gross_margin_4q_avg": 12.03,
            "net_income": 41902,
            "net_income_4q": null,
            "revenue": 303763,
            "revenue_4q": null,
            "common_shares": 630311,
            "book_valuer_per_share": 14.32,
            "book_valuer_per_share_4q_avg": 13.95,
            "equity": 902701,
            "current_ratio": 156.43,
            "debt_ratio": 50.64,
            "inventory_turnover_ratio": 1.06,
            "account_receivable_turnover_ratio": null,
            "reinvestment_rate": 109.33,
            "research_to_sale_ratio": null,
            "price_fair": 41.8,
            "eps_avg_yearly": 1.19,
            "eps_latest_yearly": 2.72,
            "eps_growth_yearly": 342.25
        },
        "20081": {
            "year_quarter": 20081,
            "year": 2008,
            "quarter": 1,
            "eps": 0,
            "eps_growth_year": null,
            "eps_4q": 1.52,
            "eps_4q_growth_year": 11.61,
            "roe": -0.03,
            "roe_4q": 11.18,
            "gross_profit": 27262,
            "gross_margin": 9.2,
            "gross_margin_4q_avg": 12.57,
            "net_income": -237,
            "net_income_4q": null,
            "revenue": 296353,
            "revenue_4q": null,
            "common_shares": 630311,
            "book_valuer_per_share": 14.04,
            "book_valuer_per_share_4q_avg": 14.01,
            "equity": 885244,
            "current_ratio": 162.13,
            "debt_ratio": 47.82,
            "inventory_turnover_ratio": 0.97,
            "account_receivable_turnover_ratio": null,
            "reinvestment_rate": 147.08,
            "research_to_sale_ratio": null,
            "price_fair": 42.97,
            "eps_avg_yearly": 1.23,
            "eps_latest_yearly": 2.72,
            "eps_growth_yearly": 383.55
        },
        "20082": {
            "year_quarter": 20082,
            "year": 2008,
            "quarter": 2,
            "eps": 0.06,
            "eps_growth_year": -88.24,
            "eps_4q": 1.05,
            "eps_4q_growth_year": -22.77,
            "roe": 0.47,
            "roe_4q": 8.29,
            "gross_profit": 41968,
            "gross_margin": 12.26,
            "gross_margin_4q_avg": 12.22,
            "net_income": 4119,
            "net_income_4q": null,
            "revenue": 342340,
            "revenue_4q": null,
            "common_shares": 630311,
            "book_valuer_per_share": 13.59,
            "book_valuer_per_share_4q_avg": 13.9,
            "equity": 856533,
            "current_ratio": 140.4,
            "debt_ratio": 49.96,
            "inventory_turnover_ratio": 1.12,
            "account_receivable_turnover_ratio": null,
            "reinvestment_rate": 165.39,
            "research_to_sale_ratio": null,
            "price_fair": 43.17,
            "eps_avg_yearly": 1.23,
            "eps_latest_yearly": 2.72,
            "eps_growth_yearly": 397.97
        },
        "20083": {
            "year_quarter": 20083,
            "year": 2008,
            "quarter": 3,
            "eps": 0.29,
            "eps_growth_year": -32.56,
            "eps_4q": 0.94,
            "eps_4q_growth_year": -36.07,
            "roe": 2.33,
            "roe_4q": 7.52,
            "gross_profit": 51403,
            "gross_margin": 14.39,
            "gross_margin_4q_avg": 12.95,
            "net_income": 20303,
            "net_income_4q": null,
            "revenue": 357097,
            "revenue_4q": null,
            "common_shares": 693342,
            "book_valuer_per_share": 12.79,
            "book_valuer_per_share_4q_avg": 13.69,
            "equity": 887001,
            "current_ratio": 140.81,
            "debt_ratio": 49.05,
            "inventory_turnover_ratio": 1.2,
            "account_receivable_turnover_ratio": null,
            "reinvestment_rate": 151.03,
            "research_to_sale_ratio": null,
            "price_fair": 43.63,
            "eps_avg_yearly": 1.25,
            "eps_latest_yearly": 1.16,
            "eps_growth_yearly": 530.34
        },
        "20084": {
            "year_quarter": 20084,
            "year": 2008,
            "quarter": 4,
            "eps": -0.14,
            "eps_growth_year": -120.59,
            "eps_4q": 0.21,
            "eps_4q_growth_year": -86.43,
            "roe": -1.1,
            "roe_4q": 1.67,
            "gross_profit": 13502,
            "gross_margin": 5.53,
            "gross_margin_4q_avg": 10.35,
            "net_income": -9821,
            "net_income_4q": null,
            "revenue": 243948,
            "revenue_4q": null,
            "common_shares": 693342,
            "book_valuer_per_share": 12.93,
            "book_valuer_per_share_4q_avg": 13.34,
            "equity": 896596,
            "current_ratio": 154.51,
            "debt_ratio": 41.68,
            "inventory_turnover_ratio": 0.97,
            "account_receivable_turnover_ratio": 1.55,
            "reinvestment_rate": 95.45,
            "research_to_sale_ratio": null,
            "price_fair": 45.05,
            "eps_avg_yearly": 1.29,
            "eps_latest_yearly": 1.16,
            "eps_growth_yearly": 585.83
        },
        "20091": {
            "year_quarter": 20091,
            "year": 2009,
            "quarter": 1,
            "eps": -0.76,
            "eps_growth_year": null,
            "eps_4q": -0.55,
            "eps_4q_growth_year": -136.36,
            "roe": -6.04,
            "roe_4q": -4.340000000000001,
            "gross_profit": -29804,
            "gross_margin": -22.84,
            "gross_margin_4q_avg": 2.34,
            "net_income": -53023,
            "net_income_4q": null,
            "revenue": 130485,
            "revenue_4q": null,
            "common_shares": 693342,
            "book_valuer_per_share": 12.39,
            "book_valuer_per_share_4q_avg": 12.93,
            "equity": 859330,
            "current_ratio": 162.72,
            "debt_ratio": 36.79,
            "inventory_turnover_ratio": 0.8,
            "account_receivable_turnover_ratio": 0.55,
            "reinvestment_rate": 172.93,
            "research_to_sale_ratio": null,
            "price_fair": 48.72,
            "eps_avg_yearly": 1.39,
            "eps_latest_yearly": 1.16,
            "eps_growth_yearly": 672.41
        },
        "20092": {
            "year_quarter": 20092,
            "year": 2009,
            "quarter": 2,
            "eps": 0.34,
            "eps_growth_year": 466.67,
            "eps_4q": -0.28,
            "eps_4q_growth_year": -126.24,
            "roe": 2.71,
            "roe_4q": -2.0999999999999996,
            "gross_profit": 42310,
            "gross_margin": 16.72,
            "gross_margin_4q_avg": 3.45,
            "net_income": 23491,
            "net_income_4q": null,
            "revenue": 253034,
            "revenue_4q": null,
            "common_shares": 693342,
            "book_valuer_per_share": 12.65,
            "book_valuer_per_share_4q_avg": 12.69,
            "equity": 877188,
            "current_ratio": 147.75,
            "debt_ratio": 39.79,
            "inventory_turnover_ratio": 1.2,
            "account_receivable_turnover_ratio": 1.15,
            "reinvestment_rate": 135.68,
            "research_to_sale_ratio": null,
            "price_fair": 53.04,
            "eps_avg_yearly": 1.52,
            "eps_latest_yearly": 1.16,
            "eps_growth_yearly": 739.72
        },
        "20093": {
            "year_quarter": 20093,
            "year": 2009,
            "quarter": 3,
            "eps": 0.56,
            "eps_growth_year": 93.1,
            "eps_4q": -0.01,
            "eps_4q_growth_year": -100.65,
            "roe": 4.41,
            "roe_4q": -0.020000000000000018,
            "gross_profit": 73533,
            "gross_margin": 23.28,
            "gross_margin_4q_avg": 5.67,
            "net_income": 38927,
            "net_income_4q": null,
            "revenue": 315915,
            "revenue_4q": null,
            "common_shares": 693342,
            "book_valuer_per_share": 12.81,
            "book_valuer_per_share_4q_avg": 12.7,
            "equity": 888502,
            "current_ratio": 139.61,
            "debt_ratio": 43.88,
            "inventory_turnover_ratio": 1.31,
            "account_receivable_turnover_ratio": 0.97,
            "reinvestment_rate": 114.87,
            "research_to_sale_ratio": null,
            "price_fair": 58.8,
            "eps_avg_yearly": 1.68,
            "eps_latest_yearly": 2.24,
            "eps_growth_yearly": 692.28
        },
        "20094": {
            "year_quarter": 20094,
            "year": 2009,
            "quarter": 4,
            "eps": 0.26,
            "eps_growth_year": null,
            "eps_4q": 0.4,
            "eps_4q_growth_year": 88.84,
            "roe": 2.04,
            "roe_4q": 3.12,
            "gross_profit": 51744,
            "gross_margin": 16.76,
            "gross_margin_4q_avg": 8.48,
            "net_income": 18100,
            "net_income_4q": null,
            "revenue": 308650,
            "revenue_4q": null,
            "common_shares": 693342,
            "book_valuer_per_share": 12.73,
            "book_valuer_per_share_4q_avg": 12.65,
            "equity": 882792,
            "current_ratio": 137.5,
            "debt_ratio": 44.93,
            "inventory_turnover_ratio": 1.2,
            "account_receivable_turnover_ratio": 1.54,
            "reinvestment_rate": 95.78,
            "research_to_sale_ratio": null,
            "price_fair": 62.22,
            "eps_avg_yearly": 1.78,
            "eps_latest_yearly": 1.04,
            "eps_growth_yearly": 703.56
        },
        "20101": {
            "year_quarter": 20101,
            "year": 2010,
            "quarter": 1,
            "eps": 0.42,
            "eps_growth_year": null,
            "eps_4q": 1.58,
            "eps_4q_growth_year": null,
            "roe": 3.22,
            "roe_4q": 12.379999999999999,
            "gross_profit": 59633,
            "gross_margin": 18.22,
            "gross_margin_4q_avg": 18.75,
            "net_income": 28866,
            "net_income_4q": null,
            "revenue": 327212,
            "revenue_4q": null,
            "common_shares": 693342,
            "book_valuer_per_share": 13.14,
            "book_valuer_per_share_4q_avg": 12.83,
            "equity": 911096,
            "current_ratio": 149.13,
            "debt_ratio": 43.68,
            "inventory_turnover_ratio": 1.09,
            "account_receivable_turnover_ratio": 0.83,
            "reinvestment_rate": 123.52,
            "research_to_sale_ratio": 0.34,
            "price_fair": 62.22,
            "eps_avg_yearly": 1.78,
            "eps_latest_yearly": 1.68,
            "eps_growth_yearly": 308.69
        },
        "20102": {
            "year_quarter": 20102,
            "year": 2010,
            "quarter": 2,
            "eps": 0.25,
            "eps_growth_year": -25.86,
            "eps_4q": 1.49,
            "eps_4q_growth_year": null,
            "roe": 1.94,
            "roe_4q": 11.61,
            "gross_profit": 57561,
            "gross_margin": 15.35,
            "gross_margin_4q_avg": 18.4,
            "net_income": 17478,
            "net_income_4q": null,
            "revenue": 375082,
            "revenue_4q": null,
            "common_shares": 693342,
            "book_valuer_per_share": 12.89,
            "book_valuer_per_share_4q_avg": 12.89,
            "equity": 893914,
            "current_ratio": 134.87,
            "debt_ratio": 48.72,
            "inventory_turnover_ratio": 1.24,
            "account_receivable_turnover_ratio": 0.91,
            "reinvestment_rate": 165.16,
            "research_to_sale_ratio": 0.31,
            "price_fair": 60.98,
            "eps_avg_yearly": 1.74,
            "eps_latest_yearly": 1,
            "eps_growth_yearly": 300.23
        },
        "20103": {
            "year_quarter": 20103,
            "year": 2010,
            "quarter": 3,
            "eps": 0.46,
            "eps_growth_year": -17.51,
            "eps_4q": 1.39,
            "eps_4q_growth_year": null,
            "roe": 3.53,
            "roe_4q": 10.73,
            "gross_profit": 67092,
            "gross_margin": 17.77,
            "gross_margin_4q_avg": 17.03,
            "net_income": 32027,
            "net_income_4q": null,
            "revenue": 377608,
            "revenue_4q": null,
            "common_shares": 693342,
            "book_valuer_per_share": 13.25,
            "book_valuer_per_share_4q_avg": 13,
            "equity": 918852,
            "current_ratio": 132.88,
            "debt_ratio": 49.03,
            "inventory_turnover_ratio": 1.22,
            "account_receivable_turnover_ratio": 0.84,
            "reinvestment_rate": 161.07,
            "research_to_sale_ratio": 0.36,
            "price_fair": 64.56,
            "eps_avg_yearly": 1.84,
            "eps_latest_yearly": 1.84,
            "eps_growth_yearly": 351.03
        },
        "20104": {
            "year_quarter": 20104,
            "year": 2010,
            "quarter": 4,
            "eps": 0.02,
            "eps_growth_year": -90.97,
            "eps_4q": 1.15,
            "eps_4q_growth_year": 190.95,
            "roe": 0.18,
            "roe_4q": 8.870000000000001,
            "gross_profit": 50468,
            "gross_margin": 15.64,
            "gross_margin_4q_avg": 16.75,
            "net_income": 1627,
            "net_income_4q": null,
            "revenue": 322699,
            "revenue_4q": null,
            "common_shares": 693342,
            "book_valuer_per_share": 13.13,
            "book_valuer_per_share_4q_avg": 13.1,
            "equity": 910114,
            "current_ratio": 129.3,
            "debt_ratio": 47.02,
            "inventory_turnover_ratio": 1.03,
            "account_receivable_turnover_ratio": 0.79,
            "reinvestment_rate": 134.86,
            "research_to_sale_ratio": 0.41,
            "price_fair": 52.42,
            "eps_avg_yearly": 1.5,
            "eps_latest_yearly": 0.08,
            "eps_growth_yearly": 198.37
        },
        "20111": {
            "year_quarter": 20111,
            "year": 2011,
            "quarter": 1,
            "eps": 0.17,
            "eps_growth_year": -59.52,
            "eps_4q": 0.91,
            "eps_4q_growth_year": -42.46,
            "roe": 1.29,
            "roe_4q": 6.9399999999999995,
            "gross_profit": 47224,
            "gross_margin": 15.52,
            "gross_margin_4q_avg": 16.07,
            "net_income": 11811,
            "net_income_4q": null,
            "revenue": 304212,
            "revenue_4q": null,
            "common_shares": 693342,
            "book_valuer_per_share": 13.33,
            "book_valuer_per_share_4q_avg": 13.15,
            "equity": 924209,
            "current_ratio": 137.96,
            "debt_ratio": 46.01,
            "inventory_turnover_ratio": 0.93,
            "account_receivable_turnover_ratio": 0.88,
            "reinvestment_rate": 167.46,
            "research_to_sale_ratio": 0.4,
            "price_fair": 49.56,
            "eps_avg_yearly": 1.42,
            "eps_latest_yearly": 0.68,
            "eps_growth_yearly": 478.53
        },
        "20112": {
            "year_quarter": 20112,
            "year": 2011,
            "quarter": 2,
            "eps": 0.11,
            "eps_growth_year": -55.21,
            "eps_4q": 0.75,
            "eps_4q_growth_year": -49.72,
            "roe": 0.89,
            "roe_4q": 5.890000000000001,
            "gross_profit": 44715,
            "gross_margin": 13.57,
            "gross_margin_4q_avg": 15.63,
            "net_income": 8064,
            "net_income_4q": null,
            "revenue": 329586,
            "revenue_4q": null,
            "common_shares": 693342,
            "book_valuer_per_share": 12.67,
            "book_valuer_per_share_4q_avg": 13.1,
            "equity": 878192,
            "current_ratio": 124.18,
            "debt_ratio": 49.51,
            "inventory_turnover_ratio": 1.01,
            "account_receivable_turnover_ratio": 0.96,
            "reinvestment_rate": 163.37,
            "research_to_sale_ratio": 0.36,
            "price_fair": 46.45,
            "eps_avg_yearly": 1.33,
            "eps_latest_yearly": 0.44,
            "eps_growth_yearly": 422.2
        },
        "20113": {
            "year_quarter": 20113,
            "year": 2011,
            "quarter": 3,
            "eps": -0.09,
            "eps_growth_year": -118.72,
            "eps_4q": 0.21,
            "eps_4q_growth_year": -84.58,
            "roe": -0.7,
            "roe_4q": 1.66,
            "gross_profit": 21812,
            "gross_margin": 7.74,
            "gross_margin_4q_avg": 13.12,
            "net_income": -6177,
            "net_income_4q": null,
            "revenue": 281870,
            "revenue_4q": null,
            "common_shares": 693342,
            "book_valuer_per_share": 12.97,
            "book_valuer_per_share_4q_avg": 13.03,
            "equity": 899335,
            "current_ratio": 127.86,
            "debt_ratio": 47.66,
            "inventory_turnover_ratio": 0.95,
            "account_receivable_turnover_ratio": 0.83,
            "reinvestment_rate": 174.49,
            "research_to_sale_ratio": 0.44,
            "price_fair": 45.08,
            "eps_avg_yearly": 1.29,
            "eps_latest_yearly": 0.44,
            "eps_growth_yearly": 470.69
        },
        "20114": {
            "year_quarter": 20114,
            "year": 2011,
            "quarter": 4,
            "eps": -0.09,
            "eps_growth_year": -492.71,
            "eps_4q": 0.1,
            "eps_4q_growth_year": -91.36,
            "roe": -0.71,
            "roe_4q": 0.7700000000000001,
            "gross_profit": 25039,
            "gross_margin": 10.31,
            "gross_margin_4q_avg": 11.79,
            "net_income": -6581,
            "net_income_4q": null,
            "revenue": 242868,
            "revenue_4q": null,
            "common_shares": 714142,
            "book_valuer_per_share": 13.32,
            "book_valuer_per_share_4q_avg": 13.07,
            "equity": 951004,
            "current_ratio": 208.2,
            "debt_ratio": 45.39,
            "inventory_turnover_ratio": 0.82,
            "account_receivable_turnover_ratio": 0.79,
            "reinvestment_rate": 147,
            "research_to_sale_ratio": 0.35,
            "price_fair": 39.51,
            "eps_avg_yearly": 1.13,
            "eps_latest_yearly": 0.44,
            "eps_growth_yearly": 497.15
        },
        "20121": {
            "year_quarter": 20121,
            "year": 2012,
            "quarter": 1,
            "eps": -0.25,
            "eps_growth_year": -247.06,
            "eps_4q": -0.31,
            "eps_4q_growth_year": -134.5,
            "roe": -1.89,
            "roe_4q": -2.4099999999999997,
            "gross_profit": 12075,
            "gross_margin": 5.37,
            "gross_margin_4q_avg": 9.25,
            "net_income": -17676,
            "net_income_4q": null,
            "revenue": 224692,
            "revenue_4q": null,
            "common_shares": 714142,
            "book_valuer_per_share": 12.93,
            "book_valuer_per_share_4q_avg": 12.97,
            "equity": 923121,
            "current_ratio": 219.05,
            "debt_ratio": 44.84,
            "inventory_turnover_ratio": 0.87,
            "account_receivable_turnover_ratio": 0.77,
            "reinvestment_rate": 164,
            "research_to_sale_ratio": 0.43,
            "price_fair": 39.51,
            "eps_avg_yearly": 1.13,
            "eps_latest_yearly": 0.44,
            "eps_growth_yearly": 497.15
        },
        "20122": {
            "year_quarter": 20122,
            "year": 2012,
            "quarter": 2,
            "eps": -0.11,
            "eps_growth_year": -197.79,
            "eps_4q": -0.54,
            "eps_4q_growth_year": -171.59,
            "roe": -0.86,
            "roe_4q": -4.16,
            "gross_profit": 21955,
            "gross_margin": 9.86,
            "gross_margin_4q_avg": 8.32,
            "net_income": -7886,
            "net_income_4q": null,
            "revenue": 222752,
            "revenue_4q": null,
            "common_shares": 714142,
            "book_valuer_per_share": 12.64,
            "book_valuer_per_share_4q_avg": 12.97,
            "equity": 902876,
            "current_ratio": 198.64,
            "debt_ratio": 44.91,
            "inventory_turnover_ratio": 0.85,
            "account_receivable_turnover_ratio": 0.82,
            "reinvestment_rate": 138.83,
            "research_to_sale_ratio": 0.44,
            "price_fair": 39.51,
            "eps_avg_yearly": 1.13,
            "eps_latest_yearly": 0.44,
            "eps_growth_yearly": 497.15
        },
        "20123": {
            "year_quarter": 20123,
            "year": 2012,
            "quarter": 3,
            "eps": -0.07,
            "eps_growth_year": null,
            "eps_4q": -0.52,
            "eps_4q_growth_year": -340.03,
            "roe": -0.52,
            "roe_4q": -3.9799999999999995,
            "gross_profit": 14266,
            "gross_margin": 7.36,
            "gross_margin_4q_avg": 8.23,
            "net_income": -4642,
            "net_income_4q": null,
            "revenue": 193719,
            "revenue_4q": null,
            "common_shares": 714142,
            "book_valuer_per_share": 12.5,
            "book_valuer_per_share_4q_avg": 12.85,
            "equity": 892828,
            "current_ratio": 191.78,
            "debt_ratio": 44.4,
            "inventory_turnover_ratio": 0.72,
            "account_receivable_turnover_ratio": 0.82,
            "reinvestment_rate": 168.95,
            "research_to_sale_ratio": 0.63,
            "price_fair": 39.38,
            "eps_avg_yearly": 1.13,
            "eps_latest_yearly": 0.44,
            "eps_growth_yearly": 367.63
        },
        "20124": {
            "year_quarter": 20124,
            "year": 2012,
            "quarter": 4,
            "eps": -0.18,
            "eps_growth_year": null,
            "eps_4q": -0.6,
            "eps_4q_growth_year": -706.63,
            "roe": -1.46,
            "roe_4q": -4.7299999999999995,
            "gross_profit": 20360,
            "gross_margin": 9.36,
            "gross_margin_4q_avg": 7.99,
            "net_income": -12970,
            "net_income_4q": null,
            "revenue": 217551,
            "revenue_4q": null,
            "common_shares": 714142,
            "book_valuer_per_share": 12.31,
            "book_valuer_per_share_4q_avg": 12.6,
            "equity": 878965,
            "current_ratio": 184.48,
            "debt_ratio": 46.01,
            "inventory_turnover_ratio": 0.72,
            "account_receivable_turnover_ratio": 0.97,
            "reinvestment_rate": 199.34,
            "research_to_sale_ratio": 1,
            "price_fair": 39.38,
            "eps_avg_yearly": 1.13,
            "eps_latest_yearly": 0.44,
            "eps_growth_yearly": 367.63
        },
        "20131": {
            "year_quarter": 20131,
            "year": 2013,
            "quarter": 1,
            "eps": -0.14,
            "eps_growth_year": null,
            "eps_4q": -0.5,
            "eps_4q_growth_year": null,
            "roe": -1.14,
            "roe_4q": -3.9799999999999995,
            "gross_profit": 15387,
            "gross_margin": 7.5,
            "gross_margin_4q_avg": 8.52,
            "net_income": -10215,
            "net_income_4q": null,
            "revenue": 205294,
            "revenue_4q": null,
            "common_shares": 714142,
            "book_valuer_per_share": 11.99,
            "book_valuer_per_share_4q_avg": 12.36,
            "equity": 919729,
            "current_ratio": 203.56,
            "debt_ratio": 46.23,
            "inventory_turnover_ratio": 0.7,
            "account_receivable_turnover_ratio": 0.86,
            "reinvestment_rate": 149.56,
            "research_to_sale_ratio": 0.62,
            "price_fair": 39.38,
            "eps_avg_yearly": 1.13,
            "eps_latest_yearly": 0.44,
            "eps_growth_yearly": 367.63
        },
        "20132": {
            "year_quarter": 20132,
            "year": 2013,
            "quarter": 2,
            "eps": 0.1,
            "eps_growth_year": null,
            "eps_4q": -0.29,
            "eps_4q_growth_year": null,
            "roe": 0.77,
            "roe_4q": -2.3499999999999996,
            "gross_profit": 40096,
            "gross_margin": 16.21,
            "gross_margin_4q_avg": 10.11,
            "net_income": 7106,
            "net_income_4q": null,
            "revenue": 247304,
            "revenue_4q": null,
            "common_shares": 714142,
            "book_valuer_per_share": 12.2,
            "book_valuer_per_share_4q_avg": 12.25,
            "equity": 934951,
            "current_ratio": 176.91,
            "debt_ratio": 48.03,
            "inventory_turnover_ratio": 0.75,
            "account_receivable_turnover_ratio": 0.9,
            "reinvestment_rate": 183.94,
            "research_to_sale_ratio": 0.54,
            "price_fair": 39.38,
            "eps_avg_yearly": 1.13,
            "eps_latest_yearly": 0.44,
            "eps_growth_yearly": 367.63
        },
        "20133": {
            "year_quarter": 20133,
            "year": 2013,
            "quarter": 3,
            "eps": 0.28,
            "eps_growth_year": null,
            "eps_4q": 0.06,
            "eps_4q_growth_year": null,
            "roe": 2.12,
            "roe_4q": 0.29000000000000026,
            "gross_profit": 47391,
            "gross_margin": 17.71,
            "gross_margin_4q_avg": 12.7,
            "net_income": 21002,
            "net_income_4q": null,
            "revenue": 267578,
            "revenue_4q": null,
            "common_shares": 714142,
            "book_valuer_per_share": 12.07,
            "book_valuer_per_share_4q_avg": 12.14,
            "equity": 1048778,
            "current_ratio": 210.42,
            "debt_ratio": 43.8,
            "inventory_turnover_ratio": 0.79,
            "account_receivable_turnover_ratio": 0.84,
            "reinvestment_rate": 235,
            "research_to_sale_ratio": 0.53,
            "price_fair": 34.48,
            "eps_avg_yearly": 0.99,
            "eps_latest_yearly": 1.12,
            "eps_growth_yearly": 425.27
        },
        "20134": {
            "year_quarter": 20134,
            "year": 2013,
            "quarter": 4,
            "eps": -0.05,
            "eps_growth_year": null,
            "eps_4q": 0.19,
            "eps_4q_growth_year": null,
            "roe": -0.25,
            "roe_4q": 1.5000000000000002,
            "gross_profit": 38278,
            "gross_margin": 15.03,
            "gross_margin_4q_avg": 14.11,
            "net_income": -2622,
            "net_income_4q": null,
            "revenue": 254739,
            "revenue_4q": null,
            "common_shares": 714142,
            "book_valuer_per_share": 12.14,
            "book_valuer_per_share_4q_avg": 12.1,
            "equity": 1057934,
            "current_ratio": 200.72,
            "debt_ratio": 42.54,
            "inventory_turnover_ratio": 0.91,
            "account_receivable_turnover_ratio": 0.76,
            "reinvestment_rate": 171.79,
            "research_to_sale_ratio": 0.34,
            "price_fair": 34.2,
            "eps_avg_yearly": 0.98,
            "eps_latest_yearly": 1.12,
            "eps_growth_yearly": 516.64
        },
        "20141": {
            "year_quarter": 20141,
            "year": 2014,
            "quarter": 1,
            "eps": 0.19,
            "eps_growth_year": null,
            "eps_4q": 0.52,
            "eps_4q_growth_year": null,
            "roe": 1.47,
            "roe_4q": 4.109999999999999,
            "gross_profit": 54144,
            "gross_margin": 21.44,
            "gross_margin_4q_avg": 17.6,
            "net_income": 15604,
            "net_income_4q": null,
            "revenue": 252574,
            "revenue_4q": null,
            "common_shares": 714142,
            "book_valuer_per_share": 12.32,
            "book_valuer_per_share_4q_avg": 12.18,
            "equity": 1072166,
            "current_ratio": 206.15,
            "debt_ratio": 41.55,
            "inventory_turnover_ratio": 0.86,
            "account_receivable_turnover_ratio": 0.77,
            "reinvestment_rate": 244.82,
            "research_to_sale_ratio": 1.15,
            "price_fair": 30.1,
            "eps_avg_yearly": 0.86,
            "eps_latest_yearly": 1.12,
            "eps_growth_yearly": 561.72
        },
        "20142": {
            "year_quarter": 20142,
            "year": 2014,
            "quarter": 2,
            "eps": 0.23,
            "eps_growth_year": 130,
            "eps_4q": 0.66,
            "eps_4q_growth_year": null,
            "roe": 2.03,
            "roe_4q": 5.37,
            "gross_profit": 60422,
            "gross_margin": 22.32,
            "gross_margin_4q_avg": 19.13,
            "net_income": 21734,
            "net_income_4q": null,
            "revenue": 270719,
            "revenue_4q": null,
            "common_shares": 714142,
            "book_valuer_per_share": 12.26,
            "book_valuer_per_share_4q_avg": 12.2,
            "equity": 1070331,
            "current_ratio": 179.4,
            "debt_ratio": 43.01,
            "inventory_turnover_ratio": 0.85,
            "account_receivable_turnover_ratio": 0.82,
            "reinvestment_rate": 1.17,
            "research_to_sale_ratio": 1.16,
            "price_fair": 29.63,
            "eps_avg_yearly": 0.85,
            "eps_latest_yearly": 0.92,
            "eps_growth_yearly": 602.74
        },
        "20143": {
            "year_quarter": 20143,
            "year": 2014,
            "quarter": 3,
            "eps": 0.08,
            "eps_growth_year": -71.43,
            "eps_4q": 0.45,
            "eps_4q_growth_year": 656.7,
            "roe": 0.94,
            "roe_4q": 4.1899999999999995,
            "gross_profit": 53898,
            "gross_margin": 19.2,
            "gross_margin_4q_avg": 19.5,
            "net_income": 10128,
            "net_income_4q": null,
            "revenue": 280781,
            "revenue_4q": null,
            "common_shares": 714142,
            "book_valuer_per_share": 12.49,
            "book_valuer_per_share_4q_avg": 12.3,
            "equity": 1096180,
            "current_ratio": 181.76,
            "debt_ratio": 42.23,
            "inventory_turnover_ratio": 0.86,
            "account_receivable_turnover_ratio": 0.85,
            "reinvestment_rate": 93.89,
            "research_to_sale_ratio": 1.27,
            "price_fair": 20.77,
            "eps_avg_yearly": 0.59,
            "eps_latest_yearly": 0.32,
            "eps_growth_yearly": 503.26
        },
        "20144": {
            "year_quarter": 20144,
            "year": 2014,
            "quarter": 4,
            "eps": -0.13,
            "eps_growth_year": null,
            "eps_4q": 0.37,
            "eps_4q_growth_year": 94.61,
            "roe": -0.65,
            "roe_4q": 3.79,
            "gross_profit": 34541,
            "gross_margin": 14.25,
            "gross_margin_4q_avg": 19.3,
            "net_income": -7139,
            "net_income_4q": null,
            "revenue": 242341,
            "revenue_4q": null,
            "common_shares": 714142,
            "book_valuer_per_share": 12.54,
            "book_valuer_per_share_4q_avg": 12.4,
            "equity": 1108190,
            "current_ratio": 164.89,
            "debt_ratio": 42.17,
            "inventory_turnover_ratio": 0.72,
            "account_receivable_turnover_ratio": 0.8,
            "reinvestment_rate": 1245.16,
            "research_to_sale_ratio": 1.38,
            "price_fair": 24.36,
            "eps_avg_yearly": 0.7,
            "eps_latest_yearly": 0.32,
            "eps_growth_yearly": 680.43
        },
        "20151": {
            "year_quarter": 20151,
            "year": 2015,
            "quarter": 1,
            "eps": -0.17,
            "eps_growth_year": -189.47,
            "eps_4q": 0,
            "eps_4q_growth_year": -99.24,
            "roe": -1.15,
            "roe_4q": 1.17,
            "gross_profit": 22110,
            "gross_margin": 10.66,
            "gross_margin_4q_avg": 16.61,
            "net_income": -12600,
            "net_income_4q": null,
            "revenue": 207381,
            "revenue_4q": null,
            "common_shares": 714142,
            "book_valuer_per_share": 12.3,
            "book_valuer_per_share_4q_avg": 12.4,
            "equity": 1089059,
            "current_ratio": 160.89,
            "debt_ratio": 42.13,
            "inventory_turnover_ratio": 0.63,
            "account_receivable_turnover_ratio": 0.75,
            "reinvestment_rate": null,
            "research_to_sale_ratio": 1.85,
            "price_fair": 24.5,
            "eps_avg_yearly": 0.7,
            "eps_latest_yearly": 0.32,
            "eps_growth_yearly": 100.54
        },
        "20152": {
            "year_quarter": 20152,
            "year": 2015,
            "quarter": 2,
            "eps": -0.34,
            "eps_growth_year": -247.83,
            "eps_4q": -0.57,
            "eps_4q_growth_year": -186.58,
            "roe": -2.29,
            "roe_4q": -3.15,
            "gross_profit": 12545,
            "gross_margin": 5.76,
            "gross_margin_4q_avg": 12.47,
            "net_income": -24154,
            "net_income_4q": null,
            "revenue": 217932,
            "revenue_4q": null,
            "common_shares": 714142,
            "book_valuer_per_share": 11.47,
            "book_valuer_per_share_4q_avg": 12.2,
            "equity": 1024228,
            "current_ratio": 145.63,
            "debt_ratio": 45.14,
            "inventory_turnover_ratio": 0.72,
            "account_receivable_turnover_ratio": 0.82,
            "reinvestment_rate": null,
            "research_to_sale_ratio": 1.87,
            "price_fair": 27.53,
            "eps_avg_yearly": 0.79,
            "eps_latest_yearly": 0.32,
            "eps_growth_yearly": 181.11
        },
        "20153": {
            "year_quarter": 20153,
            "year": 2015,
            "quarter": 3,
            "eps": -0.35,
            "eps_growth_year": -537.5,
            "eps_4q": -1.02,
            "eps_4q_growth_year": -325.22,
            "roe": -2.39,
            "roe_4q": -6.48,
            "gross_profit": 1540,
            "gross_margin": 0.69,
            "gross_margin_4q_avg": 7.84,
            "net_income": -24321,
            "net_income_4q": null,
            "revenue": 223799,
            "revenue_4q": null,
            "common_shares": 714142,
            "book_valuer_per_share": 11.3,
            "book_valuer_per_share_4q_avg": 11.9,
            "equity": 1007399,
            "current_ratio": 213.01,
            "debt_ratio": 47.29,
            "inventory_turnover_ratio": 0.73,
            "account_receivable_turnover_ratio": 0.82,
            "reinvestment_rate": null,
            "research_to_sale_ratio": 2.22,
            "price_fair": 27.53,
            "eps_avg_yearly": 0.79,
            "eps_latest_yearly": 0.32,
            "eps_growth_yearly": 181.11
        },
        "20154": {
            "year_quarter": 20154,
            "year": 2015,
            "quarter": 4,
            "eps": -0.46,
            "eps_growth_year": null,
            "eps_4q": -1.34,
            "eps_4q_growth_year": -464.24,
            "roe": -3.2,
            "roe_4q": -9.03,
            "gross_profit": -1208,
            "gross_margin": -0.59,
            "gross_margin_4q_avg": 4.13,
            "net_income": -31221,
            "net_income_4q": null,
            "revenue": 203083,
            "revenue_4q": null,
            "common_shares": 714142,
            "book_valuer_per_share": 10.53,
            "book_valuer_per_share_4q_avg": 11.4,
            "equity": 946626,
            "current_ratio": 191.74,
            "debt_ratio": 49.6,
            "inventory_turnover_ratio": 0.65,
            "account_receivable_turnover_ratio": 0.75,
            "reinvestment_rate": null,
            "research_to_sale_ratio": 2.81,
            "price_fair": 27.53,
            "eps_avg_yearly": 0.79,
            "eps_latest_yearly": 0.32,
            "eps_growth_yearly": 181.11
        },
        "20161": {
            "year_quarter": 20161,
            "year": 2016,
            "quarter": 1,
            "eps": -0.53,
            "eps_growth_year": null,
            "eps_4q": -1.69,
            "eps_4q_growth_year": -42491.18,
            "roe": -3.71,
            "roe_4q": -11.59,
            "gross_profit": 12857,
            "gross_margin": 5.79,
            "gross_margin_4q_avg": 2.91,
            "net_income": -34459,
            "net_income_4q": null,
            "revenue": 222072,
            "revenue_4q": null,
            "common_shares": 714142,
            "book_valuer_per_share": 9.98,
            "book_valuer_per_share_4q_avg": 10.82,
            "equity": 909240,
            "current_ratio": 173.07,
            "debt_ratio": 51.38,
            "inventory_turnover_ratio": 0.68,
            "account_receivable_turnover_ratio": 0.85,
            "reinvestment_rate": null,
            "research_to_sale_ratio": 1.94,
            "price_fair": 27.53,
            "eps_avg_yearly": 0.79,
            "eps_latest_yearly": 0.32,
            "eps_growth_yearly": 181.11
        },
        "20162": {
            "year_quarter": 20162,
            "year": 2016,
            "quarter": 2,
            "eps": -0.42,
            "eps_growth_year": null,
            "eps_4q": -1.77,
            "eps_4q_growth_year": null,
            "roe": -2.86,
            "roe_4q": -12.16,
            "gross_profit": 23510,
            "gross_margin": 9.35,
            "gross_margin_4q_avg": 3.81,
            "net_income": -25453,
            "net_income_4q": null,
            "revenue": 251575,
            "revenue_4q": null,
            "common_shares": 714142,
            "book_valuer_per_share": 9.4,
            "book_valuer_per_share_4q_avg": 10.3,
            "equity": 867715,
            "current_ratio": 150.2,
            "debt_ratio": 53.82,
            "inventory_turnover_ratio": 0.73,
            "account_receivable_turnover_ratio": 0.92,
            "reinvestment_rate": null,
            "research_to_sale_ratio": 1.65,
            "price_fair": 27.53,
            "eps_avg_yearly": 0.79,
            "eps_latest_yearly": 0.32,
            "eps_growth_yearly": 181.11
        },
        "20163": {
            "year_quarter": 20163,
            "year": 2016,
            "quarter": 3,
            "eps": -0.35,
            "eps_growth_year": null,
            "eps_4q": -1.76,
            "eps_4q_growth_year": null,
            "roe": -2.3,
            "roe_4q": -12.07,
            "gross_profit": 29703,
            "gross_margin": 10.98,
            "gross_margin_4q_avg": 6.38,
            "net_income": -19481,
            "net_income_4q": null,
            "revenue": 270409,
            "revenue_4q": null,
            "common_shares": 714142,
            "book_valuer_per_share": 8.86,
            "book_valuer_per_share_4q_avg": 9.69,
            "equity": 828459,
            "current_ratio": 134.42,
            "debt_ratio": 56.46,
            "inventory_turnover_ratio": 0.77,
            "account_receivable_turnover_ratio": 0.89,
            "reinvestment_rate": null,
            "research_to_sale_ratio": 1.51,
            "price_fair": 27.53,
            "eps_avg_yearly": 0.79,
            "eps_latest_yearly": 0.32,
            "eps_growth_yearly": 181.11
        },
        "20164": {
            "year_quarter": 20164,
            "year": 2016,
            "quarter": 4,
            "eps": -0.34,
            "eps_growth_year": null,
            "eps_4q": -1.64,
            "eps_4q_growth_year": null,
            "roe": -2.55,
            "roe_4q": -11.419999999999998,
            "gross_profit": 30271,
            "gross_margin": 10.81,
            "gross_margin_4q_avg": 9.23,
            "net_income": -20018,
            "net_income_4q": null,
            "revenue": 280048,
            "revenue_4q": null,
            "common_shares": 714142,
            "book_valuer_per_share": 8.47,
            "book_valuer_per_share_4q_avg": 9.18,
            "equity": 744503,
            "current_ratio": 134.43,
            "debt_ratio": 56.9,
            "inventory_turnover_ratio": 0.82,
            "account_receivable_turnover_ratio": 0.85,
            "reinvestment_rate": null,
            "research_to_sale_ratio": 1.45,
            "price_fair": 27.53,
            "eps_avg_yearly": 0.79,
            "eps_latest_yearly": 0.32,
            "eps_growth_yearly": 181.11
        },
        "20171": {
            "year_quarter": 20171,
            "year": 2017,
            "quarter": 1,
            "eps": -0.41,
            "eps_growth_year": null,
            "eps_4q": -1.52,
            "eps_4q_growth_year": null,
            "roe": -3.25,
            "roe_4q": -10.959999999999999,
            "gross_profit": 31698,
            "gross_margin": 12.23,
            "gross_margin_4q_avg": 10.84,
            "net_income": -23445,
            "net_income_4q": null,
            "revenue": 259233,
            "revenue_4q": null,
            "common_shares": 714142,
            "book_valuer_per_share": 7.86,
            "book_valuer_per_share_4q_avg": 8.65,
            "equity": 700130,
            "current_ratio": 129.55,
            "debt_ratio": 57.06,
            "inventory_turnover_ratio": 0.79,
            "account_receivable_turnover_ratio": 0.78,
            "reinvestment_rate": null,
            "research_to_sale_ratio": 1.49,
            "price_fair": 27.53,
            "eps_avg_yearly": 0.79,
            "eps_latest_yearly": 0.32,
            "eps_growth_yearly": 181.11
        },
        "20172": {
            "year_quarter": 20172,
            "year": 2017,
            "quarter": 2,
            "eps": -0.15,
            "eps_growth_year": null,
            "eps_4q": -1.26,
            "eps_4q_growth_year": null,
            "roe": -0.26,
            "roe_4q": -8.36,
            "gross_profit": 45676,
            "gross_margin": 15.1,
            "gross_margin_4q_avg": 12.28,
            "net_income": -1852,
            "net_income_4q": null,
            "revenue": 302393,
            "revenue_4q": null,
            "common_shares": 714142,
            "book_valuer_per_share": 7.78,
            "book_valuer_per_share_4q_avg": 8.24,
            "equity": 705715,
            "current_ratio": 125.9,
            "debt_ratio": 58.66,
            "inventory_turnover_ratio": 0.88,
            "account_receivable_turnover_ratio": 0.9,
            "reinvestment_rate": null,
            "research_to_sale_ratio": 1.18,
            "price_fair": 27.53,
            "eps_avg_yearly": 0.79,
            "eps_latest_yearly": 0.32,
            "eps_growth_yearly": 181.11
        },
        "20173": {
            "year_quarter": 20173,
            "year": 2017,
            "quarter": 3,
            "eps": 0.15,
            "eps_growth_year": null,
            "eps_4q": -0.75,
            "eps_4q_growth_year": null,
            "roe": 2.59,
            "roe_4q": -3.4699999999999998,
            "gross_profit": 77548,
            "gross_margin": 21.17,
            "gross_margin_4q_avg": 14.83,
            "net_income": 18582,
            "net_income_4q": null,
            "revenue": 366315,
            "revenue_4q": null,
            "common_shares": 714142,
            "book_valuer_per_share": 7.99,
            "book_valuer_per_share_4q_avg": 8.03,
            "equity": 730750,
            "current_ratio": 121.01,
            "debt_ratio": 59.27,
            "inventory_turnover_ratio": 0.94,
            "account_receivable_turnover_ratio": 0.96,
            "reinvestment_rate": null,
            "research_to_sale_ratio": 1.02,
            "price_fair": 1.86,
            "eps_avg_yearly": 0.62,
            "eps_latest_yearly": 0.32,
            "eps_growth_yearly": -88.33
        },
        "20174": {
            "year_quarter": 20174,
            "year": 2017,
            "quarter": 4,
            "eps": -0.09,
            "eps_growth_year": null,
            "eps_4q": -0.68,
            "eps_4q_growth_year": null,
            "roe": 0.03,
            "roe_4q": -0.8900000000000006,
            "gross_profit": 57614,
            "gross_margin": 16.32,
            "gross_margin_4q_avg": 16.21,
            "net_income": 250,
            "net_income_4q": null,
            "revenue": 352933,
            "revenue_4q": null,
            "common_shares": 501019,
            "book_valuer_per_share": 11.4,
            "book_valuer_per_share_4q_avg": 8.76,
            "equity": 736559,
            "current_ratio": 120.31,
            "debt_ratio": 59.4,
            "inventory_turnover_ratio": 0.91,
            "account_receivable_turnover_ratio": 0.88,
            "reinvestment_rate": null,
            "research_to_sale_ratio": 1.07,
            "price_fair": 1.86,
            "eps_avg_yearly": 0.62,
            "eps_latest_yearly": 0.32,
            "eps_growth_yearly": -88.33
        },
        "20181": {
            "year_quarter": 20181,
            "year": 2018,
            "quarter": 1,
            "eps": -0.53,
            "eps_growth_year": null,
            "eps_4q": -0.63,
            "eps_4q_growth_year": null,
            "roe": -3.17,
            "roe_4q": -0.8100000000000003,
            "gross_profit": 33333,
            "gross_margin": 9.99,
            "gross_margin_4q_avg": 15.65,
            "net_income": -23147,
            "net_income_4q": null,
            "revenue": 333629,
            "revenue_4q": null,
            "common_shares": 501019,
            "book_valuer_per_share": 11.01,
            "book_valuer_per_share_4q_avg": 9.55,
            "equity": 723674,
            "current_ratio": 117.49,
            "debt_ratio": 60.1,
            "inventory_turnover_ratio": 0.91,
            "account_receivable_turnover_ratio": 0.9,
            "reinvestment_rate": null,
            "research_to_sale_ratio": 1.29,
            "price_fair": 1.86,
            "eps_avg_yearly": 0.62,
            "eps_latest_yearly": 0.32,
            "eps_growth_yearly": -88.33
        },
        "20182": {
            "year_quarter": 20182,
            "year": 2018,
            "quarter": 2,
            "eps": -0.16,
            "eps_growth_year": null,
            "eps_4q": -0.56,
            "eps_4q_growth_year": null,
            "roe": -0.43,
            "roe_4q": -0.9800000000000004,
            "gross_profit": 51170,
            "gross_margin": 14.41,
            "gross_margin_4q_avg": 15.47,
            "net_income": -3088,
            "net_income_4q": null,
            "revenue": 355104,
            "revenue_4q": null,
            "common_shares": 501019,
            "book_valuer_per_share": 10.77,
            "book_valuer_per_share_4q_avg": 10.29,
            "equity": 714234,
            "current_ratio": 118.69,
            "debt_ratio": 59.8,
            "inventory_turnover_ratio": 0.95,
            "account_receivable_turnover_ratio": 0.99,
            "reinvestment_rate": null,
            "research_to_sale_ratio": 1.23,
            "price_fair": 0.96,
            "eps_avg_yearly": 0.32,
            "eps_latest_yearly": 0.32,
            "eps_growth_yearly": -260.87
        },
        "20183": {
            "year_quarter": 20183,
            "year": 2018,
            "quarter": 3,
            "eps": -0.17,
            "eps_growth_year": -213.33,
            "eps_4q": -0.95,
            "eps_4q_growth_year": null,
            "roe": -0.46,
            "roe_4q": -4.029999999999999,
            "gross_profit": 51174,
            "gross_margin": 15.12,
            "gross_margin_4q_avg": 13.96,
            "net_income": -3204,
            "net_income_4q": null,
            "revenue": 338391,
            "revenue_4q": null,
            "common_shares": 501019,
            "book_valuer_per_share": 10.32,
            "book_valuer_per_share_4q_avg": 10.88,
            "equity": 691212,
            "current_ratio": 204.55,
            "debt_ratio": 61.35,
            "inventory_turnover_ratio": 0.93,
            "account_receivable_turnover_ratio": 0.87,
            "reinvestment_rate": null,
            "research_to_sale_ratio": 0.97,
            "price_fair": 0,
            "eps_avg_yearly": 0,
            "eps_latest_yearly": 0,
            "eps_growth_yearly": 0
        },
        "20184": {
            "year_quarter": 20184,
            "year": 2018,
            "quarter": 4,
            "eps": -0.31,
            "eps_growth_year": null,
            "eps_4q": -1.17,
            "eps_4q_growth_year": null,
            "roe": -1.82,
            "roe_4q": -5.880000000000001,
            "gross_profit": 35985,
            "gross_margin": 12.87,
            "gross_margin_4q_avg": 13.1,
            "net_income": -12559,
            "net_income_4q": null,
            "revenue": 279550,
            "revenue_4q": null,
            "common_shares": 494004,
            "book_valuer_per_share": 10.15,
            "book_valuer_per_share_4q_avg": 10.56,
            "equity": 686622,
            "current_ratio": 197,
            "debt_ratio": 61.71,
            "inventory_turnover_ratio": 0.72,
            "account_receivable_turnover_ratio": 0.76,
            "reinvestment_rate": null,
            "research_to_sale_ratio": 1.1,
            "price_fair": 0,
            "eps_avg_yearly": 0,
            "eps_latest_yearly": 0,
            "eps_growth_yearly": 0
        },
        "20191": {
            "year_quarter": 20191,
            "year": 2019,
            "quarter": 1,
            "eps": -0.73,
            "eps_growth_year": null,
            "eps_4q": -1.37,
            "eps_4q_growth_year": null,
            "roe": -5.99,
            "roe_4q": -8.700000000000001,
            "gross_profit": 1022,
            "gross_margin": 0.51,
            "gross_margin_4q_avg": 10.73,
            "net_income": -40332,
            "net_income_4q": null,
            "revenue": 201030,
            "revenue_4q": null,
            "common_shares": 494004,
            "book_valuer_per_share": 9.61,
            "book_valuer_per_share_4q_avg": 10.21,
            "equity": 660027,
            "current_ratio": 204.87,
            "debt_ratio": 61.41,
            "inventory_turnover_ratio": 0.55,
            "account_receivable_turnover_ratio": 0.67,
            "reinvestment_rate": null,
            "research_to_sale_ratio": 1.52,
            "price_fair": 0,
            "eps_avg_yearly": 0,
            "eps_latest_yearly": 0,
            "eps_growth_yearly": 0
        },
        "20192": {
            "year_quarter": 20192,
            "year": 2019,
            "quarter": 2,
            "eps": -0.61,
            "eps_growth_year": null,
            "eps_4q": -1.82,
            "eps_4q_growth_year": null,
            "roe": -4.97,
            "roe_4q": -13.240000000000002,
            "gross_profit": 8943,
            "gross_margin": 3.64,
            "gross_margin_4q_avg": 8.04,
            "net_income": -31816,
            "net_income_4q": null,
            "revenue": 245687,
            "revenue_4q": null,
            "common_shares": 494004,
            "book_valuer_per_share": 8.88,
            "book_valuer_per_share_4q_avg": 9.74,
            "equity": 620393,
            "current_ratio": 216.04,
            "debt_ratio": 62.34,
            "inventory_turnover_ratio": 0.7,
            "account_receivable_turnover_ratio": 0.85,
            "reinvestment_rate": null,
            "research_to_sale_ratio": 1.33,
            "price_fair": 0,
            "eps_avg_yearly": 0,
            "eps_latest_yearly": 0,
            "eps_growth_yearly": 0
        },
        "20193": {
            "year_quarter": 20193,
            "year": 2019,
            "quarter": 3,
            "eps": -0.64,
            "eps_growth_year": null,
            "eps_4q": -2.3,
            "eps_4q_growth_year": null,
            "roe": -5.72,
            "roe_4q": -18.5,
            "gross_profit": 5269,
            "gross_margin": 2.05,
            "gross_margin_4q_avg": 4.77,
            "net_income": -33811,
            "net_income_4q": null,
            "revenue": 257331,
            "revenue_4q": null,
            "common_shares": 494004,
            "book_valuer_per_share": 7.9,
            "book_valuer_per_share_4q_avg": 9.14,
            "equity": 562750,
            "current_ratio": 154.4,
            "debt_ratio": 65.81,
            "inventory_turnover_ratio": 0.81,
            "account_receivable_turnover_ratio": 0.8,
            "reinvestment_rate": null,
            "research_to_sale_ratio": 1.3,
            "price_fair": 0,
            "eps_avg_yearly": 0,
            "eps_latest_yearly": 0,
            "eps_growth_yearly": 0
        },
        "20194": {
            "year_quarter": 20194,
            "year": 2019,
            "quarter": 4,
            "eps": -1.7,
            "eps_growth_year": null,
            "eps_4q": -3.69,
            "eps_4q_growth_year": null,
            "roe": -20.7,
            "roe_4q": -37.379999999999995,
            "gross_profit": -66124,
            "gross_margin": -24.45,
            "gross_margin_4q_avg": -4.56,
            "net_income": -105527,
            "net_income_4q": null,
            "revenue": 270468,
            "revenue_4q": null,
            "common_shares": 494004,
            "book_valuer_per_share": 6.22,
            "book_valuer_per_share_4q_avg": 8.15,
            "equity": 456711,
            "current_ratio": 138.93,
            "debt_ratio": 69.73,
            "inventory_turnover_ratio": 1.31,
            "account_receivable_turnover_ratio": 0.81,
            "reinvestment_rate": null,
            "research_to_sale_ratio": 0.87,
            "price_fair": 0,
            "eps_avg_yearly": 0,
            "eps_latest_yearly": 0,
            "eps_growth_yearly": 0
        },
        "20201": {
            "year_quarter": 20201,
            "year": 2020,
            "quarter": 1,
            "eps": -0.07,
            "eps_growth_year": null,
            "eps_4q": -1.91,
            "eps_4q_growth_year": null,
            "roe": -0.73,
            "roe_4q": -32.12,
            "gross_profit": 2261,
            "gross_margin": 1.24,
            "gross_margin_4q_avg": -4.38,
            "net_income": -4480,
            "net_income_4q": null,
            "revenue": 182825,
            "revenue_4q": null,
            "common_shares": 794004,
            "book_valuer_per_share": 7.72,
            "book_valuer_per_share_4q_avg": 7.68,
            "equity": 762477,
            "current_ratio": 321.85,
            "debt_ratio": 49.03,
            "inventory_turnover_ratio": 0.88,
            "account_receivable_turnover_ratio": 0.68,
            "reinvestment_rate": null,
            "research_to_sale_ratio": 1.51,
            "price_fair": 0,
            "eps_avg_yearly": 0,
            "eps_latest_yearly": 0,
            "eps_growth_yearly": 0
        },
        "20202": {
            "year_quarter": 20202,
            "year": 2020,
            "quarter": 2,
            "eps": -0.19,
            "eps_growth_year": null,
            "eps_4q": -1.72,
            "eps_4q_growth_year": null,
            "roe": -0.94,
            "roe_4q": -28.089999999999996,
            "gross_profit": 31084,
            "gross_margin": 10.83,
            "gross_margin_4q_avg": -2.58,
            "net_income": -7075,
            "net_income_4q": null,
            "revenue": 286950,
            "revenue_4q": null,
            "common_shares": 794004,
            "book_valuer_per_share": 7.42,
            "book_valuer_per_share_4q_avg": 7.32,
            "equity": 743926,
            "current_ratio": 293.23,
            "debt_ratio": 50.48,
            "inventory_turnover_ratio": 1.26,
            "account_receivable_turnover_ratio": 1.12,
            "reinvestment_rate": null,
            "research_to_sale_ratio": 1.36,
            "price_fair": 0,
            "eps_avg_yearly": 0,
            "eps_latest_yearly": 0,
            "eps_growth_yearly": 0
        },
        "20203": {
            "year_quarter": 20203,
            "year": 2020,
            "quarter": 3,
            "eps": -0.27,
            "eps_growth_year": null,
            "eps_4q": -1.59,
            "eps_4q_growth_year": null,
            "roe": -2.34,
            "roe_4q": -24.71,
            "gross_profit": 27034,
            "gross_margin": 9.4,
            "gross_margin_4q_avg": -0.75,
            "net_income": -17335,
            "net_income_4q": null,
            "revenue": 287581,
            "revenue_4q": null,
            "common_shares": 794004,
            "book_valuer_per_share": 7.26,
            "book_valuer_per_share_4q_avg": 7.16,
            "equity": 738885,
            "current_ratio": 274.04,
            "debt_ratio": 51.26,
            "inventory_turnover_ratio": 1.17,
            "account_receivable_turnover_ratio": 0.94,
            "reinvestment_rate": null,
            "research_to_sale_ratio": 2.41,
            "price_fair": 0,
            "eps_avg_yearly": 0,
            "eps_latest_yearly": 0,
            "eps_growth_yearly": 0
        },
        "20204": {
            "year_quarter": 20204,
            "year": 2020,
            "quarter": 4,
            "eps": -0.27,
            "eps_growth_year": null,
            "eps_4q": -0.81,
            "eps_4q_growth_year": null,
            "roe": -2.07,
            "roe_4q": -6.08,
            "gross_profit": 24564,
            "gross_margin": 9.13,
            "gross_margin_4q_avg": 7.65,
            "net_income": -15458,
            "net_income_4q": null,
            "revenue": 268999,
            "revenue_4q": null,
            "common_shares": 794004,
            "book_valuer_per_share": 7.3,
            "book_valuer_per_share_4q_avg": 7.43,
            "equity": 751841,
            "current_ratio": 261.99,
            "debt_ratio": 50.13,
            "inventory_turnover_ratio": 0.99,
            "account_receivable_turnover_ratio": 0.87,
            "reinvestment_rate": null,
            "research_to_sale_ratio": 2.35,
            "price_fair": 0,
            "eps_avg_yearly": 0,
            "eps_latest_yearly": 0,
            "eps_growth_yearly": 0
        },
        "20211": {
            "year_quarter": 20211,
            "year": 2021,
            "quarter": 1,
            "eps": -0.06,
            "eps_growth_year": null,
            "eps_4q": -0.8,
            "eps_4q_growth_year": null,
            "roe": -0.19,
            "roe_4q": -5.539999999999999,
            "gross_profit": 29892,
            "gross_margin": 10.88,
            "gross_margin_4q_avg": 10.06,
            "net_income": -1399,
            "net_income_4q": null,
            "revenue": 274650,
            "revenue_4q": null,
            "common_shares": 794004,
            "book_valuer_per_share": 7.28,
            "book_valuer_per_share_4q_avg": 7.32,
            "equity": 752668,
            "current_ratio": 247.23,
            "debt_ratio": 50.55,
            "inventory_turnover_ratio": 0.98,
            "account_receivable_turnover_ratio": 0.9,
            "reinvestment_rate": null,
            "research_to_sale_ratio": 3,
            "price_fair": 0,
            "eps_avg_yearly": 0,
            "eps_latest_yearly": 0,
            "eps_growth_yearly": 0
        },
        "20212": {
            "year_quarter": 20212,
            "year": 2021,
            "quarter": 2,
            "eps": -0.01,
            "eps_growth_year": null,
            "eps_4q": -0.62,
            "eps_4q_growth_year": null,
            "roe": 0.64,
            "roe_4q": -3.96,
            "gross_profit": 48964,
            "gross_margin": 13.76,
            "gross_margin_4q_avg": 10.79,
            "net_income": 4802,
            "net_income_4q": null,
            "revenue": 355952,
            "revenue_4q": null,
            "common_shares": 794004,
            "book_valuer_per_share": 7.24,
            "book_valuer_per_share_4q_avg": 7.27,
            "equity": 753680,
            "current_ratio": 221.21,
            "debt_ratio": 52.61,
            "inventory_turnover_ratio": 1.18,
            "account_receivable_turnover_ratio": 1.12,
            "reinvestment_rate": null,
            "research_to_sale_ratio": 2.61,
            "price_fair": 0,
            "eps_avg_yearly": 0,
            "eps_latest_yearly": 0,
            "eps_growth_yearly": 0
        },
        "20213": {
            "year_quarter": 20213,
            "year": 2021,
            "quarter": 3,
            "eps": 0.28,
            "eps_growth_year": null,
            "eps_4q": -0.07,
            "eps_4q_growth_year": null,
            "roe": 4.19,
            "roe_4q": 2.57,
            "gross_profit": 82979,
            "gross_margin": 19.57,
            "gross_margin_4q_avg": 13.34,
            "net_income": 32205,
            "net_income_4q": null,
            "revenue": 423963,
            "revenue_4q": null,
            "common_shares": 794004,
            "book_valuer_per_share": 7.48,
            "book_valuer_per_share_4q_avg": 7.33,
            "equity": 782362,
            "current_ratio": 263.99,
            "debt_ratio": 53.09,
            "inventory_turnover_ratio": 1.19,
            "account_receivable_turnover_ratio": 1.14,
            "reinvestment_rate": null,
            "research_to_sale_ratio": 2.59,
            "price_fair": 0,
            "eps_avg_yearly": 0,
            "eps_latest_yearly": 0,
            "eps_growth_yearly": 0
        },
        "20214": {
            "year_quarter": 20214,
            "year": 2021,
            "quarter": 4,
            "eps": 0.13,
            "eps_growth_year": null,
            "eps_4q": 0.33,
            "eps_4q_growth_year": null,
            "roe": 2.34,
            "roe_4q": 6.9799999999999995,
            "gross_profit": 65522,
            "gross_margin": 15.8,
            "gross_margin_4q_avg": 15,
            "net_income": 18572,
            "net_income_4q": null,
            "revenue": 414681,
            "revenue_4q": null,
            "common_shares": 794004,
            "book_valuer_per_share": 7.61,
            "book_valuer_per_share_4q_avg": 7.4,
            "equity": 803193,
            "current_ratio": 226.77,
            "debt_ratio": 56.34,
            "inventory_turnover_ratio": 1.03,
            "account_receivable_turnover_ratio": 1.07,
            "reinvestment_rate": null,
            "research_to_sale_ratio": 2.08,
            "price_fair": 1.56,
            "eps_avg_yearly": 0.52,
            "eps_latest_yearly": 0.52,
            "eps_growth_yearly": -214.29
        },
        "20221": {
            "year_quarter": 20221,
            "year": 2022,
            "quarter": 1,
            "eps": 0.16,
            "eps_growth_year": null,
            "eps_4q": 0.55,
            "eps_4q_growth_year": null,
            "roe": 2.31,
            "roe_4q": 9.48,
            "gross_profit": 60114,
            "gross_margin": 15.58,
            "gross_margin_4q_avg": 16.18,
            "net_income": 19129,
            "net_income_4q": null,
            "revenue": 385897,
            "revenue_4q": null,
            "common_shares": 794004,
            "book_valuer_per_share": 8.07,
            "book_valuer_per_share_4q_avg": 7.6,
            "equity": 853803,
            "current_ratio": 212.26,
            "debt_ratio": 55.86,
            "inventory_turnover_ratio": 0.83,
            "account_receivable_turnover_ratio": 1.04,
            "reinvestment_rate": null,
            "research_to_sale_ratio": 2.42,
            "price_fair": 1.74,
            "eps_avg_yearly": 0.58,
            "eps_latest_yearly": 0.64,
            "eps_growth_yearly": -60.99
        },
        "20222": {
            "year_quarter": 20222,
            "year": 2022,
            "quarter": 2,
            "eps": 0.2,
            "eps_growth_year": null,
            "eps_4q": 0.76,
            "eps_4q_growth_year": null,
            "roe": 3.34,
            "roe_4q": 12.18,
            "gross_profit": 77193,
            "gross_margin": 17.16,
            "gross_margin_4q_avg": 17.03,
            "net_income": 27973,
            "net_income_4q": null,
            "revenue": 449923,
            "revenue_4q": null,
            "common_shares": 794004,
            "book_valuer_per_share": 8.16,
            "book_valuer_per_share_4q_avg": 7.83,
            "equity": 819610,
            "current_ratio": 204.73,
            "debt_ratio": 57.82,
            "inventory_turnover_ratio": 0.93,
            "account_receivable_turnover_ratio": 1.12,
            "reinvestment_rate": null,
            "research_to_sale_ratio": 2.19,
            "price_fair": 1.96,
            "eps_avg_yearly": 0.65,
            "eps_latest_yearly": 0.8,
            "eps_growth_yearly": -7.33
        },
        "20223": {
            "year_quarter": 20223,
            "year": 2022,
            "quarter": 3,
            "eps": -0.06,
            "eps_growth_year": -121.43,
            "eps_4q": 0.43,
            "eps_4q_growth_year": null,
            "roe": 0.05,
            "roe_4q": 8.04,
            "gross_profit": 36727,
            "gross_margin": 10.47,
            "gross_margin_4q_avg": 14.75,
            "net_income": 382,
            "net_income_4q": null,
            "revenue": 350635,
            "revenue_4q": null,
            "common_shares": 794004,
            "book_valuer_per_share": 8.25,
            "book_valuer_per_share_4q_avg": 8.02,
            "equity": 832794,
            "current_ratio": 193.41,
            "debt_ratio": 57.24,
            "inventory_turnover_ratio": 0.8,
            "account_receivable_turnover_ratio": 0.89,
            "reinvestment_rate": null,
            "research_to_sale_ratio": 2.81,
            "price_fair": 1.96,
            "eps_avg_yearly": 0.65,
            "eps_latest_yearly": 0.8,
            "eps_growth_yearly": -7.33
        },
        "20224": {
            "year_quarter": 20224,
            "year": 2022,
            "quarter": 4,
            "eps": -0.1,
            "eps_growth_year": -179.62,
            "eps_4q": 0.2,
            "eps_4q_growth_year": -39.78,
            "roe": 0.23,
            "roe_4q": 5.93,
            "gross_profit": 70033,
            "gross_margin": 16.17,
            "gross_margin_4q_avg": 14.85,
            "net_income": 1886,
            "net_income_4q": null,
            "revenue": 433217,
            "revenue_4q": null,
            "common_shares": 794004,
            "book_valuer_per_share": 8.02,
            "book_valuer_per_share_4q_avg": 8.13,
            "equity": 821265,
            "current_ratio": 180.25,
            "debt_ratio": 58,
            "inventory_turnover_ratio": 1,
            "account_receivable_turnover_ratio": 1.16,
            "reinvestment_rate": null,
            "research_to_sale_ratio": 2.27,
            "price_fair": 1.96,
            "eps_avg_yearly": 0.65,
            "eps_latest_yearly": 0.8,
            "eps_growth_yearly": -7.33
        },
        "20231": {
            "year_quarter": 20231,
            "year": 2023,
            "quarter": 1,
            "eps": -0.17,
            "eps_growth_year": -206.25,
            "eps_4q": -0.12,
            "eps_4q_growth_year": -122.35,
            "roe": -0.56,
            "roe_4q": 3.0599999999999996,
            "gross_profit": 49134,
            "gross_margin": 14.87,
            "gross_margin_4q_avg": 14.67,
            "net_income": -4605,
            "net_income_4q": null,
            "revenue": 330526,
            "revenue_4q": null,
            "common_shares": 794004,
            "book_valuer_per_share": 7.89,
            "book_valuer_per_share_4q_avg": 8.08,
            "equity": 821284,
            "current_ratio": 184.79,
            "debt_ratio": 55.97,
            "inventory_turnover_ratio": 0.81,
            "account_receivable_turnover_ratio": 0.91,
            "reinvestment_rate": null,
            "research_to_sale_ratio": 2.96,
            "price_fair": 1.96,
            "eps_avg_yearly": 0.65,
            "eps_latest_yearly": 0.8,
            "eps_growth_yearly": -7.33
        },
        "20232": {
            "year_quarter": 20232,
            "year": 2023,
            "quarter": 2,
            "eps": -0.33,
            "eps_growth_year": -265,
            "eps_4q": -0.65,
            "eps_4q_growth_year": -185.95,
            "roe": -2.13,
            "roe_4q": -2.41,
            "gross_profit": 39573,
            "gross_margin": 11.24,
            "gross_margin_4q_avg": 13.19,
            "net_income": -16768,
            "net_income_4q": null,
            "revenue": 352054,
            "revenue_4q": null,
            "common_shares": 794004,
            "book_valuer_per_share": 7.28,
            "book_valuer_per_share_4q_avg": 7.86,
            "equity": 755450,
            "current_ratio": 163.89,
            "debt_ratio": 58.44,
            "inventory_turnover_ratio": 0.94,
            "account_receivable_turnover_ratio": 1.03,
            "reinvestment_rate": null,
            "research_to_sale_ratio": 3.09,
            "price_fair": 1.96,
            "eps_avg_yearly": 0.65,
            "eps_latest_yearly": 0.8,
            "eps_growth_yearly": -7.33
        },
        "20233": {
            "year_quarter": 20233,
            "year": 2023,
            "quarter": 3,
            "eps": -0.41,
            "eps_growth_year": null,
            "eps_4q": -1.01,
            "eps_4q_growth_year": -335.46,
            "roe": -3.48,
            "roe_4q": -5.9399999999999995,
            "gross_profit": 24870,
            "gross_margin": 7.85,
            "gross_margin_4q_avg": 12.53,
            "net_income": -26223,
            "net_income_4q": null,
            "revenue": 316625,
            "revenue_4q": null,
            "common_shares": 794004,
            "book_valuer_per_share": 7.1,
            "book_valuer_per_share_4q_avg": 7.57,
            "equity": 753299,
            "current_ratio": 160.17,
            "debt_ratio": 57.51,
            "inventory_turnover_ratio": 0.93,
            "account_receivable_turnover_ratio": 0.92,
            "reinvestment_rate": null,
            "research_to_sale_ratio": 3.53,
            "price_fair": 1.96,
            "eps_avg_yearly": 0.65,
            "eps_latest_yearly": 0.8,
            "eps_growth_yearly": -7.33
        }
    },
    "months": {
        "2001-06": {
            "month": "2001-06",
            "price": "12.09",
            "revenue": 23969
        },
        "2001-07": {
            "month": "2001-07",
            "price": "9.73",
            "revenue": 22329
        },
        "2001-08": {
            "month": "2001-08",
            "price": "10.02",
            "revenue": 26828
        },
        "2001-09": {
            "month": "2001-09",
            "price": "7.54",
            "revenue": 23734
        },
        "2001-10": {
            "month": "2001-10",
            "price": "6.32",
            "revenue": 31978
        },
        "2001-11": {
            "month": "2001-11",
            "price": "7.63",
            "revenue": 33007
        },
        "2001-12": {
            "month": "2001-12",
            "price": "11.00",
            "revenue": 34532
        },
        "2002-01": {
            "month": "2002-01",
            "price": "13.66",
            "revenue": 33022
        },
        "2002-02": {
            "month": "2002-02",
            "price": "15.49",
            "revenue": 27566
        },
        "2002-03": {
            "month": "2002-03",
            "price": "14.68",
            "revenue": 37112
        },
        "2002-04": {
            "month": "2002-04",
            "price": "15.90",
            "revenue": 40360
        },
        "2002-05": {
            "month": "2002-05",
            "price": "13.10",
            "revenue": 41029
        },
        "2002-06": {
            "month": "2002-06",
            "price": "12.79",
            "revenue": 43389
        },
        "2002-07": {
            "month": "2002-07",
            "price": "13.05",
            "revenue": 37729
        },
        "2002-08": {
            "month": "2002-08",
            "price": "12.76",
            "revenue": 39882
        },
        "2002-09": {
            "month": "2002-09",
            "price": "10.95",
            "revenue": 40769
        },
        "2002-10": {
            "month": "2002-10",
            "price": "9.78",
            "revenue": 43387
        },
        "2002-11": {
            "month": "2002-11",
            "price": "11.09",
            "revenue": 47318
        },
        "2002-12": {
            "month": "2002-12",
            "price": "10.81",
            "revenue": 51170
        },
        "2003-01": {
            "month": "2003-01",
            "price": "11.18",
            "revenue": 44364
        },
        "2003-02": {
            "month": "2003-02",
            "price": "11.85",
            "revenue": 31263
        },
        "2003-03": {
            "month": "2003-03",
            "price": "11.03",
            "revenue": 49548
        },
        "2003-04": {
            "month": "2003-04",
            "price": "12.85",
            "revenue": 54742
        },
        "2003-05": {
            "month": "2003-05",
            "price": "11.77",
            "revenue": 45754
        },
        "2003-06": {
            "month": "2003-06",
            "price": "13.50",
            "revenue": 47448
        },
        "2003-07": {
            "month": "2003-07",
            "price": "21.31",
            "revenue": 50140
        },
        "2003-08": {
            "month": "2003-08",
            "price": "22.59",
            "revenue": 42375
        },
        "2003-09": {
            "month": "2003-09",
            "price": "17.09",
            "revenue": 50264
        },
        "2003-10": {
            "month": "2003-10",
            "price": "15.92",
            "revenue": 50523
        },
        "2003-11": {
            "month": "2003-11",
            "price": "17.58",
            "revenue": 47844
        },
        "2003-12": {
            "month": "2003-12",
            "price": "18.18",
            "revenue": 51171
        },
        "2004-01": {
            "month": "2004-01",
            "price": "17.85",
            "revenue": 39234
        },
        "2004-02": {
            "month": "2004-02",
            "price": "17.98",
            "revenue": 52476
        },
        "2004-03": {
            "month": "2004-03",
            "price": "17.77",
            "revenue": 55063
        },
        "2004-04": {
            "month": "2004-04",
            "price": "22.65",
            "revenue": 54884
        },
        "2004-05": {
            "month": "2004-05",
            "price": "17.88",
            "revenue": 52959
        },
        "2004-06": {
            "month": "2004-06",
            "price": "17.23",
            "revenue": 59497
        },
        "2004-07": {
            "month": "2004-07",
            "price": "16.74",
            "revenue": 61499
        },
        "2004-08": {
            "month": "2004-08",
            "price": "16.34",
            "revenue": 50853
        },
        "2004-09": {
            "month": "2004-09",
            "price": "17.15",
            "revenue": 56843
        },
        "2004-10": {
            "month": "2004-10",
            "price": "15.62",
            "revenue": 52924
        },
        "2004-11": {
            "month": "2004-11",
            "price": "13.63",
            "revenue": 46824
        },
        "2004-12": {
            "month": "2004-12",
            "price": "12.58",
            "revenue": 49667
        },
        "2005-01": {
            "month": "2005-01",
            "price": "12.39",
            "revenue": 57339
        },
        "2005-02": {
            "month": "2005-02",
            "price": "13.46",
            "revenue": 37020
        },
        "2005-03": {
            "month": "2005-03",
            "price": "13.90",
            "revenue": 63513
        },
        "2005-04": {
            "month": "2005-04",
            "price": "12.31",
            "revenue": 48037
        },
        "2005-05": {
            "month": "2005-05",
            "price": "10.36",
            "revenue": 45080
        },
        "2005-06": {
            "month": "2005-06",
            "price": "11.48",
            "revenue": 54961
        },
        "2005-07": {
            "month": "2005-07",
            "price": "12.97",
            "revenue": 41750
        },
        "2005-08": {
            "month": "2005-08",
            "price": "13.23",
            "revenue": 52180
        },
        "2005-09": {
            "month": "2005-09",
            "price": "14.22",
            "revenue": 61981
        },
        "2005-10": {
            "month": "2005-10",
            "price": "12.61",
            "revenue": 58932
        },
        "2005-11": {
            "month": "2005-11",
            "price": "11.45",
            "revenue": 56947
        },
        "2005-12": {
            "month": "2005-12",
            "price": "12.89",
            "revenue": 56424
        },
        "2006-01": {
            "month": "2006-01",
            "price": "14.18",
            "revenue": 57377
        },
        "2006-02": {
            "month": "2006-02",
            "price": "13.80",
            "revenue": 49270
        },
        "2006-03": {
            "month": "2006-03",
            "price": "13.62",
            "revenue": 74619
        },
        "2006-04": {
            "month": "2006-04",
            "price": "19.54",
            "revenue": 70180
        },
        "2006-05": {
            "month": "2006-05",
            "price": "20.84",
            "revenue": 82556
        },
        "2006-06": {
            "month": "2006-06",
            "price": "19.98",
            "revenue": 68485
        },
        "2006-07": {
            "month": "2006-07",
            "price": "19.15",
            "revenue": 70956
        },
        "2006-08": {
            "month": "2006-08",
            "price": "19.25",
            "revenue": 85417
        },
        "2006-09": {
            "month": "2006-09",
            "price": "18.09",
            "revenue": 83796
        },
        "2006-10": {
            "month": "2006-10",
            "price": "18.61",
            "revenue": 109246
        },
        "2006-11": {
            "month": "2006-11",
            "price": "19.33",
            "revenue": 86099
        },
        "2006-12": {
            "month": "2006-12",
            "price": "19.84",
            "revenue": 76022
        },
        "2007-01": {
            "month": "2007-01",
            "price": "20.17",
            "revenue": 90486
        },
        "2007-02": {
            "month": "2007-02",
            "price": "19.50",
            "revenue": 63708
        },
        "2007-03": {
            "month": "2007-03",
            "price": "20.02",
            "revenue": 87357
        },
        "2007-04": {
            "month": "2007-04",
            "price": "20.35",
            "revenue": 100602
        },
        "2007-05": {
            "month": "2007-05",
            "price": "19.55",
            "revenue": 101823
        },
        "2007-06": {
            "month": "2007-06",
            "price": "20.51",
            "revenue": 93333
        },
        "2007-07": {
            "month": "2007-07",
            "price": "26.84",
            "revenue": 101545
        },
        "2007-08": {
            "month": "2007-08",
            "price": "23.93",
            "revenue": 106784
        },
        "2007-09": {
            "month": "2007-09",
            "price": "23.29",
            "revenue": 105851
        },
        "2007-10": {
            "month": "2007-10",
            "price": "21.49",
            "revenue": 115496
        },
        "2007-11": {
            "month": "2007-11",
            "price": "19.36",
            "revenue": 107048
        },
        "2007-12": {
            "month": "2007-12",
            "price": "17.15",
            "revenue": 89029
        },
        "2008-01": {
            "month": "2008-01",
            "price": "14.37",
            "revenue": 85556
        },
        "2008-02": {
            "month": "2008-02",
            "price": "13.26",
            "revenue": 51244
        },
        "2008-03": {
            "month": "2008-03",
            "price": "13.26",
            "revenue": 76571
        },
        "2008-04": {
            "month": "2008-04",
            "price": "15.75",
            "revenue": 86011
        },
        "2008-05": {
            "month": "2008-05",
            "price": "16.00",
            "revenue": 80078
        },
        "2008-06": {
            "month": "2008-06",
            "price": "14.27",
            "revenue": 64707
        },
        "2008-07": {
            "month": "2008-07",
            "price": "11.91",
            "revenue": 67706
        },
        "2008-08": {
            "month": "2008-08",
            "price": "11.66",
            "revenue": 71165
        },
        "2008-09": {
            "month": "2008-09",
            "price": "8.83",
            "revenue": 81961
        },
        "2008-10": {
            "month": "2008-10",
            "price": "7.89",
            "revenue": 85995
        },
        "2008-11": {
            "month": "2008-11",
            "price": "6.28",
            "revenue": 50000
        },
        "2008-12": {
            "month": "2008-12",
            "price": "5.72",
            "revenue": 24795
        },
        "2009-01": {
            "month": "2009-01",
            "price": "5.32",
            "revenue": 19548
        },
        "2009-02": {
            "month": "2009-02",
            "price": "5.19",
            "revenue": 33432
        },
        "2009-03": {
            "month": "2009-03",
            "price": "6.60",
            "revenue": 50756
        },
        "2009-04": {
            "month": "2009-04",
            "price": "7.59",
            "revenue": 60747
        },
        "2009-05": {
            "month": "2009-05",
            "price": "7.62",
            "revenue": 66385
        },
        "2009-06": {
            "month": "2009-06",
            "price": "7.65",
            "revenue": 71245
        },
        "2009-07": {
            "month": "2009-07",
            "price": "10.27",
            "revenue": 82747
        },
        "2009-08": {
            "month": "2009-08",
            "price": "15.40",
            "revenue": 72667
        },
        "2009-09": {
            "month": "2009-09",
            "price": "16.09",
            "revenue": 84015
        },
        "2009-10": {
            "month": "2009-10",
            "price": "15.34",
            "revenue": 83339
        },
        "2009-11": {
            "month": "2009-11",
            "price": "16.68",
            "revenue": 72070
        },
        "2009-12": {
            "month": "2009-12",
            "price": "17.53",
            "revenue": 73274
        },
        "2010-01": {
            "month": "2010-01",
            "price": "16.99",
            "revenue": 79887
        },
        "2010-02": {
            "month": "2010-02",
            "price": "16.24",
            "revenue": 62024
        },
        "2010-03": {
            "month": "2010-03",
            "price": "18.05",
            "revenue": 92880
        },
        "2010-04": {
            "month": "2010-04",
            "price": "19.94",
            "revenue": 82739
        },
        "2010-05": {
            "month": "2010-05",
            "price": "20.24",
            "revenue": 94117
        },
        "2010-06": {
            "month": "2010-06",
            "price": "19.09",
            "revenue": 103270
        },
        "2010-07": {
            "month": "2010-07",
            "price": "20.19",
            "revenue": 99740
        },
        "2010-08": {
            "month": "2010-08",
            "price": "24.00",
            "revenue": 95017
        },
        "2010-09": {
            "month": "2010-09",
            "price": "19.92",
            "revenue": 72202
        },
        "2010-10": {
            "month": "2010-10",
            "price": "17.87",
            "revenue": 78361
        },
        "2010-11": {
            "month": "2010-11",
            "price": "16.90",
            "revenue": 73543
        },
        "2010-12": {
            "month": "2010-12",
            "price": "18.40",
            "revenue": 79789
        },
        "2011-01": {
            "month": "2011-01",
            "price": "19.42",
            "revenue": 90208
        },
        "2011-02": {
            "month": "2011-02",
            "price": "19.39",
            "revenue": 58446
        },
        "2011-03": {
            "month": "2011-03",
            "price": "16.93",
            "revenue": 87387
        },
        "2011-04": {
            "month": "2011-04",
            "price": "17.21",
            "revenue": 89860
        },
        "2011-05": {
            "month": "2011-05",
            "price": "17.33",
            "revenue": 80507
        },
        "2011-06": {
            "month": "2011-06",
            "price": "16.48",
            "revenue": 64352
        },
        "2011-07": {
            "month": "2011-07",
            "price": "13.94",
            "revenue": 66290
        },
        "2011-08": {
            "month": "2011-08",
            "price": "12.06",
            "revenue": 81016
        },
        "2011-09": {
            "month": "2011-09",
            "price": "12.34",
            "revenue": 56580
        },
        "2011-10": {
            "month": "2011-10",
            "price": "11.19",
            "revenue": 57915
        },
        "2011-11": {
            "month": "2011-11",
            "price": "10.20",
            "revenue": 55831
        },
        "2011-12": {
            "month": "2011-12",
            "price": "9.58",
            "revenue": 56555
        },
        "2012-01": {
            "month": "2012-01",
            "price": "9.93",
            "revenue": 73504
        },
        "2012-02": {
            "month": "2012-02",
            "price": "11.36",
            "revenue": 71389
        },
        "2012-03": {
            "month": "2012-03",
            "price": "11.79",
            "revenue": 90983
        },
        "2012-04": {
            "month": "2012-04",
            "price": "12.52",
            "revenue": 77016
        },
        "2012-05": {
            "month": "2012-05",
            "price": "11.10",
            "revenue": 78028
        },
        "2012-06": {
            "month": "2012-06",
            "price": "11.13",
            "revenue": 66826
        },
        "2012-07": {
            "month": "2012-07",
            "price": "11.08",
            "revenue": 75688
        },
        "2012-08": {
            "month": "2012-08",
            "price": "10.95",
            "revenue": 62243
        },
        "2012-09": {
            "month": "2012-09",
            "price": "10.95",
            "revenue": 56056
        },
        "2012-10": {
            "month": "2012-10",
            "price": "10.91",
            "revenue": 73222
        },
        "2012-11": {
            "month": "2012-11",
            "price": "10.82",
            "revenue": 76401
        },
        "2012-12": {
            "month": "2012-12",
            "price": "11.64",
            "revenue": 54814
        },
        "2013-01": {
            "month": "2013-01",
            "price": "13.12",
            "revenue": 69160
        },
        "2013-02": {
            "month": "2013-02",
            "price": "13.77",
            "revenue": 55441
        },
        "2013-03": {
            "month": "2013-03",
            "price": "14.75",
            "revenue": 79591
        },
        "2013-04": {
            "month": "2013-04",
            "price": "12.69",
            "revenue": 95264
        },
        "2013-05": {
            "month": "2013-05",
            "price": "12.27",
            "revenue": 78302
        },
        "2013-06": {
            "month": "2013-06",
            "price": "12.51",
            "revenue": 70344
        },
        "2013-07": {
            "month": "2013-07",
            "price": "11.11",
            "revenue": 105137
        },
        "2013-08": {
            "month": "2013-08",
            "price": "11.18",
            "revenue": 99964
        },
        "2013-09": {
            "month": "2013-09",
            "price": "11.54",
            "revenue": 89918
        },
        "2013-10": {
            "month": "2013-10",
            "price": "11.92",
            "revenue": 83914
        },
        "2013-11": {
            "month": "2013-11",
            "price": "11.35",
            "revenue": 78526
        },
        "2013-12": {
            "month": "2013-12",
            "price": "11.80",
            "revenue": 81452
        },
        "2014-01": {
            "month": "2014-01",
            "price": "13.06",
            "revenue": 92318
        },
        "2014-02": {
            "month": "2014-02",
            "price": "13.78",
            "revenue": 66709
        },
        "2014-03": {
            "month": "2014-03",
            "price": "15.72",
            "revenue": 94309
        },
        "2014-04": {
            "month": "2014-04",
            "price": "15.87",
            "revenue": 92678
        },
        "2014-05": {
            "month": "2014-05",
            "price": "14.09",
            "revenue": 95420
        },
        "2014-06": {
            "month": "2014-06",
            "price": "14.88",
            "revenue": 80828
        },
        "2014-07": {
            "month": "2014-07",
            "price": "14.87",
            "revenue": 97661
        },
        "2014-08": {
            "month": "2014-08",
            "price": "13.97",
            "revenue": 89232
        },
        "2014-09": {
            "month": "2014-09",
            "price": "13.50",
            "revenue": 91331
        },
        "2014-10": {
            "month": "2014-10",
            "price": "12.65",
            "revenue": 68032
        },
        "2014-11": {
            "month": "2014-11",
            "price": "11.67",
            "revenue": 75829
        },
        "2014-12": {
            "month": "2014-12",
            "price": "11.87",
            "revenue": 97580
        },
        "2015-01": {
            "month": "2015-01",
            "price": "12.97",
            "revenue": 73830
        },
        "2015-02": {
            "month": "2015-02",
            "price": "12.34",
            "revenue": 56463
        },
        "2015-03": {
            "month": "2015-03",
            "price": "12.12",
            "revenue": 75977
        },
        "2015-04": {
            "month": "2015-04",
            "price": "12.13",
            "revenue": 60660
        },
        "2015-05": {
            "month": "2015-05",
            "price": "11.22",
            "revenue": 71182
        },
        "2015-06": {
            "month": "2015-06",
            "price": "10.17",
            "revenue": 84067
        },
        "2015-07": {
            "month": "2015-07",
            "price": "10.04",
            "revenue": 70538
        },
        "2015-08": {
            "month": "2015-08",
            "price": "9.32",
            "revenue": 68973
        },
        "2015-09": {
            "month": "2015-09",
            "price": "9.31",
            "revenue": 81083
        },
        "2015-10": {
            "month": "2015-10",
            "price": "9.20",
            "revenue": 63404
        },
        "2015-11": {
            "month": "2015-11",
            "price": "10.44",
            "revenue": 69054
        },
        "2015-12": {
            "month": "2015-12",
            "price": "10.10",
            "revenue": 76196
        },
        "2016-01": {
            "month": "2016-01",
            "price": "9.70",
            "revenue": 78367
        },
        "2016-02": {
            "month": "2016-02",
            "price": "9.61",
            "revenue": 59646
        },
        "2016-03": {
            "month": "2016-03",
            "price": "9.68",
            "revenue": 84422
        },
        "2016-04": {
            "month": "2016-04",
            "price": "9.91",
            "revenue": 81910
        },
        "2016-05": {
            "month": "2016-05",
            "price": "9.29",
            "revenue": 83473
        },
        "2016-06": {
            "month": "2016-06",
            "price": "8.73",
            "revenue": 86627
        },
        "2016-07": {
            "month": "2016-07",
            "price": "9.02",
            "revenue": 87122
        },
        "2016-08": {
            "month": "2016-08",
            "price": "9.23",
            "revenue": 95536
        },
        "2016-09": {
            "month": "2016-09",
            "price": "8.98",
            "revenue": 87432
        },
        "2016-10": {
            "month": "2016-10",
            "price": "8.71",
            "revenue": 86871
        },
        "2016-11": {
            "month": "2016-11",
            "price": "8.09",
            "revenue": 89766
        },
        "2016-12": {
            "month": "2016-12",
            "price": "7.88",
            "revenue": 99968
        },
        "2017-01": {
            "month": "2017-01",
            "price": "7.94",
            "revenue": 92923
        },
        "2017-02": {
            "month": "2017-02",
            "price": "8.74",
            "revenue": 69664
        },
        "2017-03": {
            "month": "2017-03",
            "price": "9.37",
            "revenue": 94979
        },
        "2017-04": {
            "month": "2017-04",
            "price": "8.75",
            "revenue": 95389
        },
        "2017-05": {
            "month": "2017-05",
            "price": "7.93",
            "revenue": 103450
        },
        "2017-06": {
            "month": "2017-06",
            "price": "7.93",
            "revenue": 108077
        },
        "2017-07": {
            "month": "2017-07",
            "price": "7.84",
            "revenue": 100910
        },
        "2017-08": {
            "month": "2017-08",
            "price": "7.99",
            "revenue": 127948
        },
        "2017-09": {
            "month": "2017-09",
            "price": "8.64",
            "revenue": 132540
        },
        "2017-10": {
            "month": "2017-10",
            "price": "9.17",
            "revenue": 121136
        },
        "2017-11": {
            "month": "2017-11",
            "price": "9.46",
            "revenue": 115137
        },
        "2017-12": {
            "month": "2017-12",
            "price": "10.27",
            "revenue": 112362
        },
        "2018-01": {
            "month": "2018-01",
            "price": "13.35",
            "revenue": 122857
        },
        "2018-02": {
            "month": "2018-02",
            "price": "12.49",
            "revenue": 82620
        },
        "2018-03": {
            "month": "2018-03",
            "price": "13.11",
            "revenue": 142455
        },
        "2018-04": {
            "month": "2018-04",
            "price": "13.15",
            "revenue": 123832
        },
        "2018-05": {
            "month": "2018-05",
            "price": "12.98",
            "revenue": 122915
        },
        "2018-06": {
            "month": "2018-06",
            "price": "12.50",
            "revenue": 116823
        },
        "2018-07": {
            "month": "2018-07",
            "price": "12.03",
            "revenue": 119664
        },
        "2018-08": {
            "month": "2018-08",
            "price": "10.05",
            "revenue": 115307
        },
        "2018-09": {
            "month": "2018-09",
            "price": "9.06",
            "revenue": 111089
        },
        "2018-10": {
            "month": "2018-10",
            "price": "8.03",
            "revenue": 105415
        },
        "2018-11": {
            "month": "2018-11",
            "price": "8.28",
            "revenue": 82571
        },
        "2018-12": {
            "month": "2018-12",
            "price": "8.60",
            "revenue": 85554
        },
        "2019-01": {
            "month": "2019-01",
            "price": "8.38",
            "revenue": 79081
        },
        "2019-02": {
            "month": "2019-02",
            "price": "8.27",
            "revenue": 44357
        },
        "2019-03": {
            "month": "2019-03",
            "price": "7.93",
            "revenue": 78668
        },
        "2019-04": {
            "month": "2019-04",
            "price": "8.63",
            "revenue": 83615
        },
        "2019-05": {
            "month": "2019-05",
            "price": "9.56",
            "revenue": 88774
        },
        "2019-06": {
            "month": "2019-06",
            "price": "14.37",
            "revenue": 76262
        },
        "2019-07": {
            "month": "2019-07",
            "price": "14.14",
            "revenue": 94534
        },
        "2019-08": {
            "month": "2019-08",
            "price": "16.52",
            "revenue": 85658
        },
        "2019-09": {
            "month": "2019-09",
            "price": "16.86",
            "revenue": 84420
        },
        "2019-10": {
            "month": "2019-10",
            "price": "14.48",
            "revenue": 86518
        },
        "2019-11": {
            "month": "2019-11",
            "price": "13.68",
            "revenue": 93379
        },
        "2019-12": {
            "month": "2019-12",
            "price": "14.73",
            "revenue": 89764
        },
        "2020-01": {
            "month": "2020-01",
            "price": "23.94",
            "revenue": 65387
        },
        "2020-02": {
            "month": "2020-02",
            "price": "23.72",
            "revenue": 44024
        },
        "2020-03": {
            "month": "2020-03",
            "price": "17.29",
            "revenue": 73414
        },
        "2020-04": {
            "month": "2020-04",
            "price": "21.77",
            "revenue": 86773
        },
        "2020-05": {
            "month": "2020-05",
            "price": "22.52",
            "revenue": 94774
        },
        "2020-06": {
            "month": "2020-06",
            "price": "22.92",
            "revenue": 105403
        },
        "2020-07": {
            "month": "2020-07",
            "price": "26.44",
            "revenue": 94613
        },
        "2020-08": {
            "month": "2020-08",
            "price": "25.96",
            "revenue": 96348
        },
        "2020-09": {
            "month": "2020-09",
            "price": "23.24",
            "revenue": 96620
        },
        "2020-10": {
            "month": "2020-10",
            "price": "22.60",
            "revenue": 79936
        },
        "2020-11": {
            "month": "2020-11",
            "price": "20.85",
            "revenue": 97534
        },
        "2020-12": {
            "month": "2020-12",
            "price": "20.44",
            "revenue": 91529
        },
        "2021-01": {
            "month": "2021-01",
            "price": "20.00",
            "revenue": 111698
        },
        "2021-02": {
            "month": "2021-02",
            "price": "22.65",
            "revenue": 69894
        },
        "2021-03": {
            "month": "2021-03",
            "price": "26.19",
            "revenue": 93058
        },
        "2021-04": {
            "month": "2021-04",
            "price": "26.57",
            "revenue": 111195
        },
        "2021-05": {
            "month": "2021-05",
            "price": "22.55",
            "revenue": 123873
        },
        "2021-06": {
            "month": "2021-06",
            "price": "23.22",
            "revenue": 120884
        },
        "2021-07": {
            "month": "2021-07",
            "price": "24.48",
            "revenue": 136888
        },
        "2021-08": {
            "month": "2021-08",
            "price": "25.07",
            "revenue": 147529
        },
        "2021-09": {
            "month": "2021-09",
            "price": "27.40",
            "revenue": 139546
        },
        "2021-10": {
            "month": "2021-10",
            "price": "27.24",
            "revenue": 134502
        },
        "2021-11": {
            "month": "2021-11",
            "price": "32.86",
            "revenue": 142352
        },
        "2021-12": {
            "month": "2021-12",
            "price": "44.85",
            "revenue": 137827
        },
        "2022-01": {
            "month": "2022-01",
            "price": "41.79",
            "revenue": 153411
        },
        "2022-02": {
            "month": "2022-02",
            "price": "40.42",
            "revenue": 89066
        },
        "2022-03": {
            "month": "2022-03",
            "price": "38.95",
            "revenue": 143420
        },
        "2022-04": {
            "month": "2022-04",
            "price": "33.70",
            "revenue": 142813
        },
        "2022-05": {
            "month": "2022-05",
            "price": "30.63",
            "revenue": 154519
        },
        "2022-06": {
            "month": "2022-06",
            "price": "32.14",
            "revenue": 152591
        },
        "2022-07": {
            "month": "2022-07",
            "price": "29.04",
            "revenue": 104054
        },
        "2022-08": {
            "month": "2022-08",
            "price": "28.63",
            "revenue": 117383
        },
        "2022-09": {
            "month": "2022-09",
            "price": "27.81",
            "revenue": 129198
        },
        "2022-10": {
            "month": "2022-10",
            "price": "25.43",
            "revenue": 138742
        },
        "2022-11": {
            "month": "2022-11",
            "price": "25.19",
            "revenue": 154829
        },
        "2022-12": {
            "month": "2022-12",
            "price": "26.56",
            "revenue": 139646
        },
        "2023-01": {
            "month": "2023-01",
            "price": "25.47",
            "revenue": 97415
        },
        "2023-02": {
            "month": "2023-02",
            "price": "25.40",
            "revenue": 111227
        },
        "2023-03": {
            "month": "2023-03",
            "price": "26.54",
            "revenue": 121884
        },
        "2023-04": {
            "month": "2023-04",
            "price": "30.10",
            "revenue": 126377
        },
        "2023-05": {
            "month": "2023-05",
            "price": "30.08",
            "revenue": 113896
        },
        "2023-06": {
            "month": "2023-06",
            "price": "34.25",
            "revenue": 111781
        },
        "2023-07": {
            "month": "2023-07",
            "price": "33.30",
            "revenue": 107264
        },
        "2023-08": {
            "month": "2023-08",
            "price": "30.38",
            "revenue": 110840
        },
        "2023-09": {
            "month": "2023-09",
            "price": "30.39",
            "revenue": 98521
        },
        "2023-10": {
            "month": "2023-10",
            "price": "29.00",
            "revenue": 92132
        },
        "2023-11": {
            "month": "2023-11",
            "price": "27.75",
            "revenue": 100913
        },
        "2023-12": {
            "month": "2023-12",
            "price": "27.56",
            "revenue": 87430
        }
    }
}
