{
    "summary": {
        "stock_name": "捷元",
        "stock_id": "5384",
        "category": "電腦及週邊設備",
        "main_business": "個人電腦<BR>電腦零組件<BR>電腦週邊",
        "website_url": "",
        "ceo": "葉啟棟",
        "pe_ratio": 14,
        "report_year_from": 2001,
        "report_year_to": 2017,
        "age": 22,
        "eps_negative_percentage": 24,
        "eps_growth_avg": {
            "last_all": -1.23,
            "last_2y": 29.98,
            "last_4y": 39.94,
            "last_8y": 16.62,
            "last_12y": 9.65,
            "last_16y": null,
            "last_20y": null,
            "at_2006_last_3y": -4.83,
            "at_2007_last_3y": 21.38,
            "at_2008_last_3y": -0.81,
            "at_2009_last_3y": 13.01,
            "at_2010_last_3y": -33.33,
            "at_2011_last_3y": -100,
            "at_2012_last_3y": -100,
            "at_2013_last_3y": 0,
            "at_2014_last_3y": 54.88,
            "at_2015_last_3y": 29.18,
            "at_2016_last_3y": 46.88,
            "at_2017_last_3y": 24.92,
            "at_2018_last_3y": 24.92,
            "at_2019_last_3y": 24.92,
            "at_2020_last_3y": 24.92,
            "at_2021_last_3y": 24.92,
            "at_2022_last_3y": 24.92,
            "at_2023_last_3y": 24.92,
            "at_2006_last_all": -28.62,
            "at_2007_last_all": -2.9,
            "at_2008_last_all": -19.08,
            "at_2009_last_all": -19.08,
            "at_2010_last_all": -30.64,
            "at_2011_last_all": -30.64,
            "at_2012_last_all": -30.64,
            "at_2013_last_all": -14.31,
            "at_2014_last_all": -11.64,
            "at_2015_last_all": -12.69,
            "at_2016_last_all": -2.45,
            "at_2017_last_all": -1.23,
            "at_2018_last_all": -1.23,
            "at_2019_last_all": -1.23,
            "at_2020_last_all": -1.23,
            "at_2021_last_all": -1.23,
            "at_2022_last_all": -1.23,
            "at_2023_last_all": -1.23
        },
        "latest_eps": 1.37,
        "latest_price": 18.8,
        "latest_roe": 11.22,
        "latest_gross_margin": 6.59,
        "latest_equity": 1149907,
        "latest_revenue": 2412758,
        "latest_gross_profit": 158887,
        "latest_net_income": 37703,
        "latest_debt_ratio": 57.83,
        "latest_current_ratio": 172.18,
        "latest_account_receivable_turnover_ratio": 1.91,
        "latest_inventory_turnover_ratio": 1.92,
        "latest_reinvestment_rate": -19.44,
        "latest_research_to_sale_ratio": null
    },
    "eps_dividends": {
        "1998": {
            "cash": 0,
            "stock": 1.1,
            "eps": 0
        },
        "1999": {
            "cash": 0,
            "stock": 1.5,
            "eps": 0
        },
        "2000": {
            "cash": 1,
            "stock": 1,
            "eps": 0
        },
        "2001": {
            "cash": 1.8,
            "stock": 1.8,
            "eps": 0.51
        },
        "2002": {
            "cash": 1,
            "stock": 1,
            "eps": -1.42
        },
        "2003": {
            "cash": 0,
            "stock": 0,
            "eps": 0.8
        },
        "2004": {
            "cash": 0,
            "stock": 0,
            "eps": 0.71
        },
        "2005": {
            "cash": 0,
            "stock": 0,
            "eps": 0.41
        },
        "2006": {
            "cash": 0.33,
            "stock": 0,
            "eps": 0.57
        },
        "2007": {
            "cash": 0.42,
            "stock": 0,
            "eps": 2.01
        },
        "2008": {
            "cash": 1.44,
            "stock": 0,
            "eps": -0.97
        },
        "2009": {
            "cash": 0,
            "stock": 0,
            "eps": 0.13
        },
        "2010": {
            "cash": 0,
            "stock": 0,
            "eps": -0.28
        },
        "2011": {
            "cash": 0,
            "stock": 0,
            "eps": -0.22
        },
        "2012": {
            "cash": 0,
            "stock": 0,
            "eps": 0.01
        },
        "2013": {
            "cash": 0.5,
            "stock": 0,
            "eps": 0.41
        },
        "2014": {
            "cash": 0.5,
            "stock": 0,
            "eps": 0.45
        },
        "2015": {
            "cash": 0.5,
            "stock": 0,
            "eps": 0.35
        },
        "2016": {
            "cash": 0.5,
            "stock": 0,
            "eps": 0.74
        },
        "2017": {
            "cash": 0.58,
            "stock": 0,
            "eps": 0.83
        }
    },
    "dividends": {
        "1998-04-21": {
            "cash": 0,
            "stock": 1.1
        },
        "1999-06-28": {
            "cash": 0,
            "stock": 1.5
        },
        "2000-04-12": {
            "cash": 1,
            "stock": 1
        },
        "2001-05-16": {
            "cash": 1.8,
            "stock": 1.8
        },
        "2002-06-21": {
            "cash": 1,
            "stock": 1
        },
        "2006-04-21": {
            "cash": 0.33,
            "stock": 0
        },
        "2007-04-25": {
            "cash": 0.42,
            "stock": 0
        },
        "2008-04-23": {
            "cash": 1.44,
            "stock": 0
        },
        "2013-07-31": {
            "cash": 0.5,
            "stock": 0
        },
        "2014-07-31": {
            "cash": 0.5,
            "stock": 0
        },
        "2015-03-23": {
            "cash": 0.5,
            "stock": 0
        },
        "2016-03-28": {
            "cash": 0.5,
            "stock": 0
        },
        "2017-03-27": {
            "cash": 0.58,
            "stock": 0
        }
    },
    "prices": {
        "200101": "10.39",
        "200102": "13.83",
        "200103": "16.43",
        "200104": "19.02",
        "200105": "14.86",
        "200106": "13.72",
        "200107": "10.34",
        "200108": "9.67",
        "200109": "7.79",
        "200110": "7.06",
        "200111": "8.44",
        "200112": "11.72",
        "200201": "14.45",
        "200202": "13.87",
        "200203": "14.65",
        "200204": "15.18",
        "200205": "12.42",
        "200206": "11.87",
        "200207": "10.78",
        "200208": "11.04",
        "200209": "8.64",
        "200210": "7.40",
        "200211": "7.67",
        "200212": "7.86",
        "200301": "8.66",
        "200302": "8.06",
        "200303": "8.02",
        "200304": "7.61",
        "200305": "7.25",
        "200306": "8.95",
        "200307": "9.73",
        "200308": "9.60",
        "200309": "9.50",
        "200310": "9.74",
        "200311": "10.21",
        "200312": "10.07",
        "200401": "10.33",
        "200402": "11.17",
        "200403": "10.95",
        "200404": "10.70",
        "200405": "9.97",
        "200406": "10.07",
        "200407": "9.36",
        "200408": "8.92",
        "200409": "8.66",
        "200410": "8.56",
        "200411": "8.33",
        "200412": "7.78",
        "200501": "7.37",
        "200502": "7.50",
        "200503": "7.79",
        "200504": "7.41",
        "200505": "7.50",
        "200506": "7.72",
        "200507": "8.58",
        "200508": "8.91",
        "200509": "8.28",
        "200510": "7.78",
        "200511": "8.15",
        "200512": "8.69",
        "200601": "8.81",
        "200602": "7.76",
        "200603": "7.66",
        "200604": "8.48",
        "200605": "8.59",
        "200606": "8.37",
        "200607": "7.72",
        "200608": "7.31",
        "200609": "7.14",
        "200610": "7.21",
        "200611": "7.55",
        "200612": "8.44",
        "200701": "8.74",
        "200702": "9.27",
        "200703": "11.29",
        "200704": "14.53",
        "200705": "13.05",
        "200706": "12.51",
        "200707": "12.89",
        "200708": "12.74",
        "200709": "16.53",
        "200710": "16.44",
        "200711": "17.88",
        "200712": "15.51",
        "200801": "13.32",
        "200802": "12.88",
        "200803": "14.75",
        "200804": "16.24",
        "200805": "15.34",
        "200806": "14.24",
        "200807": "10.66",
        "200808": "9.88",
        "200809": "7.91",
        "200810": "7.12",
        "200811": "5.07",
        "200812": "5.17",
        "200901": "5.48",
        "200902": "5.48",
        "200903": "5.60",
        "200904": "6.27",
        "200905": "6.04",
        "200906": "5.90",
        "200907": "6.14",
        "200908": "7.52",
        "200909": "7.86",
        "200910": "10.03",
        "200911": "10.21",
        "200912": "11.03",
        "201001": "11.26",
        "201002": "9.62",
        "201003": "10.55",
        "201004": "11.26",
        "201005": "9.51",
        "201006": "9.48",
        "201007": "9.67",
        "201008": "10.51",
        "201009": "9.67",
        "201010": "9.69",
        "201011": "9.07",
        "201012": "9.45",
        "201101": "9.78",
        "201102": "9.93",
        "201103": "9.62",
        "201104": "9.79",
        "201105": "9.59",
        "201106": "9.68",
        "201107": "9.10",
        "201108": "9.27",
        "201109": "10.28",
        "201110": "10.98",
        "201111": "10.53",
        "201112": "10.12",
        "201201": "10.10",
        "201202": "10.99",
        "201203": "11.35",
        "201204": "11.52",
        "201205": "11.82",
        "201206": "12.51",
        "201207": "11.93",
        "201208": "12.12",
        "201209": "12.70",
        "201210": "12.57",
        "201211": "11.82",
        "201212": "11.76",
        "201301": "11.33",
        "201302": "10.66",
        "201303": "10.72",
        "201304": "10.97",
        "201305": "11.10",
        "201306": "11.04",
        "201307": "10.63",
        "201308": "10.38",
        "201309": "10.69",
        "201310": "12.76",
        "201311": "12.97",
        "201312": "12.99",
        "201401": "14.01",
        "201402": "15.17",
        "201403": "14.89",
        "201404": "13.72",
        "201405": "12.88",
        "201406": "13.03",
        "201407": "12.58",
        "201408": "11.84",
        "201409": "11.59",
        "201410": "11.23",
        "201411": "11.08",
        "201412": "10.97",
        "201501": "12.10",
        "201502": "12.28",
        "201503": "14.30",
        "201504": "14.39",
        "201505": "13.66",
        "201506": "13.60",
        "201507": "13.60",
        "201508": "12.52",
        "201509": "11.44",
        "201510": "12.07",
        "201511": "13.14",
        "201512": "12.71",
        "201601": "12.33",
        "201602": "12.22",
        "201603": "12.24",
        "201604": "12.24",
        "201605": "11.86",
        "201606": "11.65",
        "201607": "12.05",
        "201608": "11.92",
        "201609": "11.80",
        "201610": "12.20",
        "201611": "11.99",
        "201612": "11.78",
        "201701": "11.70",
        "201702": "12.14",
        "201703": "12.68",
        "201704": "14.17",
        "201705": "14.68",
        "201706": "15.31",
        "201707": "15.27",
        "201708": "18.76",
        "201709": "無",
        "201710": "無",
        "201711": "無",
        "201712": "無",
        "201801": "無",
        "201802": "無",
        "201803": "無",
        "201804": "無",
        "201805": "無",
        "201806": "無",
        "201807": "無",
        "201808": "無",
        "201809": "無",
        "201810": "無",
        "201811": "無",
        "201812": "無",
        "201901": "無",
        "201902": "無",
        "201903": "無",
        "201904": "無",
        "201905": "無",
        "201906": "無",
        "201907": "無",
        "201908": "無",
        "201909": "無",
        "201910": "無",
        "201911": "無",
        "201912": "無",
        "202001": "無",
        "202002": "無",
        "202003": "無",
        "202004": "無",
        "202005": "無",
        "202006": "無",
        "202007": "無",
        "202008": "無",
        "202009": "無",
        "202010": "無",
        "202011": "無",
        "202012": "無",
        "202101": "無",
        "202102": "無",
        "202103": "無",
        "202104": "無",
        "202105": "無",
        "202106": "無",
        "202107": "無",
        "202108": "無",
        "202109": "無",
        "202110": "無",
        "202111": "無",
        "202112": "無",
        "202201": "無",
        "202202": "無",
        "202203": "無",
        "202204": "無",
        "202205": "無",
        "202206": "無",
        "202207": "無",
        "202208": "無",
        "202209": "無",
        "202210": "無",
        "202211": "無",
        "202212": "無",
        "202301": "無",
        "202302": "無",
        "202303": "無",
        "202304": "無",
        "202305": "無",
        "202306": "無",
        "202307": "無",
        "202308": "無",
        "202309": "無",
        "202310": "無"
    },
    "quarters": {
        "20011": {
            "year_quarter": 20011,
            "year": 2001,
            "quarter": 1,
            "eps": 0.3,
            "eps_growth_year": -16.67,
            "eps_4q": 1.18,
            "eps_4q_growth_year": 152.77,
            "roe": 1.69,
            "roe_4q": 1.69,
            "gross_profit": 125344,
            "gross_margin": 6.04,
            "gross_margin_4q_avg": 6.04,
            "net_income": 23506,
            "net_income_4q": null,
            "revenue": 2073586,
            "revenue_4q": null,
            "common_shares": 800000,
            "book_valuer_per_share": 17.46,
            "book_valuer_per_share_4q_avg": 17.46,
            "equity": 1396664,
            "current_ratio": 167.82,
            "debt_ratio": 47.77,
            "inventory_turnover_ratio": 3.3,
            "account_receivable_turnover_ratio": null,
            "reinvestment_rate": null,
            "research_to_sale_ratio": null,
            "price_fair": 0,
            "eps_avg_yearly": 0,
            "eps_latest_yearly": 0,
            "eps_growth_yearly": 0
        },
        "20012": {
            "year_quarter": 20012,
            "year": 2001,
            "quarter": 2,
            "eps": 0.1,
            "eps_growth_year": -78.26,
            "eps_4q": 0.79,
            "eps_4q_growth_year": -31.37,
            "roe": 0.66,
            "roe_4q": 2.35,
            "gross_profit": 115685,
            "gross_margin": 6.11,
            "gross_margin_4q_avg": 6.08,
            "net_income": 9170,
            "net_income_4q": null,
            "revenue": 1892139,
            "revenue_4q": null,
            "common_shares": 800000,
            "book_valuer_per_share": 17.5,
            "book_valuer_per_share_4q_avg": 17.48,
            "equity": 1399934,
            "current_ratio": 168.41,
            "debt_ratio": 46.85,
            "inventory_turnover_ratio": 3.45,
            "account_receivable_turnover_ratio": null,
            "reinvestment_rate": null,
            "research_to_sale_ratio": null,
            "price_fair": 0,
            "eps_avg_yearly": 0,
            "eps_latest_yearly": 0,
            "eps_growth_yearly": 0
        },
        "20013": {
            "year_quarter": 20013,
            "year": 2001,
            "quarter": 3,
            "eps": 0.05,
            "eps_growth_year": -86.84,
            "eps_4q": 0.51,
            "eps_4q_growth_year": -58.51,
            "roe": 0.36,
            "roe_4q": 2.71,
            "gross_profit": 127871,
            "gross_margin": 6.34,
            "gross_margin_4q_avg": 6.16,
            "net_income": 5035,
            "net_income_4q": null,
            "revenue": 2016254,
            "revenue_4q": null,
            "common_shares": 938000,
            "book_valuer_per_share": 14.98,
            "book_valuer_per_share_4q_avg": 16.65,
            "equity": 1405159,
            "current_ratio": 158.85,
            "debt_ratio": 50.77,
            "inventory_turnover_ratio": 3.54,
            "account_receivable_turnover_ratio": null,
            "reinvestment_rate": null,
            "research_to_sale_ratio": null,
            "price_fair": 0,
            "eps_avg_yearly": 0,
            "eps_latest_yearly": 0,
            "eps_growth_yearly": 0
        },
        "20014": {
            "year_quarter": 20014,
            "year": 2001,
            "quarter": 4,
            "eps": 0.06,
            "eps_growth_year": -70,
            "eps_4q": 0.5,
            "eps_4q_growth_year": -61.44,
            "roe": 0.37,
            "roe_4q": 3.08,
            "gross_profit": 109737,
            "gross_margin": 4.78,
            "gross_margin_4q_avg": 5.82,
            "net_income": 5188,
            "net_income_4q": null,
            "revenue": 2293553,
            "revenue_4q": null,
            "common_shares": 938000,
            "book_valuer_per_share": 14.75,
            "book_valuer_per_share_4q_avg": 16.17,
            "equity": 1383815,
            "current_ratio": 177.79,
            "debt_ratio": 52.58,
            "inventory_turnover_ratio": 3.93,
            "account_receivable_turnover_ratio": null,
            "reinvestment_rate": null,
            "research_to_sale_ratio": null,
            "price_fair": 0,
            "eps_avg_yearly": 0,
            "eps_latest_yearly": 0,
            "eps_growth_yearly": 0
        },
        "20021": {
            "year_quarter": 20021,
            "year": 2002,
            "quarter": 1,
            "eps": 0.05,
            "eps_growth_year": -83.33,
            "eps_4q": 0.25,
            "eps_4q_growth_year": -79.19,
            "roe": 0.36,
            "roe_4q": 1.75,
            "gross_profit": 123217,
            "gross_margin": 5.46,
            "gross_margin_4q_avg": 5.67,
            "net_income": 4960,
            "net_income_4q": null,
            "revenue": 2255488,
            "revenue_4q": null,
            "common_shares": 938000,
            "book_valuer_per_share": 14.81,
            "book_valuer_per_share_4q_avg": 15.51,
            "equity": 1389174,
            "current_ratio": 153.95,
            "debt_ratio": 52.95,
            "inventory_turnover_ratio": 3.57,
            "account_receivable_turnover_ratio": null,
            "reinvestment_rate": null,
            "research_to_sale_ratio": null,
            "price_fair": 0.6,
            "eps_avg_yearly": 0.2,
            "eps_latest_yearly": 0.2,
            "eps_growth_yearly": -66.67
        },
        "20022": {
            "year_quarter": 20022,
            "year": 2002,
            "quarter": 2,
            "eps": -0.94,
            "eps_growth_year": -1040,
            "eps_4q": -0.88,
            "eps_4q_growth_year": -211.02,
            "roe": -7.21,
            "roe_4q": -6.119999999999999,
            "gross_profit": 121755,
            "gross_margin": 5.71,
            "gross_margin_4q_avg": 5.57,
            "net_income": -97490,
            "net_income_4q": null,
            "revenue": 2133042,
            "revenue_4q": null,
            "common_shares": 938000,
            "book_valuer_per_share": 14.02,
            "book_valuer_per_share_4q_avg": 14.64,
            "equity": 1315129,
            "current_ratio": 158.33,
            "debt_ratio": 53.84,
            "inventory_turnover_ratio": 2.97,
            "account_receivable_turnover_ratio": null,
            "reinvestment_rate": null,
            "research_to_sale_ratio": null,
            "price_fair": 0.6,
            "eps_avg_yearly": 0.2,
            "eps_latest_yearly": 0.2,
            "eps_growth_yearly": -66.67
        },
        "20023": {
            "year_quarter": 20023,
            "year": 2002,
            "quarter": 3,
            "eps": -0.17,
            "eps_growth_year": -440,
            "eps_4q": -1.01,
            "eps_4q_growth_year": -296.5,
            "roe": -1.3,
            "roe_4q": -7.78,
            "gross_profit": 119705,
            "gross_margin": 4.38,
            "gross_margin_4q_avg": 5.08,
            "net_income": -16989,
            "net_income_4q": null,
            "revenue": 2731115,
            "revenue_4q": null,
            "common_shares": 1036000,
            "book_valuer_per_share": 12.55,
            "book_valuer_per_share_4q_avg": 14.03,
            "equity": 1300435,
            "current_ratio": 144.13,
            "debt_ratio": 60.68,
            "inventory_turnover_ratio": 3.83,
            "account_receivable_turnover_ratio": null,
            "reinvestment_rate": null,
            "research_to_sale_ratio": null,
            "price_fair": 0.6,
            "eps_avg_yearly": 0.2,
            "eps_latest_yearly": 0.2,
            "eps_growth_yearly": -66.67
        },
        "20024": {
            "year_quarter": 20024,
            "year": 2002,
            "quarter": 4,
            "eps": -0.36,
            "eps_growth_year": -700,
            "eps_4q": -0.89,
            "eps_4q_growth_year": -278.76,
            "roe": -2.92,
            "roe_4q": -11.07,
            "gross_profit": 138407,
            "gross_margin": 4.69,
            "gross_margin_4q_avg": 5.06,
            "net_income": -36975,
            "net_income_4q": null,
            "revenue": 2952409,
            "revenue_4q": null,
            "common_shares": 1036000,
            "book_valuer_per_share": 11.88,
            "book_valuer_per_share_4q_avg": 13.32,
            "equity": 1231284,
            "current_ratio": 142.63,
            "debt_ratio": 63.47,
            "inventory_turnover_ratio": 3.84,
            "account_receivable_turnover_ratio": null,
            "reinvestment_rate": null,
            "research_to_sale_ratio": null,
            "price_fair": 0.6,
            "eps_avg_yearly": 0.2,
            "eps_latest_yearly": 0.2,
            "eps_growth_yearly": -66.67
        },
        "20031": {
            "year_quarter": 20031,
            "year": 2003,
            "quarter": 1,
            "eps": 0.05,
            "eps_growth_year": 0,
            "eps_4q": -1.34,
            "eps_4q_growth_year": -647.71,
            "roe": 0.44,
            "roe_4q": -10.99,
            "gross_profit": 164385,
            "gross_margin": 7.03,
            "gross_margin_4q_avg": 5.45,
            "net_income": 5430,
            "net_income_4q": null,
            "revenue": 2338355,
            "revenue_4q": null,
            "common_shares": 1036000,
            "book_valuer_per_share": 11.85,
            "book_valuer_per_share_4q_avg": 12.58,
            "equity": 1228015,
            "current_ratio": 153.61,
            "debt_ratio": 57.16,
            "inventory_turnover_ratio": 2.72,
            "account_receivable_turnover_ratio": null,
            "reinvestment_rate": null,
            "research_to_sale_ratio": null,
            "price_fair": 0.6,
            "eps_avg_yearly": 0.2,
            "eps_latest_yearly": 0.2,
            "eps_growth_yearly": -66.67
        },
        "20032": {
            "year_quarter": 20032,
            "year": 2003,
            "quarter": 2,
            "eps": 0.49,
            "eps_growth_year": null,
            "eps_4q": -0,
            "eps_4q_growth_year": null,
            "roe": 3.87,
            "roe_4q": 0.09000000000000052,
            "gross_profit": 133834,
            "gross_margin": 5.61,
            "gross_margin_4q_avg": 5.43,
            "net_income": 48248,
            "net_income_4q": null,
            "revenue": 2386094,
            "revenue_4q": null,
            "common_shares": 1036000,
            "book_valuer_per_share": 12.23,
            "book_valuer_per_share_4q_avg": 12.13,
            "equity": 1266963,
            "current_ratio": 155.75,
            "debt_ratio": 56.33,
            "inventory_turnover_ratio": 2.86,
            "account_receivable_turnover_ratio": null,
            "reinvestment_rate": 34.02,
            "research_to_sale_ratio": null,
            "price_fair": 37.8,
            "eps_avg_yearly": 1.08,
            "eps_latest_yearly": 1.96,
            "eps_growth_yearly": 1726.67
        },
        "20033": {
            "year_quarter": 20033,
            "year": 2003,
            "quarter": 3,
            "eps": 0.21,
            "eps_growth_year": null,
            "eps_4q": 0.38,
            "eps_4q_growth_year": null,
            "roe": 1.63,
            "roe_4q": 3.0200000000000005,
            "gross_profit": 185169,
            "gross_margin": 5.97,
            "gross_margin_4q_avg": 5.83,
            "net_income": 20814,
            "net_income_4q": null,
            "revenue": 3100114,
            "revenue_4q": null,
            "common_shares": 1036000,
            "book_valuer_per_share": 12.37,
            "book_valuer_per_share_4q_avg": 12.08,
            "equity": 1281702,
            "current_ratio": 146.84,
            "debt_ratio": 60.79,
            "inventory_turnover_ratio": 3.84,
            "account_receivable_turnover_ratio": null,
            "reinvestment_rate": -33.19,
            "research_to_sale_ratio": null,
            "price_fair": 35,
            "eps_avg_yearly": 1,
            "eps_latest_yearly": 0.84,
            "eps_growth_yearly": 1074.92
        },
        "20034": {
            "year_quarter": 20034,
            "year": 2003,
            "quarter": 4,
            "eps": 0.05,
            "eps_growth_year": null,
            "eps_4q": 0.77,
            "eps_4q_growth_year": null,
            "roe": 0.41,
            "roe_4q": 6.3500000000000005,
            "gross_profit": 186677,
            "gross_margin": 6.22,
            "gross_margin_4q_avg": 6.21,
            "net_income": 5208,
            "net_income_4q": null,
            "revenue": 3003617,
            "revenue_4q": null,
            "common_shares": 1036000,
            "book_valuer_per_share": 12.42,
            "book_valuer_per_share_4q_avg": 12.22,
            "equity": 1286256,
            "current_ratio": 139.3,
            "debt_ratio": 66.05,
            "inventory_turnover_ratio": 2.8,
            "account_receivable_turnover_ratio": null,
            "reinvestment_rate": -93.3,
            "research_to_sale_ratio": null,
            "price_fair": 28,
            "eps_avg_yearly": 0.8,
            "eps_latest_yearly": 0.2,
            "eps_growth_yearly": 730
        },
        "20041": {
            "year_quarter": 20041,
            "year": 2004,
            "quarter": 1,
            "eps": 0.22,
            "eps_growth_year": 340,
            "eps_4q": 0.98,
            "eps_4q_growth_year": null,
            "roe": 1.67,
            "roe_4q": 7.58,
            "gross_profit": 185503,
            "gross_margin": 6.26,
            "gross_margin_4q_avg": 6.02,
            "net_income": 21602,
            "net_income_4q": null,
            "revenue": 2962437,
            "revenue_4q": null,
            "common_shares": 1036000,
            "book_valuer_per_share": 12.63,
            "book_valuer_per_share_4q_avg": 12.41,
            "equity": 1308062,
            "current_ratio": 140.47,
            "debt_ratio": 65.44,
            "inventory_turnover_ratio": 2.28,
            "account_receivable_turnover_ratio": null,
            "reinvestment_rate": -78.06,
            "research_to_sale_ratio": null,
            "price_fair": 28.56,
            "eps_avg_yearly": 0.82,
            "eps_latest_yearly": 0.88,
            "eps_growth_yearly": 856
        },
        "20042": {
            "year_quarter": 20042,
            "year": 2004,
            "quarter": 2,
            "eps": 0.09,
            "eps_growth_year": -81.63,
            "eps_4q": 0.59,
            "eps_4q_growth_year": null,
            "roe": 0.65,
            "roe_4q": 4.359999999999999,
            "gross_profit": 162943,
            "gross_margin": 5.94,
            "gross_margin_4q_avg": 6.1,
            "net_income": 8558,
            "net_income_4q": null,
            "revenue": 2745127,
            "revenue_4q": null,
            "common_shares": 1036000,
            "book_valuer_per_share": 12.71,
            "book_valuer_per_share_4q_avg": 12.53,
            "equity": 1316891,
            "current_ratio": 144.84,
            "debt_ratio": 63.24,
            "inventory_turnover_ratio": 2.35,
            "account_receivable_turnover_ratio": null,
            "reinvestment_rate": -108.04,
            "research_to_sale_ratio": null,
            "price_fair": 25.9,
            "eps_avg_yearly": 0.74,
            "eps_latest_yearly": 0.36,
            "eps_growth_yearly": 673.94
        },
        "20043": {
            "year_quarter": 20043,
            "year": 2004,
            "quarter": 3,
            "eps": 0.23,
            "eps_growth_year": 9.52,
            "eps_4q": 0.6,
            "eps_4q_growth_year": 58.58,
            "roe": 1.65,
            "roe_4q": 4.38,
            "gross_profit": 192126,
            "gross_margin": 5.95,
            "gross_margin_4q_avg": 6.09,
            "net_income": 21969,
            "net_income_4q": null,
            "revenue": 3227823,
            "revenue_4q": null,
            "common_shares": 1036000,
            "book_valuer_per_share": 12.92,
            "book_valuer_per_share_4q_avg": 12.67,
            "equity": 1338962,
            "current_ratio": 139.77,
            "debt_ratio": 66.87,
            "inventory_turnover_ratio": 3.01,
            "account_receivable_turnover_ratio": null,
            "reinvestment_rate": -127.3,
            "research_to_sale_ratio": null,
            "price_fair": 26.8,
            "eps_avg_yearly": 0.77,
            "eps_latest_yearly": 0.92,
            "eps_growth_yearly": 666.55
        },
        "20044": {
            "year_quarter": 20044,
            "year": 2004,
            "quarter": 4,
            "eps": 0.17,
            "eps_growth_year": 240,
            "eps_4q": 0.7,
            "eps_4q_growth_year": -8.37,
            "roe": 1.24,
            "roe_4q": 5.209999999999999,
            "gross_profit": 179513,
            "gross_margin": 5.93,
            "gross_margin_4q_avg": 6.02,
            "net_income": 16685,
            "net_income_4q": null,
            "revenue": 3027839,
            "revenue_4q": null,
            "common_shares": 1036000,
            "book_valuer_per_share": 13.04,
            "book_valuer_per_share_4q_avg": 12.83,
            "equity": 1350529,
            "current_ratio": 147.84,
            "debt_ratio": 62.76,
            "inventory_turnover_ratio": 3.05,
            "account_receivable_turnover_ratio": null,
            "reinvestment_rate": -116.71,
            "research_to_sale_ratio": null,
            "price_fair": 26.43,
            "eps_avg_yearly": 0.76,
            "eps_latest_yearly": 0.68,
            "eps_growth_yearly": 570.19
        },
        "20051": {
            "year_quarter": 20051,
            "year": 2005,
            "quarter": 1,
            "eps": 0.16,
            "eps_growth_year": -27.27,
            "eps_4q": 0.65,
            "eps_4q_growth_year": -33.54,
            "roe": 1.14,
            "roe_4q": 4.68,
            "gross_profit": 163364,
            "gross_margin": 6.05,
            "gross_margin_4q_avg": 5.97,
            "net_income": 15451,
            "net_income_4q": null,
            "revenue": 2699022,
            "revenue_4q": null,
            "common_shares": 1036000,
            "book_valuer_per_share": 13.18,
            "book_valuer_per_share_4q_avg": 12.96,
            "equity": 1365725,
            "current_ratio": 157.06,
            "debt_ratio": 58.85,
            "inventory_turnover_ratio": 3.03,
            "account_receivable_turnover_ratio": null,
            "reinvestment_rate": -136.91,
            "research_to_sale_ratio": null,
            "price_fair": 25.98,
            "eps_avg_yearly": 0.74,
            "eps_latest_yearly": 0.64,
            "eps_growth_yearly": 504.22
        },
        "20052": {
            "year_quarter": 20052,
            "year": 2005,
            "quarter": 2,
            "eps": 0.09,
            "eps_growth_year": 0,
            "eps_4q": 0.63,
            "eps_4q_growth_year": 6.29,
            "roe": 0.66,
            "roe_4q": 4.6899999999999995,
            "gross_profit": 142943,
            "gross_margin": 5.45,
            "gross_margin_4q_avg": 5.85,
            "net_income": 9051,
            "net_income_4q": null,
            "revenue": 2624299,
            "revenue_4q": null,
            "common_shares": 1036000,
            "book_valuer_per_share": 13.27,
            "book_valuer_per_share_4q_avg": 13.1,
            "equity": 1374942,
            "current_ratio": 160.5,
            "debt_ratio": 57.44,
            "inventory_turnover_ratio": 3.02,
            "account_receivable_turnover_ratio": null,
            "reinvestment_rate": -128.45,
            "research_to_sale_ratio": null,
            "price_fair": 24.64,
            "eps_avg_yearly": 0.7,
            "eps_latest_yearly": 0.36,
            "eps_growth_yearly": 436.3
        },
        "20053": {
            "year_quarter": 20053,
            "year": 2005,
            "quarter": 3,
            "eps": 0.14,
            "eps_growth_year": -39.13,
            "eps_4q": 0.58,
            "eps_4q_growth_year": -3.76,
            "roe": 0.95,
            "roe_4q": 3.99,
            "gross_profit": 171748,
            "gross_margin": 6.1,
            "gross_margin_4q_avg": 5.88,
            "net_income": 13174,
            "net_income_4q": null,
            "revenue": 2815799,
            "revenue_4q": null,
            "common_shares": 1036000,
            "book_valuer_per_share": 13.41,
            "book_valuer_per_share_4q_avg": 13.23,
            "equity": 1389680,
            "current_ratio": 157.65,
            "debt_ratio": 58.9,
            "inventory_turnover_ratio": 3.41,
            "account_receivable_turnover_ratio": null,
            "reinvestment_rate": -101.7,
            "research_to_sale_ratio": null,
            "price_fair": 24.18,
            "eps_avg_yearly": 0.69,
            "eps_latest_yearly": 0.56,
            "eps_growth_yearly": 416.84
        },
        "20054": {
            "year_quarter": 20054,
            "year": 2005,
            "quarter": 4,
            "eps": 0.02,
            "eps_growth_year": -88.24,
            "eps_4q": 0.39,
            "eps_4q_growth_year": -44.23,
            "roe": 0.15,
            "roe_4q": 2.8999999999999995,
            "gross_profit": 131549,
            "gross_margin": 5.67,
            "gross_margin_4q_avg": 5.82,
            "net_income": 2031,
            "net_income_4q": null,
            "revenue": 2319633,
            "revenue_4q": null,
            "common_shares": 986000,
            "book_valuer_per_share": 13.91,
            "book_valuer_per_share_4q_avg": 13.44,
            "equity": 1371802,
            "current_ratio": 167.99,
            "debt_ratio": 55.02,
            "inventory_turnover_ratio": 3.17,
            "account_receivable_turnover_ratio": null,
            "reinvestment_rate": -112.35,
            "research_to_sale_ratio": null,
            "price_fair": 22.4,
            "eps_avg_yearly": 0.64,
            "eps_latest_yearly": 0.08,
            "eps_growth_yearly": 353.53
        },
        "20061": {
            "year_quarter": 20061,
            "year": 2006,
            "quarter": 1,
            "eps": 0.03,
            "eps_growth_year": -81.25,
            "eps_4q": 0.33,
            "eps_4q_growth_year": -49.45,
            "roe": 0.18,
            "roe_4q": 1.94,
            "gross_profit": 116738,
            "gross_margin": 5.86,
            "gross_margin_4q_avg": 5.77,
            "net_income": 2442,
            "net_income_4q": null,
            "revenue": 1992279,
            "revenue_4q": null,
            "common_shares": 986000,
            "book_valuer_per_share": 13.77,
            "book_valuer_per_share_4q_avg": 13.59,
            "equity": 1357427,
            "current_ratio": 195.3,
            "debt_ratio": 46.71,
            "inventory_turnover_ratio": 2.94,
            "account_receivable_turnover_ratio": null,
            "reinvestment_rate": -118.51,
            "research_to_sale_ratio": null,
            "price_fair": 22.17,
            "eps_avg_yearly": 0.63,
            "eps_latest_yearly": 0.12,
            "eps_growth_yearly": 375.75
        },
        "20062": {
            "year_quarter": 20062,
            "year": 2006,
            "quarter": 2,
            "eps": 0.03,
            "eps_growth_year": -66.67,
            "eps_4q": 0.23,
            "eps_4q_growth_year": -62.82,
            "roe": 0.2,
            "roe_4q": 1.48,
            "gross_profit": 117339,
            "gross_margin": 6.24,
            "gross_margin_4q_avg": 5.97,
            "net_income": 2602,
            "net_income_4q": null,
            "revenue": 1880466,
            "revenue_4q": null,
            "common_shares": 967920,
            "book_valuer_per_share": 13.36,
            "book_valuer_per_share_4q_avg": 13.61,
            "equity": 1293246,
            "current_ratio": 192.42,
            "debt_ratio": 47.16,
            "inventory_turnover_ratio": 2.92,
            "account_receivable_turnover_ratio": null,
            "reinvestment_rate": -39.55,
            "research_to_sale_ratio": null,
            "price_fair": 20.78,
            "eps_avg_yearly": 0.59,
            "eps_latest_yearly": 0.12,
            "eps_growth_yearly": 346.85
        },
        "20063": {
            "year_quarter": 20063,
            "year": 2006,
            "quarter": 3,
            "eps": 0.01,
            "eps_growth_year": -92.86,
            "eps_4q": 0.08,
            "eps_4q_growth_year": -85.76,
            "roe": 0.07,
            "roe_4q": 0.6,
            "gross_profit": 116409,
            "gross_margin": 5.4,
            "gross_margin_4q_avg": 5.79,
            "net_income": 886,
            "net_income_4q": null,
            "revenue": 2154502,
            "revenue_4q": null,
            "common_shares": 967920,
            "book_valuer_per_share": 13.38,
            "book_valuer_per_share_4q_avg": 13.61,
            "equity": 1294629,
            "current_ratio": 185.47,
            "debt_ratio": 49.15,
            "inventory_turnover_ratio": 3.73,
            "account_receivable_turnover_ratio": null,
            "reinvestment_rate": -33.55,
            "research_to_sale_ratio": null,
            "price_fair": 19.4,
            "eps_avg_yearly": 0.55,
            "eps_latest_yearly": 0.04,
            "eps_growth_yearly": 303.02
        },
        "20064": {
            "year_quarter": 20064,
            "year": 2006,
            "quarter": 4,
            "eps": 0.5,
            "eps_growth_year": 2400,
            "eps_4q": 0.57,
            "eps_4q_growth_year": 44.74,
            "roe": 3.44,
            "roe_4q": 3.89,
            "gross_profit": 80910,
            "gross_margin": 5.22,
            "gross_margin_4q_avg": 5.68,
            "net_income": 44957,
            "net_income_4q": null,
            "revenue": 1549434,
            "revenue_4q": null,
            "common_shares": 967920,
            "book_valuer_per_share": 13.6,
            "book_valuer_per_share_4q_avg": 13.53,
            "equity": 1316090,
            "current_ratio": 199.95,
            "debt_ratio": 45.37,
            "inventory_turnover_ratio": 2.94,
            "account_receivable_turnover_ratio": null,
            "reinvestment_rate": -21.11,
            "research_to_sale_ratio": null,
            "price_fair": 22.77,
            "eps_avg_yearly": 0.65,
            "eps_latest_yearly": 2,
            "eps_growth_yearly": 1589.49
        },
        "20071": {
            "year_quarter": 20071,
            "year": 2007,
            "quarter": 1,
            "eps": 0.12,
            "eps_growth_year": 300,
            "eps_4q": 0.64,
            "eps_4q_growth_year": 96.56,
            "roe": 0.84,
            "roe_4q": 4.550000000000001,
            "gross_profit": 104763,
            "gross_margin": 6.85,
            "gross_margin_4q_avg": 5.93,
            "net_income": 11080,
            "net_income_4q": null,
            "revenue": 1529810,
            "revenue_4q": null,
            "common_shares": 967920,
            "book_valuer_per_share": 13.71,
            "book_valuer_per_share_4q_avg": 13.51,
            "equity": 1327426,
            "current_ratio": 236.98,
            "debt_ratio": 38,
            "inventory_turnover_ratio": 3.13,
            "account_receivable_turnover_ratio": null,
            "reinvestment_rate": -19.94,
            "research_to_sale_ratio": null,
            "price_fair": 22.4,
            "eps_avg_yearly": 0.64,
            "eps_latest_yearly": 0.48,
            "eps_growth_yearly": 1471.15
        },
        "20072": {
            "year_quarter": 20072,
            "year": 2007,
            "quarter": 2,
            "eps": 0.77,
            "eps_growth_year": 2466.67,
            "eps_4q": 1.41,
            "eps_4q_growth_year": 503.56,
            "roe": 5.12,
            "roe_4q": 9.47,
            "gross_profit": 92921,
            "gross_margin": 6.23,
            "gross_margin_4q_avg": 5.93,
            "net_income": 68584,
            "net_income_4q": null,
            "revenue": 1491554,
            "revenue_4q": null,
            "common_shares": 967920,
            "book_valuer_per_share": 13.96,
            "book_valuer_per_share_4q_avg": 13.66,
            "equity": 1351154,
            "current_ratio": 224.04,
            "debt_ratio": 40.53,
            "inventory_turnover_ratio": 3.3,
            "account_receivable_turnover_ratio": null,
            "reinvestment_rate": -18.57,
            "research_to_sale_ratio": null,
            "price_fair": 24.85,
            "eps_avg_yearly": 0.71,
            "eps_latest_yearly": 3.08,
            "eps_growth_yearly": 1386.56
        },
        "20073": {
            "year_quarter": 20073,
            "year": 2007,
            "quarter": 3,
            "eps": 1.74,
            "eps_growth_year": 17300,
            "eps_4q": 3.14,
            "eps_4q_growth_year": 3723.59,
            "roe": 10.78,
            "roe_4q": 20.18,
            "gross_profit": 108486,
            "gross_margin": 5.95,
            "gross_margin_4q_avg": 6.06,
            "net_income": 154350,
            "net_income_4q": null,
            "revenue": 1821898,
            "revenue_4q": null,
            "common_shares": 968650,
            "book_valuer_per_share": 15.62,
            "book_valuer_per_share_4q_avg": 14.22,
            "equity": 1512910,
            "current_ratio": 238.24,
            "debt_ratio": 38.28,
            "inventory_turnover_ratio": 4.04,
            "account_receivable_turnover_ratio": null,
            "reinvestment_rate": -12.68,
            "research_to_sale_ratio": null,
            "price_fair": 38.24,
            "eps_avg_yearly": 1.09,
            "eps_latest_yearly": 6.96,
            "eps_growth_yearly": 1432.34
        },
        "20074": {
            "year_quarter": 20074,
            "year": 2007,
            "quarter": 4,
            "eps": -0.62,
            "eps_growth_year": -224,
            "eps_4q": 1.99,
            "eps_4q_growth_year": 251.62,
            "roe": -3.67,
            "roe_4q": 13.07,
            "gross_profit": 105411,
            "gross_margin": 6.05,
            "gross_margin_4q_avg": 6.27,
            "net_income": -55779,
            "net_income_4q": null,
            "revenue": 1740982,
            "revenue_4q": null,
            "common_shares": 976083,
            "book_valuer_per_share": 15.6,
            "book_valuer_per_share_4q_avg": 14.72,
            "equity": 1523172,
            "current_ratio": 247.7,
            "debt_ratio": 36.86,
            "inventory_turnover_ratio": 3.42,
            "account_receivable_turnover_ratio": null,
            "reinvestment_rate": -14.65,
            "research_to_sale_ratio": null,
            "price_fair": 40.32,
            "eps_avg_yearly": 1.15,
            "eps_latest_yearly": 6.96,
            "eps_growth_yearly": 1548.15
        },
        "20081": {
            "year_quarter": 20081,
            "year": 2008,
            "quarter": 1,
            "eps": 0.26,
            "eps_growth_year": 116.67,
            "eps_4q": 1.99,
            "eps_4q_growth_year": 208.62,
            "roe": 1.64,
            "roe_4q": 13.870000000000001,
            "gross_profit": 117869,
            "gross_margin": 6.7,
            "gross_margin_4q_avg": 6.23,
            "net_income": 25127,
            "net_income_4q": null,
            "revenue": 1758181,
            "revenue_4q": null,
            "common_shares": 979680,
            "book_valuer_per_share": 15.8,
            "book_valuer_per_share_4q_avg": 15.25,
            "equity": 1547494,
            "current_ratio": 263.68,
            "debt_ratio": 34.77,
            "inventory_turnover_ratio": 3.13,
            "account_receivable_turnover_ratio": null,
            "reinvestment_rate": -15.86,
            "research_to_sale_ratio": null,
            "price_fair": 41,
            "eps_avg_yearly": 1.17,
            "eps_latest_yearly": 6.96,
            "eps_growth_yearly": 1561.59
        },
        "20082": {
            "year_quarter": 20082,
            "year": 2008,
            "quarter": 2,
            "eps": -0.62,
            "eps_growth_year": -180.52,
            "eps_4q": 0.64,
            "eps_4q_growth_year": -54.23,
            "roe": -4.21,
            "roe_4q": 4.539999999999999,
            "gross_profit": 74743,
            "gross_margin": 4.83,
            "gross_margin_4q_avg": 5.88,
            "net_income": -60513,
            "net_income_4q": null,
            "revenue": 1546747,
            "revenue_4q": null,
            "common_shares": 979680,
            "book_valuer_per_share": 13.55,
            "book_valuer_per_share_4q_avg": 15.14,
            "equity": 1327005,
            "current_ratio": 238.58,
            "debt_ratio": 38.18,
            "inventory_turnover_ratio": 3.5,
            "account_receivable_turnover_ratio": null,
            "reinvestment_rate": -19.88,
            "research_to_sale_ratio": null,
            "price_fair": 43.18,
            "eps_avg_yearly": 1.23,
            "eps_latest_yearly": 6.96,
            "eps_growth_yearly": 1699.89
        },
        "20083": {
            "year_quarter": 20083,
            "year": 2008,
            "quarter": 3,
            "eps": -0.2,
            "eps_growth_year": -111.49,
            "eps_4q": -1.13,
            "eps_4q_growth_year": -135.85,
            "roe": -1.48,
            "roe_4q": -7.72,
            "gross_profit": 111063,
            "gross_margin": 6.37,
            "gross_margin_4q_avg": 5.99,
            "net_income": -19369,
            "net_income_4q": null,
            "revenue": 1744286,
            "revenue_4q": null,
            "common_shares": 980358,
            "book_valuer_per_share": 13.09,
            "book_valuer_per_share_4q_avg": 14.51,
            "equity": 1282894,
            "current_ratio": 223.03,
            "debt_ratio": 41.24,
            "inventory_turnover_ratio": 4.48,
            "account_receivable_turnover_ratio": null,
            "reinvestment_rate": -22.19,
            "research_to_sale_ratio": null,
            "price_fair": 44.1,
            "eps_avg_yearly": 1.26,
            "eps_latest_yearly": 6.96,
            "eps_growth_yearly": 1789.7
        },
        "20084": {
            "year_quarter": 20084,
            "year": 2008,
            "quarter": 4,
            "eps": -0.41,
            "eps_growth_year": null,
            "eps_4q": -0.98,
            "eps_4q_growth_year": -149.25,
            "roe": -3.16,
            "roe_4q": -7.210000000000002,
            "gross_profit": 75206,
            "gross_margin": 4.94,
            "gross_margin_4q_avg": 5.71,
            "net_income": -39327,
            "net_income_4q": null,
            "revenue": 1520990,
            "revenue_4q": null,
            "common_shares": 930395,
            "book_valuer_per_share": 12.97,
            "book_valuer_per_share_4q_avg": 13.85,
            "equity": 1206744,
            "current_ratio": 279.91,
            "debt_ratio": 32.48,
            "inventory_turnover_ratio": 4.24,
            "account_receivable_turnover_ratio": 3.43,
            "reinvestment_rate": -30.69,
            "research_to_sale_ratio": null,
            "price_fair": 45.95,
            "eps_avg_yearly": 1.31,
            "eps_latest_yearly": 6.96,
            "eps_growth_yearly": 1961.88
        },
        "20091": {
            "year_quarter": 20091,
            "year": 2009,
            "quarter": 1,
            "eps": 0.01,
            "eps_growth_year": -96.15,
            "eps_4q": -1.28,
            "eps_4q_growth_year": -164.16,
            "roe": 0.04,
            "roe_4q": -8.809999999999999,
            "gross_profit": 71985,
            "gross_margin": 5.23,
            "gross_margin_4q_avg": 5.34,
            "net_income": 438,
            "net_income_4q": null,
            "revenue": 1375953,
            "revenue_4q": null,
            "common_shares": 930395,
            "book_valuer_per_share": 12.99,
            "book_valuer_per_share_4q_avg": 13.15,
            "equity": 1208842,
            "current_ratio": 242.15,
            "debt_ratio": 37.71,
            "inventory_turnover_ratio": 4.12,
            "account_receivable_turnover_ratio": 1.58,
            "reinvestment_rate": -32.7,
            "research_to_sale_ratio": null,
            "price_fair": 48.3,
            "eps_avg_yearly": 1.38,
            "eps_latest_yearly": 6.96,
            "eps_growth_yearly": 2160.43
        },
        "20092": {
            "year_quarter": 20092,
            "year": 2009,
            "quarter": 2,
            "eps": -0.3,
            "eps_growth_year": null,
            "eps_4q": -0.92,
            "eps_4q_growth_year": -242.25,
            "roe": -2.21,
            "roe_4q": -6.8100000000000005,
            "gross_profit": 77494,
            "gross_margin": 5.96,
            "gross_margin_4q_avg": 5.63,
            "net_income": -26456,
            "net_income_4q": null,
            "revenue": 1301277,
            "revenue_4q": null,
            "common_shares": 923395,
            "book_valuer_per_share": 12.85,
            "book_valuer_per_share_4q_avg": 12.98,
            "equity": 1186285,
            "current_ratio": 284.25,
            "debt_ratio": 32.06,
            "inventory_turnover_ratio": 4.07,
            "account_receivable_turnover_ratio": 1.55,
            "reinvestment_rate": -42.92,
            "research_to_sale_ratio": null,
            "price_fair": 52.27,
            "eps_avg_yearly": 1.49,
            "eps_latest_yearly": 6.96,
            "eps_growth_yearly": 2419.92
        },
        "20093": {
            "year_quarter": 20093,
            "year": 2009,
            "quarter": 3,
            "eps": 0.4,
            "eps_growth_year": null,
            "eps_4q": -0.33,
            "eps_4q_growth_year": null,
            "roe": 2.97,
            "roe_4q": -2.36,
            "gross_profit": 94032,
            "gross_margin": 5.87,
            "gross_margin_4q_avg": 5.5,
            "net_income": 35776,
            "net_income_4q": null,
            "revenue": 1601537,
            "revenue_4q": null,
            "common_shares": 923395,
            "book_valuer_per_share": 13.26,
            "book_valuer_per_share_4q_avg": 13.02,
            "equity": 1224221,
            "current_ratio": 215.94,
            "debt_ratio": 42.99,
            "inventory_turnover_ratio": 4.3,
            "account_receivable_turnover_ratio": 1.74,
            "reinvestment_rate": -36.31,
            "research_to_sale_ratio": null,
            "price_fair": 56.35,
            "eps_avg_yearly": 1.61,
            "eps_latest_yearly": 6.96,
            "eps_growth_yearly": 2694.63
        },
        "20094": {
            "year_quarter": 20094,
            "year": 2009,
            "quarter": 4,
            "eps": 0.02,
            "eps_growth_year": null,
            "eps_4q": 0.13,
            "eps_4q_growth_year": null,
            "roe": 0.12,
            "roe_4q": 0.9200000000000004,
            "gross_profit": 106336,
            "gross_margin": 6.54,
            "gross_margin_4q_avg": 5.9,
            "net_income": 1475,
            "net_income_4q": null,
            "revenue": 1624889,
            "revenue_4q": null,
            "common_shares": 923595,
            "book_valuer_per_share": 13.92,
            "book_valuer_per_share_4q_avg": 13.26,
            "equity": 1229703,
            "current_ratio": 230.62,
            "debt_ratio": 40.22,
            "inventory_turnover_ratio": 3.48,
            "account_receivable_turnover_ratio": 3.25,
            "reinvestment_rate": 33.89,
            "research_to_sale_ratio": null,
            "price_fair": 56.35,
            "eps_avg_yearly": 1.61,
            "eps_latest_yearly": 0.08,
            "eps_growth_yearly": 2689.99
        },
        "20101": {
            "year_quarter": 20101,
            "year": 2010,
            "quarter": 1,
            "eps": -0.23,
            "eps_growth_year": -2400,
            "eps_4q": -0.11,
            "eps_4q_growth_year": null,
            "roe": -1.65,
            "roe_4q": -0.7699999999999996,
            "gross_profit": 94695,
            "gross_margin": 6.06,
            "gross_margin_4q_avg": 6.11,
            "net_income": -20175,
            "net_income_4q": null,
            "revenue": 1563750,
            "revenue_4q": null,
            "common_shares": 923655,
            "book_valuer_per_share": 13.7,
            "book_valuer_per_share_4q_avg": 13.43,
            "equity": 1210762,
            "current_ratio": 224.79,
            "debt_ratio": 41.21,
            "inventory_turnover_ratio": 3.39,
            "account_receivable_turnover_ratio": 1.63,
            "reinvestment_rate": 43.57,
            "research_to_sale_ratio": null,
            "price_fair": 63.8,
            "eps_avg_yearly": 1.82,
            "eps_latest_yearly": 0.08,
            "eps_growth_yearly": 3045.7
        },
        "20102": {
            "year_quarter": 20102,
            "year": 2010,
            "quarter": 2,
            "eps": 0.01,
            "eps_growth_year": null,
            "eps_4q": 0.2,
            "eps_4q_growth_year": null,
            "roe": 0.1,
            "roe_4q": 1.5400000000000005,
            "gross_profit": 82387,
            "gross_margin": 5.68,
            "gross_margin_4q_avg": 6.04,
            "net_income": 1185,
            "net_income_4q": null,
            "revenue": 1450798,
            "revenue_4q": null,
            "common_shares": 924105,
            "book_valuer_per_share": 13.12,
            "book_valuer_per_share_4q_avg": 13.5,
            "equity": 1212083,
            "current_ratio": 255.2,
            "debt_ratio": 35.15,
            "inventory_turnover_ratio": 3.41,
            "account_receivable_turnover_ratio": 1.63,
            "reinvestment_rate": 85.12,
            "research_to_sale_ratio": null,
            "price_fair": 73.73,
            "eps_avg_yearly": 2.11,
            "eps_latest_yearly": 0.08,
            "eps_growth_yearly": 3553.32
        },
        "20103": {
            "year_quarter": 20103,
            "year": 2010,
            "quarter": 3,
            "eps": -0.03,
            "eps_growth_year": -106.67,
            "eps_4q": -0.22,
            "eps_4q_growth_year": null,
            "roe": -0.2,
            "roe_4q": -1.63,
            "gross_profit": 94570,
            "gross_margin": 5.66,
            "gross_margin_4q_avg": 5.99,
            "net_income": -2464,
            "net_income_4q": null,
            "revenue": 1670296,
            "revenue_4q": null,
            "common_shares": 924105,
            "book_valuer_per_share": 13.08,
            "book_valuer_per_share_4q_avg": 13.46,
            "equity": 1208680,
            "current_ratio": 231.03,
            "debt_ratio": 38.99,
            "inventory_turnover_ratio": 3.67,
            "account_receivable_turnover_ratio": 1.83,
            "reinvestment_rate": 84.82,
            "research_to_sale_ratio": null,
            "price_fair": 88.2,
            "eps_avg_yearly": 2.52,
            "eps_latest_yearly": 0.08,
            "eps_growth_yearly": 4317.31
        },
        "20104": {
            "year_quarter": 20104,
            "year": 2010,
            "quarter": 4,
            "eps": -0.03,
            "eps_growth_year": -248.52,
            "eps_4q": -0.26,
            "eps_4q_growth_year": -305.98,
            "roe": -0.23,
            "roe_4q": -1.98,
            "gross_profit": 95203,
            "gross_margin": 5.52,
            "gross_margin_4q_avg": 5.73,
            "net_income": -2745,
            "net_income_4q": null,
            "revenue": 1724499,
            "revenue_4q": null,
            "common_shares": 924105,
            "book_valuer_per_share": 13,
            "book_valuer_per_share_4q_avg": 13.23,
            "equity": 1201600,
            "current_ratio": 229.18,
            "debt_ratio": 39.74,
            "inventory_turnover_ratio": 3.45,
            "account_receivable_turnover_ratio": 1.73,
            "reinvestment_rate": 130.78,
            "research_to_sale_ratio": null,
            "price_fair": 92.75,
            "eps_avg_yearly": 2.65,
            "eps_latest_yearly": 0.08,
            "eps_growth_yearly": 496.64
        },
        "20111": {
            "year_quarter": 20111,
            "year": 2011,
            "quarter": 1,
            "eps": -0.17,
            "eps_growth_year": null,
            "eps_4q": -0.21,
            "eps_4q_growth_year": null,
            "roe": -1.3,
            "roe_4q": -1.63,
            "gross_profit": 79001,
            "gross_margin": 5.31,
            "gross_margin_4q_avg": 5.54,
            "net_income": -15470,
            "net_income_4q": null,
            "revenue": 1488095,
            "revenue_4q": null,
            "common_shares": 924105,
            "book_valuer_per_share": 12.83,
            "book_valuer_per_share_4q_avg": 13.01,
            "equity": 1185472,
            "current_ratio": 240.62,
            "debt_ratio": 37.8,
            "inventory_turnover_ratio": 2.75,
            "account_receivable_turnover_ratio": 1.61,
            "reinvestment_rate": 210.23,
            "research_to_sale_ratio": null,
            "price_fair": 118.07,
            "eps_avg_yearly": 3.37,
            "eps_latest_yearly": 0.08,
            "eps_growth_yearly": 763.52
        },
        "20112": {
            "year_quarter": 20112,
            "year": 2011,
            "quarter": 2,
            "eps": -0.23,
            "eps_growth_year": -1923.69,
            "eps_4q": -0.47,
            "eps_4q_growth_year": -336.71,
            "roe": -1.76,
            "roe_4q": -3.49,
            "gross_profit": 81346,
            "gross_margin": 5.23,
            "gross_margin_4q_avg": 5.43,
            "net_income": -20675,
            "net_income_4q": null,
            "revenue": 1556257,
            "revenue_4q": null,
            "common_shares": 924105,
            "book_valuer_per_share": 13.19,
            "book_valuer_per_share_4q_avg": 13.03,
            "equity": 1166081,
            "current_ratio": 232.88,
            "debt_ratio": 39.78,
            "inventory_turnover_ratio": 2.98,
            "account_receivable_turnover_ratio": 1.8,
            "reinvestment_rate": null,
            "research_to_sale_ratio": null,
            "price_fair": 123.2,
            "eps_avg_yearly": 3.52,
            "eps_latest_yearly": 0.08,
            "eps_growth_yearly": 61.95
        },
        "20113": {
            "year_quarter": 20113,
            "year": 2011,
            "quarter": 3,
            "eps": 0.05,
            "eps_growth_year": null,
            "eps_4q": -0.39,
            "eps_4q_growth_year": null,
            "roe": 0.4,
            "roe_4q": -2.89,
            "gross_profit": 102729,
            "gross_margin": 5.74,
            "gross_margin_4q_avg": 5.45,
            "net_income": 4729,
            "net_income_4q": null,
            "revenue": 1789319,
            "revenue_4q": null,
            "common_shares": 924105,
            "book_valuer_per_share": 13.27,
            "book_valuer_per_share_4q_avg": 13.07,
            "equity": 1173159,
            "current_ratio": 219.81,
            "debt_ratio": 42.36,
            "inventory_turnover_ratio": 4.25,
            "account_receivable_turnover_ratio": 1.88,
            "reinvestment_rate": null,
            "research_to_sale_ratio": null,
            "price_fair": 0.24,
            "eps_avg_yearly": 0.08,
            "eps_latest_yearly": 0.08,
            "eps_growth_yearly": -380
        },
        "20114": {
            "year_quarter": 20114,
            "year": 2011,
            "quarter": 4,
            "eps": 0.13,
            "eps_growth_year": null,
            "eps_4q": -0.23,
            "eps_4q_growth_year": null,
            "roe": 0.94,
            "roe_4q": -1.7200000000000002,
            "gross_profit": 82115,
            "gross_margin": 5.15,
            "gross_margin_4q_avg": 5.36,
            "net_income": 11215,
            "net_income_4q": null,
            "revenue": 1595665,
            "revenue_4q": null,
            "common_shares": 884105,
            "book_valuer_per_share": 13.42,
            "book_valuer_per_share_4q_avg": 13.18,
            "equity": 1211121,
            "current_ratio": 204.12,
            "debt_ratio": 47.29,
            "inventory_turnover_ratio": 3.64,
            "account_receivable_turnover_ratio": 1.58,
            "reinvestment_rate": null,
            "research_to_sale_ratio": null,
            "price_fair": 10.5,
            "eps_avg_yearly": 0.3,
            "eps_latest_yearly": 0.52,
            "eps_growth_yearly": 130
        },
        "20121": {
            "year_quarter": 20121,
            "year": 2012,
            "quarter": 1,
            "eps": 0.11,
            "eps_growth_year": null,
            "eps_4q": 0.06,
            "eps_4q_growth_year": null,
            "roe": 0.83,
            "roe_4q": 0.4099999999999999,
            "gross_profit": 83756,
            "gross_margin": 5.21,
            "gross_margin_4q_avg": 5.33,
            "net_income": 9935,
            "net_income_4q": null,
            "revenue": 1606403,
            "revenue_4q": null,
            "common_shares": 884105,
            "book_valuer_per_share": 0,
            "book_valuer_per_share_4q_avg": 9.97,
            "equity": 1184836,
            "current_ratio": 201.22,
            "debt_ratio": 46.47,
            "inventory_turnover_ratio": 3.45,
            "account_receivable_turnover_ratio": 1.61,
            "reinvestment_rate": null,
            "research_to_sale_ratio": null,
            "price_fair": 12.13,
            "eps_avg_yearly": 0.35,
            "eps_latest_yearly": 0.44,
            "eps_growth_yearly": 66.15
        },
        "20122": {
            "year_quarter": 20122,
            "year": 2012,
            "quarter": 2,
            "eps": 0.03,
            "eps_growth_year": null,
            "eps_4q": 0.32,
            "eps_4q_growth_year": null,
            "roe": 0.22,
            "roe_4q": 2.39,
            "gross_profit": 97155,
            "gross_margin": 5.63,
            "gross_margin_4q_avg": 5.43,
            "net_income": 2590,
            "net_income_4q": null,
            "revenue": 1724520,
            "revenue_4q": null,
            "common_shares": 884105,
            "book_valuer_per_share": 0,
            "book_valuer_per_share_4q_avg": 6.67,
            "equity": 1187215,
            "current_ratio": 187,
            "debt_ratio": 50.27,
            "inventory_turnover_ratio": 3.62,
            "account_receivable_turnover_ratio": 1.74,
            "reinvestment_rate": null,
            "research_to_sale_ratio": null,
            "price_fair": 0.87,
            "eps_avg_yearly": 0.29,
            "eps_latest_yearly": 0.12,
            "eps_growth_yearly": -23.11
        },
        "20123": {
            "year_quarter": 20123,
            "year": 2012,
            "quarter": 3,
            "eps": 0.01,
            "eps_growth_year": -89.85,
            "eps_4q": 0.3,
            "eps_4q_growth_year": null,
            "roe": 0.04,
            "roe_4q": 2.03,
            "gross_profit": 97572,
            "gross_margin": 5.32,
            "gross_margin_4q_avg": 5.33,
            "net_income": 432,
            "net_income_4q": null,
            "revenue": 1832549,
            "revenue_4q": null,
            "common_shares": 795695,
            "book_valuer_per_share": 0,
            "book_valuer_per_share_4q_avg": 3.36,
            "equity": 1097968,
            "current_ratio": 164.96,
            "debt_ratio": 56.27,
            "inventory_turnover_ratio": 3.28,
            "account_receivable_turnover_ratio": 1.77,
            "reinvestment_rate": null,
            "research_to_sale_ratio": null,
            "price_fair": 0.72,
            "eps_avg_yearly": 0.24,
            "eps_latest_yearly": 0.04,
            "eps_growth_yearly": -71.82
        },
        "20124": {
            "year_quarter": 20124,
            "year": 2012,
            "quarter": 4,
            "eps": -0.14,
            "eps_growth_year": -207.14,
            "eps_4q": 0.03,
            "eps_4q_growth_year": null,
            "roe": -0.94,
            "roe_4q": 0.15000000000000002,
            "gross_profit": 127961,
            "gross_margin": 5.13,
            "gross_margin_4q_avg": 5.32,
            "net_income": -10814,
            "net_income_4q": null,
            "revenue": 2495559,
            "revenue_4q": null,
            "common_shares": 795695,
            "book_valuer_per_share": 13.76,
            "book_valuer_per_share_4q_avg": 3.44,
            "equity": 1201467,
            "current_ratio": 172.01,
            "debt_ratio": 56.08,
            "inventory_turnover_ratio": 3.5,
            "account_receivable_turnover_ratio": 2.34,
            "reinvestment_rate": null,
            "research_to_sale_ratio": null,
            "price_fair": 0.72,
            "eps_avg_yearly": 0.24,
            "eps_latest_yearly": 0.04,
            "eps_growth_yearly": -71.82
        },
        "20131": {
            "year_quarter": 20131,
            "year": 2013,
            "quarter": 1,
            "eps": 0.1,
            "eps_growth_year": -9.09,
            "eps_4q": 0,
            "eps_4q_growth_year": -93.04,
            "roe": 0.14,
            "roe_4q": -0.5399999999999999,
            "gross_profit": 133446,
            "gross_margin": 4.96,
            "gross_margin_4q_avg": 5.26,
            "net_income": 1633,
            "net_income_4q": null,
            "revenue": 2692213,
            "revenue_4q": null,
            "common_shares": 795695,
            "book_valuer_per_share": 13.54,
            "book_valuer_per_share_4q_avg": 6.83,
            "equity": 1190413,
            "current_ratio": 180.72,
            "debt_ratio": 54.3,
            "inventory_turnover_ratio": 3.32,
            "account_receivable_turnover_ratio": 2.43,
            "reinvestment_rate": null,
            "research_to_sale_ratio": null,
            "price_fair": 0.72,
            "eps_avg_yearly": 0.24,
            "eps_latest_yearly": 0.04,
            "eps_growth_yearly": -71.82
        },
        "20132": {
            "year_quarter": 20132,
            "year": 2013,
            "quarter": 2,
            "eps": -0.06,
            "eps_growth_year": -304.81,
            "eps_4q": -0.09,
            "eps_4q_growth_year": -127.69,
            "roe": -1.7,
            "roe_4q": -2.46,
            "gross_profit": 113600,
            "gross_margin": 5.27,
            "gross_margin_4q_avg": 5.17,
            "net_income": -19848,
            "net_income_4q": null,
            "revenue": 2155893,
            "revenue_4q": null,
            "common_shares": 795695,
            "book_valuer_per_share": 12.99,
            "book_valuer_per_share_4q_avg": 10.07,
            "equity": 1142152,
            "current_ratio": 171.12,
            "debt_ratio": 57.14,
            "inventory_turnover_ratio": 2.63,
            "account_receivable_turnover_ratio": 1.97,
            "reinvestment_rate": 153.77,
            "research_to_sale_ratio": null,
            "price_fair": 0.72,
            "eps_avg_yearly": 0.24,
            "eps_latest_yearly": 0.04,
            "eps_growth_yearly": -71.82
        },
        "20133": {
            "year_quarter": 20133,
            "year": 2013,
            "quarter": 3,
            "eps": 0.1,
            "eps_growth_year": 1741.96,
            "eps_4q": 0.01,
            "eps_4q_growth_year": -96.58,
            "roe": 0.16,
            "roe_4q": -2.34,
            "gross_profit": 126992,
            "gross_margin": 5.43,
            "gross_margin_4q_avg": 5.2,
            "net_income": 1796,
            "net_income_4q": null,
            "revenue": 2337406,
            "revenue_4q": null,
            "common_shares": 795695,
            "book_valuer_per_share": 13.04,
            "book_valuer_per_share_4q_avg": 13.33,
            "equity": 1120740,
            "current_ratio": 174.81,
            "debt_ratio": 55.97,
            "inventory_turnover_ratio": 2.99,
            "account_receivable_turnover_ratio": 2.23,
            "reinvestment_rate": null,
            "research_to_sale_ratio": null,
            "price_fair": 0.72,
            "eps_avg_yearly": 0.24,
            "eps_latest_yearly": 0.04,
            "eps_growth_yearly": -71.82
        },
        "20134": {
            "year_quarter": 20134,
            "year": 2013,
            "quarter": 4,
            "eps": 0.27,
            "eps_growth_year": null,
            "eps_4q": 0.42,
            "eps_4q_growth_year": 1459.57,
            "roe": 1.83,
            "roe_4q": 0.43000000000000005,
            "gross_profit": 154721,
            "gross_margin": 5.61,
            "gross_margin_4q_avg": 5.32,
            "net_income": 20684,
            "net_income_4q": null,
            "revenue": 2759982,
            "revenue_4q": null,
            "common_shares": 795695,
            "book_valuer_per_share": 13.35,
            "book_valuer_per_share_4q_avg": 13.23,
            "equity": 1145269,
            "current_ratio": 180.05,
            "debt_ratio": 54.23,
            "inventory_turnover_ratio": 3.45,
            "account_receivable_turnover_ratio": 2.66,
            "reinvestment_rate": -3578.39,
            "research_to_sale_ratio": null,
            "price_fair": 15.4,
            "eps_avg_yearly": 0.44,
            "eps_latest_yearly": 1.08,
            "eps_growth_yearly": 140.18
        },
        "20141": {
            "year_quarter": 20141,
            "year": 2014,
            "quarter": 1,
            "eps": 0.1,
            "eps_growth_year": 0,
            "eps_4q": 0.42,
            "eps_4q_growth_year": 10122.5,
            "roe": 0.15,
            "roe_4q": 0.44000000000000017,
            "gross_profit": 121927,
            "gross_margin": 4.39,
            "gross_margin_4q_avg": 5.18,
            "net_income": 1688,
            "net_income_4q": null,
            "revenue": 2776089,
            "revenue_4q": null,
            "common_shares": 795695,
            "book_valuer_per_share": 13.47,
            "book_valuer_per_share_4q_avg": 13.21,
            "equity": 1149281,
            "current_ratio": 195.54,
            "debt_ratio": 50.13,
            "inventory_turnover_ratio": 3.36,
            "account_receivable_turnover_ratio": 2.89,
            "reinvestment_rate": -295.27,
            "research_to_sale_ratio": null,
            "price_fair": 15.17,
            "eps_avg_yearly": 0.43,
            "eps_latest_yearly": 0.4,
            "eps_growth_yearly": 74.84
        },
        "20142": {
            "year_quarter": 20142,
            "year": 2014,
            "quarter": 2,
            "eps": 0.05,
            "eps_growth_year": null,
            "eps_4q": 0.53,
            "eps_4q_growth_year": null,
            "roe": -0.69,
            "roe_4q": 1.45,
            "gross_profit": 116218,
            "gross_margin": 4.3,
            "gross_margin_4q_avg": 4.93,
            "net_income": -7743,
            "net_income_4q": null,
            "revenue": 2700325,
            "revenue_4q": null,
            "common_shares": 795695,
            "book_valuer_per_share": 13,
            "book_valuer_per_share_4q_avg": 13.22,
            "equity": 1099024,
            "current_ratio": 181.84,
            "debt_ratio": 53.83,
            "inventory_turnover_ratio": 3.39,
            "account_receivable_turnover_ratio": 2.93,
            "reinvestment_rate": -406.88,
            "research_to_sale_ratio": null,
            "price_fair": 14,
            "eps_avg_yearly": 0.4,
            "eps_latest_yearly": 0.2,
            "eps_growth_yearly": 35.58
        },
        "20143": {
            "year_quarter": 20143,
            "year": 2014,
            "quarter": 3,
            "eps": 0.08,
            "eps_growth_year": -20,
            "eps_4q": 0.51,
            "eps_4q_growth_year": 4809.38,
            "roe": -0.37,
            "roe_4q": 0.92,
            "gross_profit": 122521,
            "gross_margin": 4.98,
            "gross_margin_4q_avg": 4.82,
            "net_income": -4015,
            "net_income_4q": null,
            "revenue": 2459843,
            "revenue_4q": null,
            "common_shares": 795695,
            "book_valuer_per_share": 13.1,
            "book_valuer_per_share_4q_avg": 13.23,
            "equity": 1097077,
            "current_ratio": 175.33,
            "debt_ratio": 55.9,
            "inventory_turnover_ratio": 3.08,
            "account_receivable_turnover_ratio": 2.47,
            "reinvestment_rate": -317.67,
            "research_to_sale_ratio": null,
            "price_fair": 13.65,
            "eps_avg_yearly": 0.39,
            "eps_latest_yearly": 0.32,
            "eps_growth_yearly": 61.13
        },
        "20144": {
            "year_quarter": 20144,
            "year": 2014,
            "quarter": 4,
            "eps": 0.22,
            "eps_growth_year": -20.11,
            "eps_4q": 0.45,
            "eps_4q_growth_year": 8.23,
            "roe": 2.19,
            "roe_4q": 1.2799999999999998,
            "gross_profit": 149407,
            "gross_margin": 5.32,
            "gross_margin_4q_avg": 4.75,
            "net_income": 24334,
            "net_income_4q": null,
            "revenue": 2809233,
            "revenue_4q": null,
            "common_shares": 795695,
            "book_valuer_per_share": 13.37,
            "book_valuer_per_share_4q_avg": 13.24,
            "equity": 1128008,
            "current_ratio": 173.55,
            "debt_ratio": 56.51,
            "inventory_turnover_ratio": 3.22,
            "account_receivable_turnover_ratio": 2.66,
            "reinvestment_rate": -206.35,
            "research_to_sale_ratio": null,
            "price_fair": 15.56,
            "eps_avg_yearly": 0.44,
            "eps_latest_yearly": 0.88,
            "eps_growth_yearly": 132.11
        },
        "20151": {
            "year_quarter": 20151,
            "year": 2015,
            "quarter": 1,
            "eps": 0.1,
            "eps_growth_year": 0,
            "eps_4q": 0.46,
            "eps_4q_growth_year": 8.97,
            "roe": 0.84,
            "roe_4q": 1.9699999999999998,
            "gross_profit": 133313,
            "gross_margin": 4.48,
            "gross_margin_4q_avg": 4.77,
            "net_income": 9519,
            "net_income_4q": null,
            "revenue": 2973651,
            "revenue_4q": null,
            "common_shares": 795695,
            "book_valuer_per_share": 13.46,
            "book_valuer_per_share_4q_avg": 13.23,
            "equity": 1135686,
            "current_ratio": 176.36,
            "debt_ratio": 55.93,
            "inventory_turnover_ratio": 3.22,
            "account_receivable_turnover_ratio": 2.93,
            "reinvestment_rate": -149.84,
            "research_to_sale_ratio": null,
            "price_fair": 15.4,
            "eps_avg_yearly": 0.44,
            "eps_latest_yearly": 0.4,
            "eps_growth_yearly": 97.09
        },
        "20152": {
            "year_quarter": 20152,
            "year": 2015,
            "quarter": 2,
            "eps": 0.04,
            "eps_growth_year": -20,
            "eps_4q": 0.44,
            "eps_4q_growth_year": -17.43,
            "roe": -0.52,
            "roe_4q": 2.1399999999999997,
            "gross_profit": 119337,
            "gross_margin": 4.48,
            "gross_margin_4q_avg": 4.82,
            "net_income": -5774,
            "net_income_4q": null,
            "revenue": 2666572,
            "revenue_4q": null,
            "common_shares": 795695,
            "book_valuer_per_share": 12.99,
            "book_valuer_per_share_4q_avg": 13.23,
            "equity": 1088753,
            "current_ratio": 174.54,
            "debt_ratio": 56.37,
            "inventory_turnover_ratio": 2.89,
            "account_receivable_turnover_ratio": 2.84,
            "reinvestment_rate": -83.46,
            "research_to_sale_ratio": null,
            "price_fair": 14.51,
            "eps_avg_yearly": 0.41,
            "eps_latest_yearly": 0.16,
            "eps_growth_yearly": 66.44
        },
        "20153": {
            "year_quarter": 20153,
            "year": 2015,
            "quarter": 3,
            "eps": 0.04,
            "eps_growth_year": -50,
            "eps_4q": 0.4,
            "eps_4q_growth_year": -21.22,
            "roe": -0.17,
            "roe_4q": 2.34,
            "gross_profit": 132637,
            "gross_margin": 4.97,
            "gross_margin_4q_avg": 4.81,
            "net_income": -1838,
            "net_income_4q": null,
            "revenue": 2669274,
            "revenue_4q": null,
            "common_shares": 795695,
            "book_valuer_per_share": 13.1,
            "book_valuer_per_share_4q_avg": 13.23,
            "equity": 1129719,
            "current_ratio": 168.79,
            "debt_ratio": 57.94,
            "inventory_turnover_ratio": 2.75,
            "account_receivable_turnover_ratio": 2.69,
            "reinvestment_rate": -83.63,
            "research_to_sale_ratio": null,
            "price_fair": 13.77,
            "eps_avg_yearly": 0.39,
            "eps_latest_yearly": 0.16,
            "eps_growth_yearly": 60.9
        },
        "20154": {
            "year_quarter": 20154,
            "year": 2015,
            "quarter": 4,
            "eps": 0.17,
            "eps_growth_year": -21.87,
            "eps_4q": 0.35,
            "eps_4q_growth_year": -22.2,
            "roe": 1.37,
            "roe_4q": 1.52,
            "gross_profit": 144247,
            "gross_margin": 3.79,
            "gross_margin_4q_avg": 4.43,
            "net_income": 15422,
            "net_income_4q": null,
            "revenue": 3801631,
            "revenue_4q": null,
            "common_shares": 795695,
            "book_valuer_per_share": 13.17,
            "book_valuer_per_share_4q_avg": 13.18,
            "equity": 1119961,
            "current_ratio": 163.32,
            "debt_ratio": 60.07,
            "inventory_turnover_ratio": 3.84,
            "account_receivable_turnover_ratio": 3.48,
            "reinvestment_rate": -108.87,
            "research_to_sale_ratio": null,
            "price_fair": 14.23,
            "eps_avg_yearly": 0.41,
            "eps_latest_yearly": 0.68,
            "eps_growth_yearly": 115.9
        },
        "20161": {
            "year_quarter": 20161,
            "year": 2016,
            "quarter": 1,
            "eps": 0.11,
            "eps_growth_year": 10,
            "eps_4q": 0.36,
            "eps_4q_growth_year": -21.91,
            "roe": 0.55,
            "roe_4q": 1.2300000000000002,
            "gross_profit": 130764,
            "gross_margin": 4.59,
            "gross_margin_4q_avg": 4.46,
            "net_income": 6182,
            "net_income_4q": null,
            "revenue": 2847170,
            "revenue_4q": null,
            "common_shares": 795695,
            "book_valuer_per_share": 13.27,
            "book_valuer_per_share_4q_avg": 13.13,
            "equity": 1125159,
            "current_ratio": 170.26,
            "debt_ratio": 57.94,
            "inventory_turnover_ratio": 2.83,
            "account_receivable_turnover_ratio": 2.6,
            "reinvestment_rate": -89.78,
            "research_to_sale_ratio": null,
            "price_fair": 14.23,
            "eps_avg_yearly": 0.41,
            "eps_latest_yearly": 0.44,
            "eps_growth_yearly": 109.27
        },
        "20162": {
            "year_quarter": 20162,
            "year": 2016,
            "quarter": 2,
            "eps": 0.1,
            "eps_growth_year": 150,
            "eps_4q": 0.42,
            "eps_4q_growth_year": -4.48,
            "roe": 0.56,
            "roe_4q": 2.3100000000000005,
            "gross_profit": 136603,
            "gross_margin": 5.13,
            "gross_margin_4q_avg": 4.62,
            "net_income": 6175,
            "net_income_4q": null,
            "revenue": 2663647,
            "revenue_4q": null,
            "common_shares": 795695,
            "book_valuer_per_share": 12.85,
            "book_valuer_per_share_4q_avg": 13.1,
            "equity": 1088443,
            "current_ratio": 170.11,
            "debt_ratio": 57.98,
            "inventory_turnover_ratio": 2.78,
            "account_receivable_turnover_ratio": 2.28,
            "reinvestment_rate": -84.24,
            "research_to_sale_ratio": null,
            "price_fair": 15.05,
            "eps_avg_yearly": 0.43,
            "eps_latest_yearly": 0.4,
            "eps_growth_yearly": 130.48
        },
        "20163": {
            "year_quarter": 20163,
            "year": 2016,
            "quarter": 3,
            "eps": 0.13,
            "eps_growth_year": 225,
            "eps_4q": 0.51,
            "eps_4q_growth_year": 26.58,
            "roe": 0.73,
            "roe_4q": 3.21,
            "gross_profit": 139630,
            "gross_margin": 5.62,
            "gross_margin_4q_avg": 4.78,
            "net_income": 7920,
            "net_income_4q": null,
            "revenue": 2484889,
            "revenue_4q": null,
            "common_shares": 795695,
            "book_valuer_per_share": 12.97,
            "book_valuer_per_share_4q_avg": 13.07,
            "equity": 1082627,
            "current_ratio": 167.6,
            "debt_ratio": 58.91,
            "inventory_turnover_ratio": 2.69,
            "account_receivable_turnover_ratio": 1.96,
            "reinvestment_rate": -114.86,
            "research_to_sale_ratio": null,
            "price_fair": 16.45,
            "eps_avg_yearly": 0.47,
            "eps_latest_yearly": 0.52,
            "eps_growth_yearly": 162.7
        },
        "20164": {
            "year_quarter": 20164,
            "year": 2016,
            "quarter": 4,
            "eps": 0.4,
            "eps_growth_year": 132.84,
            "eps_4q": 0.74,
            "eps_4q_growth_year": 107.87,
            "roe": 3.7,
            "roe_4q": 5.54,
            "gross_profit": 154439,
            "gross_margin": 5.58,
            "gross_margin_4q_avg": 5.23,
            "net_income": 40580,
            "net_income_4q": null,
            "revenue": 2766721,
            "revenue_4q": null,
            "common_shares": 795695,
            "book_valuer_per_share": 13.28,
            "book_valuer_per_share_4q_avg": 13.09,
            "equity": 1108849,
            "current_ratio": 164.06,
            "debt_ratio": 60.49,
            "inventory_turnover_ratio": 2.59,
            "account_receivable_turnover_ratio": 2.19,
            "reinvestment_rate": -177.45,
            "research_to_sale_ratio": null,
            "price_fair": 19.49,
            "eps_avg_yearly": 0.56,
            "eps_latest_yearly": 1.6,
            "eps_growth_yearly": 214.09
        },
        "20171": {
            "year_quarter": 20171,
            "year": 2017,
            "quarter": 1,
            "eps": 0.41,
            "eps_growth_year": 272.73,
            "eps_4q": 1.04,
            "eps_4q_growth_year": 192.57,
            "roe": 3.5,
            "roe_4q": 8.49,
            "gross_profit": 160809,
            "gross_margin": 6.73,
            "gross_margin_4q_avg": 5.77,
            "net_income": 39359,
            "net_income_4q": null,
            "revenue": 2389215,
            "revenue_4q": null,
            "common_shares": 795695,
            "book_valuer_per_share": 13.64,
            "book_valuer_per_share_4q_avg": 13.19,
            "equity": 1141748,
            "current_ratio": 166.25,
            "debt_ratio": 59.79,
            "inventory_turnover_ratio": 1.85,
            "account_receivable_turnover_ratio": 1.94,
            "reinvestment_rate": -24.83,
            "research_to_sale_ratio": null,
            "price_fair": 22.2,
            "eps_avg_yearly": 0.63,
            "eps_latest_yearly": 1.64,
            "eps_growth_yearly": 199.51
        },
        "20172": {
            "year_quarter": 20172,
            "year": 2017,
            "quarter": 2,
            "eps": 0.42,
            "eps_growth_year": 320,
            "eps_4q": 1.37,
            "eps_4q_growth_year": 224.48,
            "roe": 3.29,
            "roe_4q": 11.22,
            "gross_profit": 158887,
            "gross_margin": 6.59,
            "gross_margin_4q_avg": 6.13,
            "net_income": 37703,
            "net_income_4q": null,
            "revenue": 2412758,
            "revenue_4q": null,
            "common_shares": 795695,
            "book_valuer_per_share": 13.51,
            "book_valuer_per_share_4q_avg": 13.35,
            "equity": 1149907,
            "current_ratio": 172.18,
            "debt_ratio": 57.83,
            "inventory_turnover_ratio": 1.92,
            "account_receivable_turnover_ratio": 1.91,
            "reinvestment_rate": -19.44,
            "research_to_sale_ratio": null,
            "price_fair": 24.64,
            "eps_avg_yearly": 0.7,
            "eps_latest_yearly": 1.68,
            "eps_growth_yearly": 186.86
        }
    },
    "months": {
        "2001-06": {
            "month": "2001-06",
            "price": "13.72",
            "revenue": 632980
        },
        "2001-07": {
            "month": "2001-07",
            "price": "10.34",
            "revenue": 689941
        },
        "2001-08": {
            "month": "2001-08",
            "price": "9.67",
            "revenue": 711381
        },
        "2001-09": {
            "month": "2001-09",
            "price": "7.79",
            "revenue": 614931
        },
        "2001-10": {
            "month": "2001-10",
            "price": "7.06",
            "revenue": 723707
        },
        "2001-11": {
            "month": "2001-11",
            "price": "8.44",
            "revenue": 728999
        },
        "2001-12": {
            "month": "2001-12",
            "price": "11.72",
            "revenue": 853925
        },
        "2002-01": {
            "month": "2002-01",
            "price": "14.45",
            "revenue": 805857
        },
        "2002-02": {
            "month": "2002-02",
            "price": "13.87",
            "revenue": 710776
        },
        "2002-03": {
            "month": "2002-03",
            "price": "14.65",
            "revenue": 741029
        },
        "2002-04": {
            "month": "2002-04",
            "price": "15.18",
            "revenue": 674619
        },
        "2002-05": {
            "month": "2002-05",
            "price": "12.42",
            "revenue": 810450
        },
        "2002-06": {
            "month": "2002-06",
            "price": "11.87",
            "revenue": 648288
        },
        "2002-07": {
            "month": "2002-07",
            "price": "10.78",
            "revenue": 915895
        },
        "2002-08": {
            "month": "2002-08",
            "price": "11.04",
            "revenue": 919926
        },
        "2002-09": {
            "month": "2002-09",
            "price": "8.64",
            "revenue": 895293
        },
        "2002-10": {
            "month": "2002-10",
            "price": "7.40",
            "revenue": 959611
        },
        "2002-11": {
            "month": "2002-11",
            "price": "7.67",
            "revenue": 822776
        },
        "2002-12": {
            "month": "2002-12",
            "price": "7.86",
            "revenue": 1170154
        },
        "2003-01": {
            "month": "2003-01",
            "price": "8.66",
            "revenue": 907441
        },
        "2003-02": {
            "month": "2003-02",
            "price": "8.06",
            "revenue": 667530
        },
        "2003-03": {
            "month": "2003-03",
            "price": "8.02",
            "revenue": 763384
        },
        "2003-04": {
            "month": "2003-04",
            "price": "7.61",
            "revenue": 732328
        },
        "2003-05": {
            "month": "2003-05",
            "price": "7.25",
            "revenue": 787971
        },
        "2003-06": {
            "month": "2003-06",
            "price": "8.95",
            "revenue": 865795
        },
        "2003-07": {
            "month": "2003-07",
            "price": "9.73",
            "revenue": 1030104
        },
        "2003-08": {
            "month": "2003-08",
            "price": "9.60",
            "revenue": 1020557
        },
        "2003-09": {
            "month": "2003-09",
            "price": "9.50",
            "revenue": 1049444
        },
        "2003-10": {
            "month": "2003-10",
            "price": "9.74",
            "revenue": 938368
        },
        "2003-11": {
            "month": "2003-11",
            "price": "10.21",
            "revenue": 915881
        },
        "2003-12": {
            "month": "2003-12",
            "price": "10.07",
            "revenue": 1150980
        },
        "2004-01": {
            "month": "2004-01",
            "price": "10.33",
            "revenue": 901960
        },
        "2004-02": {
            "month": "2004-02",
            "price": "11.17",
            "revenue": 1039290
        },
        "2004-03": {
            "month": "2004-03",
            "price": "10.95",
            "revenue": 1021187
        },
        "2004-04": {
            "month": "2004-04",
            "price": "10.70",
            "revenue": 1005029
        },
        "2004-05": {
            "month": "2004-05",
            "price": "9.97",
            "revenue": 809304
        },
        "2004-06": {
            "month": "2004-06",
            "price": "10.07",
            "revenue": 919105
        },
        "2004-07": {
            "month": "2004-07",
            "price": "9.36",
            "revenue": 1088598
        },
        "2004-08": {
            "month": "2004-08",
            "price": "8.92",
            "revenue": 1005579
        },
        "2004-09": {
            "month": "2004-09",
            "price": "8.66",
            "revenue": 1131381
        },
        "2004-10": {
            "month": "2004-10",
            "price": "8.56",
            "revenue": 961863
        },
        "2004-11": {
            "month": "2004-11",
            "price": "8.33",
            "revenue": 893590
        },
        "2004-12": {
            "month": "2004-12",
            "price": "7.78",
            "revenue": 1172574
        },
        "2005-01": {
            "month": "2005-01",
            "price": "7.37",
            "revenue": 903326
        },
        "2005-02": {
            "month": "2005-02",
            "price": "7.50",
            "revenue": 676297
        },
        "2005-03": {
            "month": "2005-03",
            "price": "7.79",
            "revenue": 1112829
        },
        "2005-04": {
            "month": "2005-04",
            "price": "7.41",
            "revenue": 873819
        },
        "2005-05": {
            "month": "2005-05",
            "price": "7.50",
            "revenue": 896919
        },
        "2005-06": {
            "month": "2005-06",
            "price": "7.72",
            "revenue": 836081
        },
        "2005-07": {
            "month": "2005-07",
            "price": "8.58",
            "revenue": 880613
        },
        "2005-08": {
            "month": "2005-08",
            "price": "8.91",
            "revenue": 975542
        },
        "2005-09": {
            "month": "2005-09",
            "price": "8.28",
            "revenue": 949651
        },
        "2005-10": {
            "month": "2005-10",
            "price": "7.78",
            "revenue": 759531
        },
        "2005-11": {
            "month": "2005-11",
            "price": "8.15",
            "revenue": 754807
        },
        "2005-12": {
            "month": "2005-12",
            "price": "8.69",
            "revenue": 805331
        },
        "2006-01": {
            "month": "2006-01",
            "price": "8.81",
            "revenue": 672566
        },
        "2006-02": {
            "month": "2006-02",
            "price": "7.76",
            "revenue": 593863
        },
        "2006-03": {
            "month": "2006-03",
            "price": "7.66",
            "revenue": 728167
        },
        "2006-04": {
            "month": "2006-04",
            "price": "8.48",
            "revenue": 554016
        },
        "2006-05": {
            "month": "2006-05",
            "price": "8.59",
            "revenue": 619259
        },
        "2006-06": {
            "month": "2006-06",
            "price": "8.37",
            "revenue": 708505
        },
        "2006-07": {
            "month": "2006-07",
            "price": "7.72",
            "revenue": 685708
        },
        "2006-08": {
            "month": "2006-08",
            "price": "7.31",
            "revenue": 805856
        },
        "2006-09": {
            "month": "2006-09",
            "price": "7.14",
            "revenue": 666969
        },
        "2006-10": {
            "month": "2006-10",
            "price": "7.21",
            "revenue": 451316
        },
        "2006-11": {
            "month": "2006-11",
            "price": "7.55",
            "revenue": 524410
        },
        "2006-12": {
            "month": "2006-12",
            "price": "8.44",
            "revenue": 573036
        },
        "2007-01": {
            "month": "2007-01",
            "price": "8.74",
            "revenue": 528055
        },
        "2007-02": {
            "month": "2007-02",
            "price": "9.27",
            "revenue": 427034
        },
        "2007-03": {
            "month": "2007-03",
            "price": "11.29",
            "revenue": 569151
        },
        "2007-04": {
            "month": "2007-04",
            "price": "14.53",
            "revenue": 466027
        },
        "2007-05": {
            "month": "2007-05",
            "price": "13.05",
            "revenue": 543451
        },
        "2007-06": {
            "month": "2007-06",
            "price": "12.51",
            "revenue": 490803
        },
        "2007-07": {
            "month": "2007-07",
            "price": "12.89",
            "revenue": 587112
        },
        "2007-08": {
            "month": "2007-08",
            "price": "12.74",
            "revenue": 629623
        },
        "2007-09": {
            "month": "2007-09",
            "price": "16.53",
            "revenue": 606944
        },
        "2007-10": {
            "month": "2007-10",
            "price": "16.44",
            "revenue": 612296
        },
        "2007-11": {
            "month": "2007-11",
            "price": "17.88",
            "revenue": 534029
        },
        "2007-12": {
            "month": "2007-12",
            "price": "15.51",
            "revenue": 596480
        },
        "2008-01": {
            "month": "2008-01",
            "price": "13.32",
            "revenue": 695460
        },
        "2008-02": {
            "month": "2008-02",
            "price": "12.88",
            "revenue": 500593
        },
        "2008-03": {
            "month": "2008-03",
            "price": "14.75",
            "revenue": 559627
        },
        "2008-04": {
            "month": "2008-04",
            "price": "16.24",
            "revenue": 501842
        },
        "2008-05": {
            "month": "2008-05",
            "price": "15.34",
            "revenue": 513125
        },
        "2008-06": {
            "month": "2008-06",
            "price": "14.24",
            "revenue": 531781
        },
        "2008-07": {
            "month": "2008-07",
            "price": "10.66",
            "revenue": 550060
        },
        "2008-08": {
            "month": "2008-08",
            "price": "9.88",
            "revenue": 590745
        },
        "2008-09": {
            "month": "2008-09",
            "price": "7.91",
            "revenue": 603480
        },
        "2008-10": {
            "month": "2008-10",
            "price": "7.12",
            "revenue": 531001
        },
        "2008-11": {
            "month": "2008-11",
            "price": "5.07",
            "revenue": 461272
        },
        "2008-12": {
            "month": "2008-12",
            "price": "5.17",
            "revenue": 528717
        },
        "2009-01": {
            "month": "2009-01",
            "price": "5.48",
            "revenue": 444626
        },
        "2009-02": {
            "month": "2009-02",
            "price": "5.48",
            "revenue": 488768
        },
        "2009-03": {
            "month": "2009-03",
            "price": "5.60",
            "revenue": 442559
        },
        "2009-04": {
            "month": "2009-04",
            "price": "6.27",
            "revenue": 451082
        },
        "2009-05": {
            "month": "2009-05",
            "price": "6.04",
            "revenue": 397009
        },
        "2009-06": {
            "month": "2009-06",
            "price": "5.90",
            "revenue": 453186
        },
        "2009-07": {
            "month": "2009-07",
            "price": "6.14",
            "revenue": 512246
        },
        "2009-08": {
            "month": "2009-08",
            "price": "7.52",
            "revenue": 513634
        },
        "2009-09": {
            "month": "2009-09",
            "price": "7.86",
            "revenue": 575658
        },
        "2009-10": {
            "month": "2009-10",
            "price": "10.03",
            "revenue": 539549
        },
        "2009-11": {
            "month": "2009-11",
            "price": "10.21",
            "revenue": 469254
        },
        "2009-12": {
            "month": "2009-12",
            "price": "11.03",
            "revenue": 616065
        },
        "2010-01": {
            "month": "2010-01",
            "price": "11.26",
            "revenue": 561164
        },
        "2010-02": {
            "month": "2010-02",
            "price": "9.62",
            "revenue": 448109
        },
        "2010-03": {
            "month": "2010-03",
            "price": "10.55",
            "revenue": 554478
        },
        "2010-04": {
            "month": "2010-04",
            "price": "11.26",
            "revenue": 502330
        },
        "2010-05": {
            "month": "2010-05",
            "price": "9.51",
            "revenue": 508257
        },
        "2010-06": {
            "month": "2010-06",
            "price": "9.48",
            "revenue": 440210
        },
        "2010-07": {
            "month": "2010-07",
            "price": "9.67",
            "revenue": 537653
        },
        "2010-08": {
            "month": "2010-08",
            "price": "10.51",
            "revenue": 582068
        },
        "2010-09": {
            "month": "2010-09",
            "price": "9.67",
            "revenue": 550575
        },
        "2010-10": {
            "month": "2010-10",
            "price": "9.69",
            "revenue": 536521
        },
        "2010-11": {
            "month": "2010-11",
            "price": "9.07",
            "revenue": 568738
        },
        "2010-12": {
            "month": "2010-12",
            "price": "9.45",
            "revenue": 617248
        },
        "2011-01": {
            "month": "2011-01",
            "price": "9.78",
            "revenue": 549369
        },
        "2011-02": {
            "month": "2011-02",
            "price": "9.93",
            "revenue": 361465
        },
        "2011-03": {
            "month": "2011-03",
            "price": "9.62",
            "revenue": 577256
        },
        "2011-04": {
            "month": "2011-04",
            "price": "9.79",
            "revenue": 502363
        },
        "2011-05": {
            "month": "2011-05",
            "price": "9.59",
            "revenue": 506173
        },
        "2011-06": {
            "month": "2011-06",
            "price": "9.68",
            "revenue": 547721
        },
        "2011-07": {
            "month": "2011-07",
            "price": "9.10",
            "revenue": 584745
        },
        "2011-08": {
            "month": "2011-08",
            "price": "9.27",
            "revenue": 602969
        },
        "2011-09": {
            "month": "2011-09",
            "price": "10.28",
            "revenue": 601605
        },
        "2011-10": {
            "month": "2011-10",
            "price": "10.98",
            "revenue": 506991
        },
        "2011-11": {
            "month": "2011-11",
            "price": "10.53",
            "revenue": 516810
        },
        "2011-12": {
            "month": "2011-12",
            "price": "10.12",
            "revenue": 606687
        },
        "2012-01": {
            "month": "2012-01",
            "price": "10.10",
            "revenue": 512526
        },
        "2012-02": {
            "month": "2012-02",
            "price": "10.99",
            "revenue": 518679
        },
        "2012-03": {
            "month": "2012-03",
            "price": "11.35",
            "revenue": 575198
        },
        "2012-04": {
            "month": "2012-04",
            "price": "11.52",
            "revenue": 493448
        },
        "2012-05": {
            "month": "2012-05",
            "price": "11.82",
            "revenue": 628954
        },
        "2012-06": {
            "month": "2012-06",
            "price": "12.51",
            "revenue": 602117
        },
        "2012-07": {
            "month": "2012-07",
            "price": "11.93",
            "revenue": 615770
        },
        "2012-08": {
            "month": "2012-08",
            "price": "12.12",
            "revenue": 632695
        },
        "2012-09": {
            "month": "2012-09",
            "price": "12.70",
            "revenue": 584084
        },
        "2012-10": {
            "month": "2012-10",
            "price": "12.57",
            "revenue": 611794
        },
        "2012-11": {
            "month": "2012-11",
            "price": "11.82",
            "revenue": 604462
        },
        "2012-12": {
            "month": "2012-12",
            "price": "11.76",
            "revenue": 677863
        },
        "2013-01": {
            "month": "2013-01",
            "price": "11.33",
            "revenue": 1065240
        },
        "2013-02": {
            "month": "2013-02",
            "price": "10.66",
            "revenue": 823520
        },
        "2013-03": {
            "month": "2013-03",
            "price": "10.72",
            "revenue": 803346
        },
        "2013-04": {
            "month": "2013-04",
            "price": "10.97",
            "revenue": 742446
        },
        "2013-05": {
            "month": "2013-05",
            "price": "11.10",
            "revenue": 710384
        },
        "2013-06": {
            "month": "2013-06",
            "price": "11.04",
            "revenue": 703414
        },
        "2013-07": {
            "month": "2013-07",
            "price": "10.63",
            "revenue": 774972
        },
        "2013-08": {
            "month": "2013-08",
            "price": "10.38",
            "revenue": 763207
        },
        "2013-09": {
            "month": "2013-09",
            "price": "10.69",
            "revenue": 790280
        },
        "2013-10": {
            "month": "2013-10",
            "price": "12.76",
            "revenue": 819604
        },
        "2013-11": {
            "month": "2013-11",
            "price": "12.97",
            "revenue": 903333
        },
        "2013-12": {
            "month": "2013-12",
            "price": "12.99",
            "revenue": 1036345
        },
        "2014-01": {
            "month": "2014-01",
            "price": "14.01",
            "revenue": 928909
        },
        "2014-02": {
            "month": "2014-02",
            "price": "15.17",
            "revenue": 952280
        },
        "2014-03": {
            "month": "2014-03",
            "price": "14.89",
            "revenue": 892898
        },
        "2014-04": {
            "month": "2014-04",
            "price": "13.72",
            "revenue": 942159
        },
        "2014-05": {
            "month": "2014-05",
            "price": "12.88",
            "revenue": 910561
        },
        "2014-06": {
            "month": "2014-06",
            "price": "13.03",
            "revenue": 873901
        },
        "2014-07": {
            "month": "2014-07",
            "price": "12.58",
            "revenue": 859747
        },
        "2014-08": {
            "month": "2014-08",
            "price": "11.84",
            "revenue": 845339
        },
        "2014-09": {
            "month": "2014-09",
            "price": "11.59",
            "revenue": 759470
        },
        "2014-10": {
            "month": "2014-10",
            "price": "11.23",
            "revenue": 860005
        },
        "2014-11": {
            "month": "2014-11",
            "price": "11.08",
            "revenue": 952295
        },
        "2014-12": {
            "month": "2014-12",
            "price": "10.97",
            "revenue": 979084
        },
        "2015-01": {
            "month": "2015-01",
            "price": "12.10",
            "revenue": 1127812
        },
        "2015-02": {
            "month": "2015-02",
            "price": "12.28",
            "revenue": 827821
        },
        "2015-03": {
            "month": "2015-03",
            "price": "14.30",
            "revenue": 1020895
        },
        "2015-04": {
            "month": "2015-04",
            "price": "14.39",
            "revenue": 825242
        },
        "2015-05": {
            "month": "2015-05",
            "price": "13.66",
            "revenue": 940016
        },
        "2015-06": {
            "month": "2015-06",
            "price": "13.60",
            "revenue": 914928
        },
        "2015-07": {
            "month": "2015-07",
            "price": "13.60",
            "revenue": 888809
        },
        "2015-08": {
            "month": "2015-08",
            "price": "12.52",
            "revenue": 808568
        },
        "2015-09": {
            "month": "2015-09",
            "price": "11.44",
            "revenue": 995061
        },
        "2015-10": {
            "month": "2015-10",
            "price": "12.07",
            "revenue": 1054575
        },
        "2015-11": {
            "month": "2015-11",
            "price": "13.14",
            "revenue": 1338398
        },
        "2015-12": {
            "month": "2015-12",
            "price": "12.71",
            "revenue": 1368991
        },
        "2016-01": {
            "month": "2016-01",
            "price": "12.33",
            "revenue": 1140418
        },
        "2016-02": {
            "month": "2016-02",
            "price": "12.22",
            "revenue": 737613
        },
        "2016-03": {
            "month": "2016-03",
            "price": "12.24",
            "revenue": 969139
        },
        "2016-04": {
            "month": "2016-04",
            "price": "12.24",
            "revenue": 864538
        },
        "2016-05": {
            "month": "2016-05",
            "price": "11.86",
            "revenue": 847549
        },
        "2016-06": {
            "month": "2016-06",
            "price": "11.65",
            "revenue": 951560
        },
        "2016-07": {
            "month": "2016-07",
            "price": "12.05",
            "revenue": 840674
        },
        "2016-08": {
            "month": "2016-08",
            "price": "11.92",
            "revenue": 748078
        },
        "2016-09": {
            "month": "2016-09",
            "price": "11.80",
            "revenue": 896138
        },
        "2016-10": {
            "month": "2016-10",
            "price": "12.20",
            "revenue": 951848
        },
        "2016-11": {
            "month": "2016-11",
            "price": "11.99",
            "revenue": 909615
        },
        "2016-12": {
            "month": "2016-12",
            "price": "11.78",
            "revenue": 905258
        },
        "2017-01": {
            "month": "2017-01",
            "price": "11.70",
            "revenue": 759397
        },
        "2017-02": {
            "month": "2017-02",
            "price": "12.14",
            "revenue": 764556
        },
        "2017-03": {
            "month": "2017-03",
            "price": "12.68",
            "revenue": 865262
        },
        "2017-04": {
            "month": "2017-04",
            "price": "14.17",
            "revenue": 649115
        },
        "2017-05": {
            "month": "2017-05",
            "price": "14.68",
            "revenue": 865659
        },
        "2017-06": {
            "month": "2017-06",
            "price": "15.31",
            "revenue": 897850
        },
        "2017-07": {
            "month": "2017-07",
            "price": "15.27",
            "revenue": 821861
        }
    }
}
