{
    "summary": {
        "stock_name": "青雲",
        "stock_id": "5386",
        "category": "電腦及週邊設備",
        "main_business": "電腦硬體及其零件之製造加工及買賣<br>資訊設備及其他週邊設備加工製造及買賣<br>高階伺服器記憶體模組",
        "website_url": "http://www.albatron.com.tw",
        "ceo": "柯聰源",
        "pe_ratio": 21,
        "report_year_from": 2001,
        "report_year_to": 2023,
        "age": 22,
        "eps_negative_percentage": 35,
        "eps_growth_avg": {
            "last_all": -5.48,
            "last_2y": 48.76,
            "last_4y": 11.39,
            "last_8y": 14.55,
            "last_12y": 2.39,
            "last_16y": 2.39,
            "last_20y": -5.48,
            "at_2006_last_3y": -100,
            "at_2007_last_3y": -100,
            "at_2008_last_3y": null,
            "at_2009_last_3y": null,
            "at_2010_last_3y": 73.33,
            "at_2011_last_3y": -13.33,
            "at_2012_last_3y": -13.33,
            "at_2013_last_3y": -34.07,
            "at_2014_last_3y": -89.71,
            "at_2015_last_3y": -23.05,
            "at_2016_last_3y": -25.4,
            "at_2017_last_3y": 18.49,
            "at_2018_last_3y": 39.43,
            "at_2019_last_3y": -5.44,
            "at_2020_last_3y": 19.2,
            "at_2021_last_3y": 19.2,
            "at_2022_last_3y": 16.71,
            "at_2023_last_3y": 16.71,
            "at_2006_last_all": -100,
            "at_2007_last_all": -100,
            "at_2008_last_all": -100,
            "at_2009_last_all": -100,
            "at_2010_last_all": -13.33,
            "at_2011_last_all": -42.22,
            "at_2012_last_all": -42.22,
            "at_2013_last_all": -50.55,
            "at_2014_last_all": -59.16,
            "at_2015_last_all": -32.63,
            "at_2016_last_all": -32.61,
            "at_2017_last_all": -16.03,
            "at_2018_last_all": -15.34,
            "at_2019_last_all": -21.76,
            "at_2020_last_all": -13.77,
            "at_2021_last_all": -4.29,
            "at_2022_last_all": -5.48,
            "at_2023_last_all": -5.48
        },
        "latest_eps": 1.83,
        "latest_price": 38.45,
        "latest_roe": 11.03,
        "latest_gross_margin": 8.9,
        "latest_equity": 460126,
        "latest_revenue": 378759,
        "latest_gross_profit": 33721,
        "latest_net_income": 11705,
        "latest_debt_ratio": 37.14,
        "latest_current_ratio": 264.43,
        "latest_account_receivable_turnover_ratio": 1.39,
        "latest_inventory_turnover_ratio": 2.29,
        "latest_reinvestment_rate": 0.45,
        "latest_research_to_sale_ratio": null
    },
    "eps_dividends": {
        "1999": {
            "cash": 0,
            "stock": 1,
            "eps": 0
        },
        "2000": {
            "cash": 0,
            "stock": 0,
            "eps": 0
        },
        "2001": {
            "cash": 0,
            "stock": 1,
            "eps": -1.34
        },
        "2002": {
            "cash": 0,
            "stock": 0,
            "eps": -0.53
        },
        "2003": {
            "cash": 0,
            "stock": 0,
            "eps": 1.52
        },
        "2004": {
            "cash": 0,
            "stock": 1,
            "eps": -5.75
        },
        "2005": {
            "cash": 0,
            "stock": 0,
            "eps": -6
        },
        "2006": {
            "cash": 0,
            "stock": 0,
            "eps": -5.27
        },
        "2007": {
            "cash": 0,
            "stock": 0,
            "eps": -6.59
        },
        "2008": {
            "cash": 0,
            "stock": 0,
            "eps": -5.14
        },
        "2009": {
            "cash": 0,
            "stock": 0,
            "eps": 0.15
        },
        "2010": {
            "cash": 0,
            "stock": 0,
            "eps": 0.26
        },
        "2011": {
            "cash": 0,
            "stock": 0,
            "eps": -1.97
        },
        "2012": {
            "cash": 0,
            "stock": 0,
            "eps": 7.03
        },
        "2013": {
            "cash": 0,
            "stock": 0,
            "eps": 1.72
        },
        "2014": {
            "cash": 1,
            "stock": 1,
            "eps": 0.11
        },
        "2015": {
            "cash": 0,
            "stock": 1,
            "eps": 2.25
        },
        "2016": {
            "cash": 1,
            "stock": 1,
            "eps": 1.52
        },
        "2017": {
            "cash": 1,
            "stock": 0,
            "eps": 3.35
        },
        "2018": {
            "cash": 1,
            "stock": 2,
            "eps": 3.02
        },
        "2019": {
            "cash": 1,
            "stock": 2,
            "eps": 0.62
        },
        "2020": {
            "cash": 1,
            "stock": 1,
            "eps": 1.03
        },
        "2021": {
            "cash": 0,
            "stock": 1,
            "eps": 2.42
        },
        "2022": {
            "cash": 0,
            "stock": 1,
            "eps": 1.94
        },
        "2023": {
            "cash": 0,
            "stock": 1,
            "eps": 0.44
        }
    },
    "dividends": {
        "1999-05-04": {
            "cash": 0,
            "stock": 0.8
        },
        "2000-05-12": {
            "cash": 0,
            "stock": 0.03
        },
        "2001-05-30": {
            "cash": 0,
            "stock": 0.5
        },
        "2004-04-26": {
            "cash": 0,
            "stock": 1
        },
        "2014-10-09": {
            "cash": 0.6,
            "stock": 0.5
        },
        "2015-03-26": {
            "cash": 0,
            "stock": 0.5
        },
        "2016-08-24": {
            "cash": 1,
            "stock": 1
        },
        "2017-07-14": {
            "cash": 1.3,
            "stock": 0
        },
        "2018-08-16": {
            "cash": 1,
            "stock": 1.5
        },
        "2019-08-16": {
            "cash": 0.5,
            "stock": 1.5
        },
        "2020-08-14": {
            "cash": 0.5,
            "stock": 0.5
        },
        "2021-09-30": {
            "cash": 0.3,
            "stock": 0.5
        },
        "2022-08-10": {
            "cash": 0.4,
            "stock": 0.8
        },
        "2023-03-07": {
            "cash": 0.3,
            "stock": 0.7
        }
    },
    "prices": {
        "200101": "8.15",
        "200102": "10.07",
        "200103": "10.81",
        "200104": "12.90",
        "200105": "11.51",
        "200106": "10.46",
        "200107": "8.65",
        "200108": "9.22",
        "200109": "7.89",
        "200110": "8.09",
        "200111": "10.89",
        "200112": "18.82",
        "200201": "27.89",
        "200202": "26.53",
        "200203": "28.21",
        "200204": "29.64",
        "200205": "27.76",
        "200206": "28.50",
        "200207": "28.51",
        "200208": "36.88",
        "200209": "36.84",
        "200210": "26.88",
        "200211": "27.19",
        "200212": "27.08",
        "200301": "24.26",
        "200302": "19.51",
        "200303": "20.56",
        "200304": "19.21",
        "200305": "16.56",
        "200306": "19.96",
        "200307": "21.03",
        "200308": "19.77",
        "200309": "19.83",
        "200310": "20.56",
        "200311": "21.08",
        "200312": "20.81",
        "200401": "20.66",
        "200402": "20.62",
        "200403": "20.18",
        "200404": "17.81",
        "200405": "14.90",
        "200406": "13.65",
        "200407": "9.62",
        "200408": "7.79",
        "200409": "6.57",
        "200410": "5.81",
        "200411": "5.10",
        "200412": "4.87",
        "200501": "4.23",
        "200502": "4.58",
        "200503": "4.50",
        "200504": "3.08",
        "200505": "2.78",
        "200506": "3.51",
        "200507": "3.23",
        "200508": "3.56",
        "200509": "3.74",
        "200510": "3.53",
        "200511": "5.60",
        "200512": "5.16",
        "200601": "4.18",
        "200602": "3.45",
        "200603": "3.47",
        "200604": "3.77",
        "200605": "5.31",
        "200606": "7.43",
        "200607": "7.95",
        "200608": "7.71",
        "200609": "5.88",
        "200610": "7.86",
        "200611": "11.40",
        "200612": "10.79",
        "200701": "11.11",
        "200702": "9.60",
        "200703": "8.79",
        "200704": "6.25",
        "200705": "5.40",
        "200706": "5.18",
        "200707": "6.28",
        "200708": "7.46",
        "200709": "15.07",
        "200710": "12.60",
        "200711": "12.59",
        "200712": "9.69",
        "200801": "9.97",
        "200802": "9.71",
        "200803": "10.46",
        "200804": "13.33",
        "200805": "14.48",
        "200806": "14.56",
        "200807": "13.39",
        "200808": "13.02",
        "200809": "無",
        "200810": "10.35",
        "200811": "無",
        "200812": "無",
        "200901": "5.62",
        "200902": "6.01",
        "200903": "7.13",
        "200904": "5.63",
        "200905": "7.77",
        "200906": "8.86",
        "200907": "10.46",
        "200908": "7.03",
        "200909": "7.91",
        "200910": "8.31",
        "200911": "8.24",
        "200912": "8.47",
        "201001": "8.63",
        "201002": "37.06",
        "201003": "40.93",
        "201004": "43.93",
        "201005": "42.67",
        "201006": "40.27",
        "201007": "41.40",
        "201008": "36.64",
        "201009": "31.49",
        "201010": "28.12",
        "201011": "26.98",
        "201012": "25.99",
        "201101": "24.13",
        "201102": "23.11",
        "201103": "23.50",
        "201104": "23.45",
        "201105": "24.07",
        "201106": "23.42",
        "201107": "24.03",
        "201108": "20.33",
        "201109": "17.01",
        "201110": "無",
        "201111": "無",
        "201112": "無",
        "201201": "16.93",
        "201202": "14.15",
        "201203": "無",
        "201204": "12.60",
        "201205": "無",
        "201206": "無",
        "201207": "10.38",
        "201208": "9.30",
        "201209": "9.41",
        "201210": "11.50",
        "201211": "20.58",
        "201212": "21.17",
        "201301": "22.63",
        "201302": "22.75",
        "201303": "27.64",
        "201304": "29.93",
        "201305": "36.97",
        "201306": "27.88",
        "201307": "27.53",
        "201308": "23.79",
        "201309": "23.22",
        "201310": "25.14",
        "201311": "21.78",
        "201312": "20.43",
        "201401": "23.82",
        "201402": "23.73",
        "201403": "25.05",
        "201404": "23.98",
        "201405": "23.42",
        "201406": "22.84",
        "201407": "20.92",
        "201408": "20.61",
        "201409": "21.25",
        "201410": "23.59",
        "201411": "21.84",
        "201412": "20.48",
        "201501": "25.45",
        "201502": "31.87",
        "201503": "34.22",
        "201504": "31.44",
        "201505": "28.90",
        "201506": "27.27",
        "201507": "27.70",
        "201508": "27.40",
        "201509": "27.78",
        "201510": "26.27",
        "201511": "25.74",
        "201512": "25.09",
        "201601": "24.60",
        "201602": "24.51",
        "201603": "24.33",
        "201604": "24.89",
        "201605": "24.35",
        "201606": "25.65",
        "201607": "24.29",
        "201608": "20.90",
        "201609": "20.14",
        "201610": "23.40",
        "201611": "29.92",
        "201612": "39.49",
        "201701": "54.10",
        "201702": "56.23",
        "201703": "31.39",
        "201704": "40.51",
        "201705": "37.87",
        "201706": "36.08",
        "201707": "36.77",
        "201708": "33.38",
        "201709": "34.65",
        "201710": "34.36",
        "201711": "33.28",
        "201712": "32.10",
        "201801": "33.89",
        "201802": "59.02",
        "201803": "82.52",
        "201804": "77.23",
        "201805": "64.27",
        "201806": "53.92",
        "201807": "54.18",
        "201808": "53.44",
        "201809": "50.34",
        "201810": "40.03",
        "201811": "35.67",
        "201812": "37.89",
        "201901": "38.42",
        "201902": "43.12",
        "201903": "40.86",
        "201904": "40.65",
        "201905": "36.90",
        "201906": "37.96",
        "201907": "38.23",
        "201908": "34.13",
        "201909": "34.05",
        "201910": "32.76",
        "201911": "32.03",
        "201912": "31.14",
        "202001": "31.09",
        "202002": "30.16",
        "202003": "24.48",
        "202004": "27.68",
        "202005": "29.59",
        "202006": "29.48",
        "202007": "29.43",
        "202008": "29.10",
        "202009": "27.92",
        "202010": "27.31",
        "202011": "38.83",
        "202012": "70.22",
        "202101": "68.54",
        "202102": "65.30",
        "202103": "71.93",
        "202104": "71.49",
        "202105": "52.64",
        "202106": "51.95",
        "202107": "47.87",
        "202108": "45.41",
        "202109": "42.10",
        "202110": "43.70",
        "202111": "47.96",
        "202112": "49.87",
        "202201": "46.50",
        "202202": "45.37",
        "202203": "44.00",
        "202204": "43.22",
        "202205": "39.91",
        "202206": "37.29",
        "202207": "34.20",
        "202208": "37.33",
        "202209": "34.38",
        "202210": "30.35",
        "202211": "34.28",
        "202212": "35.96",
        "202301": "36.28",
        "202302": "37.03",
        "202303": "37.41",
        "202304": "39.76",
        "202305": "37.69"
    },
    "quarters": {
        "20011": {
            "year_quarter": 20011,
            "year": 2001,
            "quarter": 1,
            "eps": -0.07,
            "eps_growth_year": -118.92,
            "eps_4q": 0.11,
            "eps_4q_growth_year": -79.05,
            "roe": -0.58,
            "roe_4q": -0.58,
            "gross_profit": 59806,
            "gross_margin": 27.32,
            "gross_margin_4q_avg": 27.32,
            "net_income": -2074,
            "revenue": 218924,
            "common_shares": 316602,
            "book_valuer_per_share": 11.22,
            "book_valuer_per_share_4q_avg": 11.22,
            "equity": 355363,
            "current_ratio": 154.64,
            "debt_ratio": 51.06,
            "inventory_turnover_ratio": 0.54,
            "account_receivable_turnover_ratio": null,
            "reinvestment_rate": null,
            "research_to_sale_ratio": null,
            "price_fair": 0,
            "eps_avg_yearly": 0,
            "eps_latest_yearly": 0,
            "eps_growth_yearly": 0
        },
        "20012": {
            "year_quarter": 20012,
            "year": 2001,
            "quarter": 2,
            "eps": -0.21,
            "eps_growth_year": -800,
            "eps_4q": -0.12,
            "eps_4q_growth_year": -120.15,
            "roe": -1.83,
            "roe_4q": -2.41,
            "gross_profit": 38851,
            "gross_margin": 29.2,
            "gross_margin_4q_avg": 28.26,
            "net_income": -6446,
            "revenue": 133068,
            "common_shares": 316602,
            "book_valuer_per_share": 10.98,
            "book_valuer_per_share_4q_avg": 11.1,
            "equity": 347720,
            "current_ratio": 160.76,
            "debt_ratio": 49.48,
            "inventory_turnover_ratio": 0.36,
            "account_receivable_turnover_ratio": null,
            "reinvestment_rate": null,
            "research_to_sale_ratio": null,
            "price_fair": 0,
            "eps_avg_yearly": 0,
            "eps_latest_yearly": 0,
            "eps_growth_yearly": 0
        },
        "20013": {
            "year_quarter": 20013,
            "year": 2001,
            "quarter": 3,
            "eps": -0.35,
            "eps_growth_year": null,
            "eps_4q": -0.42,
            "eps_4q_growth_year": -177.82,
            "roe": -3.14,
            "roe_4q": -5.550000000000001,
            "gross_profit": 42957,
            "gross_margin": 25.6,
            "gross_margin_4q_avg": 27.37,
            "net_income": -10765,
            "revenue": 167793,
            "common_shares": 316602,
            "book_valuer_per_share": 10.68,
            "book_valuer_per_share_4q_avg": 10.96,
            "equity": 338109,
            "current_ratio": 159.88,
            "debt_ratio": 48.48,
            "inventory_turnover_ratio": 0.54,
            "account_receivable_turnover_ratio": null,
            "reinvestment_rate": null,
            "research_to_sale_ratio": null,
            "price_fair": 0,
            "eps_avg_yearly": 0,
            "eps_latest_yearly": 0,
            "eps_growth_yearly": 0
        },
        "20014": {
            "year_quarter": 20014,
            "year": 2001,
            "quarter": 4,
            "eps": -0.71,
            "eps_growth_year": -473.68,
            "eps_4q": -1.29,
            "eps_4q_growth_year": -343.08,
            "roe": -6.64,
            "roe_4q": -12.19,
            "gross_profit": 24450,
            "gross_margin": 18.45,
            "gross_margin_4q_avg": 25.14,
            "net_income": -23638,
            "revenue": 132535,
            "common_shares": 392007,
            "book_valuer_per_share": 9.55,
            "book_valuer_per_share_4q_avg": 10.61,
            "equity": 374343,
            "current_ratio": 224.85,
            "debt_ratio": 32.09,
            "inventory_turnover_ratio": 0.53,
            "account_receivable_turnover_ratio": null,
            "reinvestment_rate": null,
            "research_to_sale_ratio": null,
            "price_fair": 0,
            "eps_avg_yearly": 0,
            "eps_latest_yearly": 0,
            "eps_growth_yearly": 0
        },
        "20021": {
            "year_quarter": 20021,
            "year": 2002,
            "quarter": 1,
            "eps": -0.33,
            "eps_growth_year": null,
            "eps_4q": -1.39,
            "eps_4q_growth_year": -1314.41,
            "roe": -3.46,
            "roe_4q": -15.07,
            "gross_profit": 21250,
            "gross_margin": 18.95,
            "gross_margin_4q_avg": 23.05,
            "net_income": -12748,
            "revenue": 112162,
            "common_shares": 392007,
            "book_valuer_per_share": 9.22,
            "book_valuer_per_share_4q_avg": 10.11,
            "equity": 361595,
            "current_ratio": 208.55,
            "debt_ratio": 33.9,
            "inventory_turnover_ratio": 0.53,
            "account_receivable_turnover_ratio": null,
            "reinvestment_rate": null,
            "research_to_sale_ratio": null,
            "price_fair": 0,
            "eps_avg_yearly": 0,
            "eps_latest_yearly": 0,
            "eps_growth_yearly": 0
        },
        "20022": {
            "year_quarter": 20022,
            "year": 2002,
            "quarter": 2,
            "eps": -0.63,
            "eps_growth_year": null,
            "eps_4q": -1.82,
            "eps_4q_growth_year": null,
            "roe": -6.94,
            "roe_4q": -20.18,
            "gross_profit": 21684,
            "gross_margin": 10.5,
            "gross_margin_4q_avg": 18.38,
            "net_income": -24245,
            "revenue": 206565,
            "common_shares": 392007,
            "book_valuer_per_share": 8.61,
            "book_valuer_per_share_4q_avg": 9.52,
            "equity": 337563,
            "current_ratio": 142.26,
            "debt_ratio": 55.22,
            "inventory_turnover_ratio": 0.97,
            "account_receivable_turnover_ratio": null,
            "reinvestment_rate": null,
            "research_to_sale_ratio": null,
            "price_fair": 0,
            "eps_avg_yearly": 0,
            "eps_latest_yearly": 0,
            "eps_growth_yearly": 0
        },
        "20023": {
            "year_quarter": 20023,
            "year": 2002,
            "quarter": 3,
            "eps": -0.05,
            "eps_growth_year": null,
            "eps_4q": -1.6,
            "eps_4q_growth_year": null,
            "roe": -0.61,
            "roe_4q": -17.650000000000002,
            "gross_profit": 80814,
            "gross_margin": 9.38,
            "gross_margin_4q_avg": 14.32,
            "net_income": -2048,
            "revenue": 861301,
            "common_shares": 392007,
            "book_valuer_per_share": 8.56,
            "book_valuer_per_share_4q_avg": 8.99,
            "equity": 335465,
            "current_ratio": 141.18,
            "debt_ratio": 76.87,
            "inventory_turnover_ratio": 2.16,
            "account_receivable_turnover_ratio": null,
            "reinvestment_rate": null,
            "research_to_sale_ratio": null,
            "price_fair": 0,
            "eps_avg_yearly": 0,
            "eps_latest_yearly": 0,
            "eps_growth_yearly": 0
        },
        "20024": {
            "year_quarter": 20024,
            "year": 2002,
            "quarter": 4,
            "eps": 0.48,
            "eps_growth_year": null,
            "eps_4q": -0.54,
            "eps_4q_growth_year": null,
            "roe": 5.03,
            "roe_4q": -5.98,
            "gross_profit": 105285,
            "gross_margin": 8.51,
            "gross_margin_4q_avg": 11.84,
            "net_income": 18436,
            "revenue": 1237813,
            "common_shares": 404666,
            "book_valuer_per_share": 9.82,
            "book_valuer_per_share_4q_avg": 9.05,
            "equity": 397438,
            "current_ratio": 147.64,
            "debt_ratio": 71.61,
            "inventory_turnover_ratio": 2.14,
            "account_receivable_turnover_ratio": null,
            "reinvestment_rate": null,
            "research_to_sale_ratio": null,
            "price_fair": 0,
            "eps_avg_yearly": 0,
            "eps_latest_yearly": 0,
            "eps_growth_yearly": 0
        },
        "20031": {
            "year_quarter": 20031,
            "year": 2003,
            "quarter": 1,
            "eps": 0.18,
            "eps_growth_year": null,
            "eps_4q": -0.02,
            "eps_4q_growth_year": null,
            "roe": 1.79,
            "roe_4q": -0.7300000000000004,
            "gross_profit": 78285,
            "gross_margin": 6.46,
            "gross_margin_4q_avg": 8.71,
            "net_income": 7240,
            "revenue": 1211866,
            "common_shares": 406120,
            "book_valuer_per_share": 10.1,
            "book_valuer_per_share_4q_avg": 9.27,
            "equity": 410135,
            "current_ratio": 145.94,
            "debt_ratio": 74.15,
            "inventory_turnover_ratio": 2.1,
            "account_receivable_turnover_ratio": null,
            "reinvestment_rate": null,
            "research_to_sale_ratio": null,
            "price_fair": 2.16,
            "eps_avg_yearly": 0.72,
            "eps_latest_yearly": 0.72,
            "eps_growth_yearly": -250
        },
        "20032": {
            "year_quarter": 20032,
            "year": 2003,
            "quarter": 2,
            "eps": 0.94,
            "eps_growth_year": null,
            "eps_4q": 1.52,
            "eps_4q_growth_year": null,
            "roe": 8.88,
            "roe_4q": 15.090000000000003,
            "gross_profit": 76652,
            "gross_margin": 6.91,
            "gross_margin_4q_avg": 7.82,
            "net_income": 38126,
            "revenue": 1110069,
            "common_shares": 406368,
            "book_valuer_per_share": 11.04,
            "book_valuer_per_share_4q_avg": 9.88,
            "equity": 448824,
            "current_ratio": 146.73,
            "debt_ratio": 71.54,
            "inventory_turnover_ratio": 2.06,
            "account_receivable_turnover_ratio": null,
            "reinvestment_rate": 449.35,
            "research_to_sale_ratio": null,
            "price_fair": 78.4,
            "eps_avg_yearly": 2.24,
            "eps_latest_yearly": 3.76,
            "eps_growth_yearly": 719.44
        },
        "20033": {
            "year_quarter": 20033,
            "year": 2003,
            "quarter": 3,
            "eps": 0.64,
            "eps_growth_year": null,
            "eps_4q": 2.16,
            "eps_4q_growth_year": null,
            "roe": 4.93,
            "roe_4q": 20.630000000000003,
            "gross_profit": 119559,
            "gross_margin": 7.62,
            "gross_margin_4q_avg": 7.38,
            "net_income": 26853,
            "revenue": 1568508,
            "common_shares": 508581,
            "book_valuer_per_share": 12.59,
            "book_valuer_per_share_4q_avg": 10.89,
            "equity": 640194,
            "current_ratio": 140.53,
            "debt_ratio": 72.87,
            "inventory_turnover_ratio": 2.19,
            "account_receivable_turnover_ratio": null,
            "reinvestment_rate": 72.31,
            "research_to_sale_ratio": null,
            "price_fair": 82.13,
            "eps_avg_yearly": 2.35,
            "eps_latest_yearly": 2.56,
            "eps_growth_yearly": 437.08
        },
        "20034": {
            "year_quarter": 20034,
            "year": 2003,
            "quarter": 4,
            "eps": -0.24,
            "eps_growth_year": -150,
            "eps_4q": 1.4,
            "eps_4q_growth_year": null,
            "roe": -1.66,
            "roe_4q": 13.940000000000001,
            "gross_profit": 100638,
            "gross_margin": 6.46,
            "gross_margin_4q_avg": 6.86,
            "net_income": -10581,
            "revenue": 1558185,
            "common_shares": 514590,
            "book_valuer_per_share": 12.34,
            "book_valuer_per_share_4q_avg": 11.52,
            "equity": 635246,
            "current_ratio": 139.58,
            "debt_ratio": 72.27,
            "inventory_turnover_ratio": 1.67,
            "account_receivable_turnover_ratio": null,
            "reinvestment_rate": 287.9,
            "research_to_sale_ratio": null,
            "price_fair": 82.13,
            "eps_avg_yearly": 2.35,
            "eps_latest_yearly": 2.56,
            "eps_growth_yearly": 437.08
        },
        "20041": {
            "year_quarter": 20041,
            "year": 2004,
            "quarter": 1,
            "eps": -0.21,
            "eps_growth_year": -216.67,
            "eps_4q": 0.85,
            "eps_4q_growth_year": null,
            "roe": -1.69,
            "roe_4q": 10.46,
            "gross_profit": 73087,
            "gross_margin": 5.3,
            "gross_margin_4q_avg": 6.57,
            "net_income": -10754,
            "revenue": 1378293,
            "common_shares": 518205,
            "book_valuer_per_share": 12.37,
            "book_valuer_per_share_4q_avg": 12.09,
            "equity": 640876,
            "current_ratio": 129.8,
            "debt_ratio": 76.05,
            "inventory_turnover_ratio": 1.26,
            "account_receivable_turnover_ratio": null,
            "reinvestment_rate": null,
            "research_to_sale_ratio": null,
            "price_fair": 82.13,
            "eps_avg_yearly": 2.35,
            "eps_latest_yearly": 2.56,
            "eps_growth_yearly": 437.08
        },
        "20042": {
            "year_quarter": 20042,
            "year": 2004,
            "quarter": 2,
            "eps": -1.82,
            "eps_growth_year": -293.62,
            "eps_4q": -1.9,
            "eps_4q_growth_year": -224.75,
            "roe": -17.66,
            "roe_4q": -16.080000000000002,
            "gross_profit": 28842,
            "gross_margin": 3.03,
            "gross_margin_4q_avg": 5.6,
            "net_income": -103957,
            "revenue": 953002,
            "common_shares": 518252,
            "book_valuer_per_share": 10.35,
            "book_valuer_per_share_4q_avg": 11.91,
            "equity": 536584,
            "current_ratio": 116.4,
            "debt_ratio": 78.21,
            "inventory_turnover_ratio": 0.77,
            "account_receivable_turnover_ratio": null,
            "reinvestment_rate": null,
            "research_to_sale_ratio": null,
            "price_fair": 82.13,
            "eps_avg_yearly": 2.35,
            "eps_latest_yearly": 2.56,
            "eps_growth_yearly": 437.08
        },
        "20043": {
            "year_quarter": 20043,
            "year": 2004,
            "quarter": 3,
            "eps": -1.96,
            "eps_growth_year": -406.25,
            "eps_4q": -4.14,
            "eps_4q_growth_year": -291.5,
            "roe": -23.38,
            "roe_4q": -44.38999999999999,
            "gross_profit": 13740,
            "gross_margin": 1.06,
            "gross_margin_4q_avg": 3.96,
            "net_income": -112280,
            "revenue": 1293014,
            "common_shares": 574191,
            "book_valuer_per_share": 7.38,
            "book_valuer_per_share_4q_avg": 10.61,
            "equity": 423977,
            "current_ratio": 110.21,
            "debt_ratio": 82.09,
            "inventory_turnover_ratio": 1.07,
            "account_receivable_turnover_ratio": null,
            "reinvestment_rate": null,
            "research_to_sale_ratio": null,
            "price_fair": 82.13,
            "eps_avg_yearly": 2.35,
            "eps_latest_yearly": 2.56,
            "eps_growth_yearly": 437.08
        },
        "20044": {
            "year_quarter": 20044,
            "year": 2004,
            "quarter": 4,
            "eps": -1.76,
            "eps_growth_year": null,
            "eps_4q": -5.72,
            "eps_4q_growth_year": -508.57,
            "roe": -26.83,
            "roe_4q": -69.55999999999999,
            "gross_profit": 40907,
            "gross_margin": 3.1,
            "gross_margin_4q_avg": 3.12,
            "net_income": -100722,
            "revenue": 1318747,
            "common_shares": 574191,
            "book_valuer_per_share": 5.69,
            "book_valuer_per_share_4q_avg": 8.95,
            "equity": 326940,
            "current_ratio": 140.6,
            "debt_ratio": 85.09,
            "inventory_turnover_ratio": 1.22,
            "account_receivable_turnover_ratio": null,
            "reinvestment_rate": null,
            "research_to_sale_ratio": null,
            "price_fair": 82.13,
            "eps_avg_yearly": 2.35,
            "eps_latest_yearly": 2.56,
            "eps_growth_yearly": 437.08
        },
        "20051": {
            "year_quarter": 20051,
            "year": 2005,
            "quarter": 1,
            "eps": -1.26,
            "eps_growth_year": null,
            "eps_4q": -6.76,
            "eps_4q_growth_year": -893.21,
            "roe": -24.94,
            "roe_4q": -92.80999999999999,
            "gross_profit": -661,
            "gross_margin": -0.07,
            "gross_margin_4q_avg": 1.78,
            "net_income": -72609,
            "revenue": 970243,
            "common_shares": 574191,
            "book_valuer_per_share": 4.45,
            "book_valuer_per_share_4q_avg": 6.97,
            "equity": 255391,
            "current_ratio": 105.33,
            "debt_ratio": 87.32,
            "inventory_turnover_ratio": 1.08,
            "account_receivable_turnover_ratio": null,
            "reinvestment_rate": null,
            "research_to_sale_ratio": null,
            "price_fair": 82.13,
            "eps_avg_yearly": 2.35,
            "eps_latest_yearly": 2.56,
            "eps_growth_yearly": 437.08
        },
        "20052": {
            "year_quarter": 20052,
            "year": 2005,
            "quarter": 2,
            "eps": -1.12,
            "eps_growth_year": null,
            "eps_4q": -6.1,
            "eps_4q_growth_year": null,
            "roe": -28.81,
            "roe_4q": -103.96,
            "gross_profit": -1990,
            "gross_margin": -0.34,
            "gross_margin_4q_avg": 0.94,
            "net_income": -64401,
            "revenue": 583932,
            "common_shares": 574191,
            "book_valuer_per_share": 3.34,
            "book_valuer_per_share_4q_avg": 5.22,
            "equity": 191639,
            "current_ratio": 159.12,
            "debt_ratio": 87,
            "inventory_turnover_ratio": 0.81,
            "account_receivable_turnover_ratio": null,
            "reinvestment_rate": null,
            "research_to_sale_ratio": null,
            "price_fair": 82.13,
            "eps_avg_yearly": 2.35,
            "eps_latest_yearly": 2.56,
            "eps_growth_yearly": 437.08
        },
        "20053": {
            "year_quarter": 20053,
            "year": 2005,
            "quarter": 3,
            "eps": -1.52,
            "eps_growth_year": null,
            "eps_4q": -8.42,
            "eps_4q_growth_year": null,
            "roe": -31.97,
            "roe_4q": -112.55,
            "gross_profit": 19556,
            "gross_margin": 2.74,
            "gross_margin_4q_avg": 1.36,
            "net_income": -52203,
            "revenue": 714767,
            "common_shares": 344515,
            "book_valuer_per_share": 3.92,
            "book_valuer_per_share_4q_avg": 4.35,
            "equity": 134980,
            "current_ratio": 197.39,
            "debt_ratio": 91.35,
            "inventory_turnover_ratio": 1,
            "account_receivable_turnover_ratio": null,
            "reinvestment_rate": null,
            "research_to_sale_ratio": null,
            "price_fair": 82.13,
            "eps_avg_yearly": 2.35,
            "eps_latest_yearly": 2.56,
            "eps_growth_yearly": 437.08
        },
        "20054": {
            "year_quarter": 20054,
            "year": 2005,
            "quarter": 4,
            "eps": -2.1,
            "eps_growth_year": null,
            "eps_4q": -7.59,
            "eps_4q_growth_year": null,
            "roe": -51.41,
            "roe_4q": -137.13,
            "gross_profit": 52834,
            "gross_margin": 6.91,
            "gross_margin_4q_avg": 2.31,
            "net_income": -72249,
            "revenue": 764104,
            "common_shares": 344514,
            "book_valuer_per_share": 4.24,
            "book_valuer_per_share_4q_avg": 3.99,
            "equity": 146076,
            "current_ratio": 180.09,
            "debt_ratio": 88.86,
            "inventory_turnover_ratio": 1.08,
            "account_receivable_turnover_ratio": null,
            "reinvestment_rate": null,
            "research_to_sale_ratio": null,
            "price_fair": 82.13,
            "eps_avg_yearly": 2.35,
            "eps_latest_yearly": 2.56,
            "eps_growth_yearly": 437.08
        },
        "20061": {
            "year_quarter": 20061,
            "year": 2006,
            "quarter": 1,
            "eps": -0.86,
            "eps_growth_year": null,
            "eps_4q": -6.36,
            "eps_4q_growth_year": null,
            "roe": -32.37,
            "roe_4q": -144.56,
            "gross_profit": 14945,
            "gross_margin": 3.29,
            "gross_margin_4q_avg": 3.15,
            "net_income": -29508,
            "revenue": 454540,
            "common_shares": 344514,
            "book_valuer_per_share": 1.05,
            "book_valuer_per_share_4q_avg": 3.14,
            "equity": 36237,
            "current_ratio": 232.39,
            "debt_ratio": 96.72,
            "inventory_turnover_ratio": 0.83,
            "account_receivable_turnover_ratio": null,
            "reinvestment_rate": null,
            "research_to_sale_ratio": null,
            "price_fair": 82.13,
            "eps_avg_yearly": 2.35,
            "eps_latest_yearly": 2.56,
            "eps_growth_yearly": 437.08
        },
        "20062": {
            "year_quarter": 20062,
            "year": 2006,
            "quarter": 2,
            "eps": -0.93,
            "eps_growth_year": null,
            "eps_4q": -5.4,
            "eps_4q_growth_year": null,
            "roe": -166.69,
            "roe_4q": -282.44,
            "gross_profit": 11653,
            "gross_margin": 2.95,
            "gross_margin_4q_avg": 3.97,
            "net_income": -31937,
            "revenue": 395444,
            "common_shares": 344514,
            "book_valuer_per_share": 0.06,
            "book_valuer_per_share_4q_avg": 2.32,
            "equity": 2082,
            "current_ratio": 211.73,
            "debt_ratio": 99.82,
            "inventory_turnover_ratio": 0.76,
            "account_receivable_turnover_ratio": null,
            "reinvestment_rate": null,
            "research_to_sale_ratio": null,
            "price_fair": 82.13,
            "eps_avg_yearly": 2.35,
            "eps_latest_yearly": 2.56,
            "eps_growth_yearly": 437.08
        },
        "20063": {
            "year_quarter": 20063,
            "year": 2006,
            "quarter": 3,
            "eps": -1.71,
            "eps_growth_year": null,
            "eps_4q": -7.05,
            "eps_4q_growth_year": null,
            "roe": -110.2,
            "roe_4q": -360.66999999999996,
            "gross_profit": 6718,
            "gross_margin": 1.05,
            "gross_margin_4q_avg": 3.55,
            "net_income": -32709,
            "revenue": 641155,
            "common_shares": 236037,
            "book_valuer_per_share": 2.43,
            "book_valuer_per_share_4q_avg": 1.95,
            "equity": 57279,
            "current_ratio": 180.73,
            "debt_ratio": 95.82,
            "inventory_turnover_ratio": 1.03,
            "account_receivable_turnover_ratio": null,
            "reinvestment_rate": null,
            "research_to_sale_ratio": null,
            "price_fair": 82.13,
            "eps_avg_yearly": 2.35,
            "eps_latest_yearly": 2.56,
            "eps_growth_yearly": 437.08
        },
        "20064": {
            "year_quarter": 20064,
            "year": 2006,
            "quarter": 4,
            "eps": -1.77,
            "eps_growth_year": null,
            "eps_4q": -6.41,
            "eps_4q_growth_year": null,
            "roe": -91.56,
            "roe_4q": -400.82,
            "gross_profit": 17802,
            "gross_margin": 2.3,
            "gross_margin_4q_avg": 2.4,
            "net_income": -35828,
            "revenue": 773016,
            "common_shares": 236038,
            "book_valuer_per_share": 0.89,
            "book_valuer_per_share_4q_avg": 1.11,
            "equity": 20983,
            "current_ratio": 189.11,
            "debt_ratio": 98.27,
            "inventory_turnover_ratio": 1.15,
            "account_receivable_turnover_ratio": null,
            "reinvestment_rate": null,
            "research_to_sale_ratio": null,
            "price_fair": 82.13,
            "eps_avg_yearly": 2.35,
            "eps_latest_yearly": 2.56,
            "eps_growth_yearly": 437.08
        },
        "20071": {
            "year_quarter": 20071,
            "year": 2007,
            "quarter": 1,
            "eps": -0.53,
            "eps_growth_year": null,
            "eps_4q": -4.81,
            "eps_4q_growth_year": null,
            "roe": -84.84,
            "roe_4q": -453.29,
            "gross_profit": 1642,
            "gross_margin": 0.39,
            "gross_margin_4q_avg": 1.67,
            "net_income": -12435,
            "revenue": 425189,
            "common_shares": 236025,
            "book_valuer_per_share": 0.35,
            "book_valuer_per_share_4q_avg": 0.93,
            "equity": 8332,
            "current_ratio": 238.94,
            "debt_ratio": 99.07,
            "inventory_turnover_ratio": 0.79,
            "account_receivable_turnover_ratio": null,
            "reinvestment_rate": null,
            "research_to_sale_ratio": null,
            "price_fair": 110.6,
            "eps_avg_yearly": 3.16,
            "eps_latest_yearly": 2.56,
            "eps_growth_yearly": 780.61
        },
        "20072": {
            "year_quarter": 20072,
            "year": 2007,
            "quarter": 2,
            "eps": -4.51,
            "eps_growth_year": null,
            "eps_4q": -7.63,
            "eps_4q_growth_year": null,
            "roe": -128.13,
            "roe_4q": -414.72999999999996,
            "gross_profit": 2447,
            "gross_margin": 0.5,
            "gross_margin_4q_avg": 1.06,
            "net_income": -48235,
            "revenue": 487589,
            "common_shares": 169410,
            "book_valuer_per_share": 3.95,
            "book_valuer_per_share_4q_avg": 1.91,
            "equity": 66956,
            "current_ratio": 255.65,
            "debt_ratio": 92.4,
            "inventory_turnover_ratio": 1.11,
            "account_receivable_turnover_ratio": null,
            "reinvestment_rate": null,
            "research_to_sale_ratio": null,
            "price_fair": 7.68,
            "eps_avg_yearly": 2.56,
            "eps_latest_yearly": 2.56,
            "eps_growth_yearly": -127.66
        },
        "20073": {
            "year_quarter": 20073,
            "year": 2007,
            "quarter": 3,
            "eps": -1.39,
            "eps_growth_year": null,
            "eps_4q": -6.72,
            "eps_4q_growth_year": null,
            "roe": -29.72,
            "roe_4q": -334.25,
            "gross_profit": 23371,
            "gross_margin": 3.3,
            "gross_margin_4q_avg": 1.62,
            "net_income": -17317,
            "revenue": 709126,
            "common_shares": 169398,
            "book_valuer_per_share": 2.93,
            "book_valuer_per_share_4q_avg": 2.03,
            "equity": 49560,
            "current_ratio": 194.17,
            "debt_ratio": 95.19,
            "inventory_turnover_ratio": 1.68,
            "account_receivable_turnover_ratio": null,
            "reinvestment_rate": null,
            "research_to_sale_ratio": null,
            "price_fair": 0,
            "eps_avg_yearly": 0,
            "eps_latest_yearly": 0,
            "eps_growth_yearly": 0
        },
        "20074": {
            "year_quarter": 20074,
            "year": 2007,
            "quarter": 4,
            "eps": -0.16,
            "eps_growth_year": null,
            "eps_4q": -5.38,
            "eps_4q_growth_year": null,
            "roe": -2.71,
            "roe_4q": -245.4,
            "gross_profit": 32941,
            "gross_margin": 5.76,
            "gross_margin_4q_avg": 2.49,
            "net_income": -2395,
            "revenue": 572043,
            "common_shares": 249398,
            "book_valuer_per_share": 5.09,
            "book_valuer_per_share_4q_avg": 3.08,
            "equity": 127020,
            "current_ratio": 215.13,
            "debt_ratio": 84.24,
            "inventory_turnover_ratio": 1.41,
            "account_receivable_turnover_ratio": null,
            "reinvestment_rate": null,
            "research_to_sale_ratio": null,
            "price_fair": 0,
            "eps_avg_yearly": 0,
            "eps_latest_yearly": 0,
            "eps_growth_yearly": 0
        },
        "20081": {
            "year_quarter": 20081,
            "year": 2008,
            "quarter": 1,
            "eps": -0.9,
            "eps_growth_year": null,
            "eps_4q": -3.63,
            "eps_4q_growth_year": null,
            "roe": -19.3,
            "roe_4q": -179.86,
            "gross_profit": 22114,
            "gross_margin": 4.72,
            "gross_margin_4q_avg": 3.57,
            "net_income": -22386,
            "revenue": 468999,
            "common_shares": 249398,
            "book_valuer_per_share": 4.21,
            "book_valuer_per_share_4q_avg": 4.05,
            "equity": 105012,
            "current_ratio": 215.46,
            "debt_ratio": 86.24,
            "inventory_turnover_ratio": 1.3,
            "account_receivable_turnover_ratio": null,
            "reinvestment_rate": null,
            "research_to_sale_ratio": null,
            "price_fair": 0,
            "eps_avg_yearly": 0,
            "eps_latest_yearly": 0,
            "eps_growth_yearly": 0
        },
        "20082": {
            "year_quarter": 20082,
            "year": 2008,
            "quarter": 2,
            "eps": -1,
            "eps_growth_year": null,
            "eps_4q": -2.69,
            "eps_4q_growth_year": null,
            "roe": -26.95,
            "roe_4q": -78.68,
            "gross_profit": 2652,
            "gross_margin": 1.15,
            "gross_margin_4q_avg": 3.73,
            "net_income": -24922,
            "revenue": 231353,
            "common_shares": 249398,
            "book_valuer_per_share": 3.2,
            "book_valuer_per_share_4q_avg": 3.86,
            "equity": 79917,
            "current_ratio": 212.84,
            "debt_ratio": 88.96,
            "inventory_turnover_ratio": 0.74,
            "account_receivable_turnover_ratio": null,
            "reinvestment_rate": null,
            "research_to_sale_ratio": null,
            "price_fair": 0,
            "eps_avg_yearly": 0,
            "eps_latest_yearly": 0,
            "eps_growth_yearly": 0
        },
        "20083": {
            "year_quarter": 20083,
            "year": 2008,
            "quarter": 3,
            "eps": -0.44,
            "eps_growth_year": null,
            "eps_4q": -2.44,
            "eps_4q_growth_year": null,
            "roe": -14.92,
            "roe_4q": -63.88,
            "gross_profit": -1903,
            "gross_margin": -0.76,
            "gross_margin_4q_avg": 2.72,
            "net_income": -11046,
            "revenue": 248916,
            "common_shares": 249398,
            "book_valuer_per_share": 2.73,
            "book_valuer_per_share_4q_avg": 3.81,
            "equity": 68127,
            "current_ratio": 181.41,
            "debt_ratio": 89.9,
            "inventory_turnover_ratio": 0.96,
            "account_receivable_turnover_ratio": null,
            "reinvestment_rate": null,
            "research_to_sale_ratio": null,
            "price_fair": 0,
            "eps_avg_yearly": 0,
            "eps_latest_yearly": 0,
            "eps_growth_yearly": 0
        },
        "20084": {
            "year_quarter": 20084,
            "year": 2008,
            "quarter": 4,
            "eps": -2.8,
            "eps_growth_year": null,
            "eps_4q": -5.13,
            "eps_4q_growth_year": null,
            "roe": -89.85,
            "roe_4q": -151.02,
            "gross_profit": -43956,
            "gross_margin": -22.84,
            "gross_margin_4q_avg": -4.43,
            "net_income": -70078,
            "revenue": 192414,
            "common_shares": 349398,
            "book_valuer_per_share": 2.51,
            "book_valuer_per_share_4q_avg": 3.16,
            "equity": 87864,
            "current_ratio": 151.87,
            "debt_ratio": 84.12,
            "inventory_turnover_ratio": 1.07,
            "account_receivable_turnover_ratio": 2.71,
            "reinvestment_rate": null,
            "research_to_sale_ratio": null,
            "price_fair": 0,
            "eps_avg_yearly": 0,
            "eps_latest_yearly": 0,
            "eps_growth_yearly": 0
        },
        "20091": {
            "year_quarter": 20091,
            "year": 2009,
            "quarter": 1,
            "eps": -1.41,
            "eps_growth_year": null,
            "eps_4q": -4.45,
            "eps_4q_growth_year": null,
            "roe": -78.4,
            "roe_4q": -210.11999999999998,
            "gross_profit": -39689,
            "gross_margin": -21.29,
            "gross_margin_4q_avg": -10.94,
            "net_income": -49376,
            "revenue": 186418,
            "common_shares": 349398,
            "book_valuer_per_share": 1.09,
            "book_valuer_per_share_4q_avg": 2.38,
            "equity": 38100,
            "current_ratio": 112.38,
            "debt_ratio": 89.51,
            "inventory_turnover_ratio": 1.49,
            "account_receivable_turnover_ratio": 1.25,
            "reinvestment_rate": null,
            "research_to_sale_ratio": null,
            "price_fair": 0,
            "eps_avg_yearly": 0,
            "eps_latest_yearly": 0,
            "eps_growth_yearly": 0
        },
        "20092": {
            "year_quarter": 20092,
            "year": 2009,
            "quarter": 2,
            "eps": -0.64,
            "eps_growth_year": null,
            "eps_4q": -4.38,
            "eps_4q_growth_year": null,
            "roe": -83.17,
            "roe_4q": -266.34,
            "gross_profit": 1189,
            "gross_margin": 0.85,
            "gross_margin_4q_avg": -11.01,
            "net_income": -22484,
            "revenue": 140230,
            "common_shares": 349398,
            "book_valuer_per_share": 0.46,
            "book_valuer_per_share_4q_avg": 1.7,
            "equity": 15969,
            "current_ratio": 105.5,
            "debt_ratio": 95.25,
            "inventory_turnover_ratio": 1.56,
            "account_receivable_turnover_ratio": 1.06,
            "reinvestment_rate": null,
            "research_to_sale_ratio": null,
            "price_fair": 0,
            "eps_avg_yearly": 0,
            "eps_latest_yearly": 0,
            "eps_growth_yearly": 0
        },
        "20093": {
            "year_quarter": 20093,
            "year": 2009,
            "quarter": 3,
            "eps": 0.08,
            "eps_growth_year": null,
            "eps_4q": -3.87,
            "eps_4q_growth_year": null,
            "roe": 16.43,
            "roe_4q": -234.99,
            "gross_profit": 16549,
            "gross_margin": 7.15,
            "gross_margin_4q_avg": -9.03,
            "net_income": 2877,
            "revenue": 231470,
            "common_shares": 349398,
            "book_valuer_per_share": 0.55,
            "book_valuer_per_share_4q_avg": 1.15,
            "equity": 19047,
            "current_ratio": 106.84,
            "debt_ratio": 94.13,
            "inventory_turnover_ratio": 2.88,
            "account_receivable_turnover_ratio": 1.97,
            "reinvestment_rate": null,
            "research_to_sale_ratio": null,
            "price_fair": 0,
            "eps_avg_yearly": 0,
            "eps_latest_yearly": 0,
            "eps_growth_yearly": 0
        },
        "20094": {
            "year_quarter": 20094,
            "year": 2009,
            "quarter": 4,
            "eps": 2.12,
            "eps_growth_year": null,
            "eps_4q": -5.78,
            "eps_4q_growth_year": null,
            "roe": 63.97,
            "roe_4q": -81.17,
            "gross_profit": 37861,
            "gross_margin": 24.17,
            "gross_margin_4q_avg": 2.72,
            "net_income": 18511,
            "revenue": 156646,
            "common_shares": 87350,
            "book_valuer_per_share": 4.44,
            "book_valuer_per_share_4q_avg": 1.64,
            "equity": 38825,
            "current_ratio": 114.56,
            "debt_ratio": 87.93,
            "inventory_turnover_ratio": 1.03,
            "account_receivable_turnover_ratio": 3.42,
            "reinvestment_rate": null,
            "research_to_sale_ratio": null,
            "price_fair": 296.8,
            "eps_avg_yearly": 8.48,
            "eps_latest_yearly": 8.48,
            "eps_growth_yearly": 10200
        },
        "20101": {
            "year_quarter": 20101,
            "year": 2010,
            "quarter": 1,
            "eps": 1.01,
            "eps_growth_year": null,
            "eps_4q": 0.89,
            "eps_4q_growth_year": null,
            "roe": 20.42,
            "roe_4q": 17.64999999999999,
            "gross_profit": 24122,
            "gross_margin": 10.66,
            "gross_margin_4q_avg": 10.71,
            "net_income": 8829,
            "revenue": 226217,
            "common_shares": 87350,
            "book_valuer_per_share": 5.46,
            "book_valuer_per_share_4q_avg": 2.73,
            "equity": 47658,
            "current_ratio": 115.31,
            "debt_ratio": 87.34,
            "inventory_turnover_ratio": 1.3,
            "account_receivable_turnover_ratio": 1.91,
            "reinvestment_rate": null,
            "research_to_sale_ratio": 1.32,
            "price_fair": 219.1,
            "eps_avg_yearly": 6.26,
            "eps_latest_yearly": 4.04,
            "eps_growth_yearly": 4995.28
        },
        "20102": {
            "year_quarter": 20102,
            "year": 2010,
            "quarter": 2,
            "eps": -0.11,
            "eps_growth_year": null,
            "eps_4q": 3.35,
            "eps_4q_growth_year": null,
            "roe": -1.98,
            "roe_4q": 98.84,
            "gross_profit": 13092,
            "gross_margin": 5.11,
            "gross_margin_4q_avg": 11.77,
            "net_income": -934,
            "revenue": 256393,
            "common_shares": 87350,
            "book_valuer_per_share": 5.35,
            "book_valuer_per_share_4q_avg": 3.95,
            "equity": 46722,
            "current_ratio": 124.01,
            "debt_ratio": 81.62,
            "inventory_turnover_ratio": 1.71,
            "account_receivable_turnover_ratio": 2.27,
            "reinvestment_rate": null,
            "research_to_sale_ratio": 1.13,
            "price_fair": 219.1,
            "eps_avg_yearly": 6.26,
            "eps_latest_yearly": 4.04,
            "eps_growth_yearly": 4995.28
        },
        "20103": {
            "year_quarter": 20103,
            "year": 2010,
            "quarter": 3,
            "eps": 0.02,
            "eps_growth_year": -70.09,
            "eps_4q": 3.05,
            "eps_4q_growth_year": null,
            "roe": 0.45,
            "roe_4q": 82.86,
            "gross_profit": 14392,
            "gross_margin": 5.53,
            "gross_margin_4q_avg": 11.37,
            "net_income": 209,
            "revenue": 260039,
            "common_shares": 87350,
            "book_valuer_per_share": 5.37,
            "book_valuer_per_share_4q_avg": 5.16,
            "equity": 46931,
            "current_ratio": 124.91,
            "debt_ratio": 81.94,
            "inventory_turnover_ratio": 2.39,
            "account_receivable_turnover_ratio": 2.53,
            "reinvestment_rate": null,
            "research_to_sale_ratio": 0.95,
            "price_fair": 219.1,
            "eps_avg_yearly": 6.26,
            "eps_latest_yearly": 4.04,
            "eps_growth_yearly": 4995.28
        },
        "20104": {
            "year_quarter": 20104,
            "year": 2010,
            "quarter": 4,
            "eps": -0.66,
            "eps_growth_year": -131.29,
            "eps_4q": 0.26,
            "eps_4q_growth_year": null,
            "roe": -13.16,
            "roe_4q": 5.73,
            "gross_profit": 9135,
            "gross_margin": 4.51,
            "gross_margin_4q_avg": 6.45,
            "net_income": -5794,
            "revenue": 202707,
            "common_shares": 87350,
            "book_valuer_per_share": 4.71,
            "book_valuer_per_share_4q_avg": 5.22,
            "equity": 41123,
            "current_ratio": 140.39,
            "debt_ratio": 74.78,
            "inventory_turnover_ratio": 2.76,
            "account_receivable_turnover_ratio": 2.26,
            "reinvestment_rate": null,
            "research_to_sale_ratio": 1.17,
            "price_fair": 219.1,
            "eps_avg_yearly": 6.26,
            "eps_latest_yearly": 4.04,
            "eps_growth_yearly": 4995.28
        },
        "20111": {
            "year_quarter": 20111,
            "year": 2011,
            "quarter": 1,
            "eps": 0.36,
            "eps_growth_year": -64.36,
            "eps_4q": -0.39,
            "eps_4q_growth_year": -143.62,
            "roe": 7.37,
            "roe_4q": -7.32,
            "gross_profit": 12962,
            "gross_margin": 9.01,
            "gross_margin_4q_avg": 6.04,
            "net_income": 3146,
            "revenue": 143930,
            "common_shares": 87350,
            "book_valuer_per_share": 5.07,
            "book_valuer_per_share_4q_avg": 5.13,
            "equity": 44269,
            "current_ratio": 140.46,
            "debt_ratio": 74.46,
            "inventory_turnover_ratio": 2.04,
            "account_receivable_turnover_ratio": 2.49,
            "reinvestment_rate": null,
            "research_to_sale_ratio": 1.5,
            "price_fair": 219.1,
            "eps_avg_yearly": 6.26,
            "eps_latest_yearly": 4.04,
            "eps_growth_yearly": 4995.28
        },
        "20112": {
            "year_quarter": 20112,
            "year": 2011,
            "quarter": 2,
            "eps": -2.71,
            "eps_growth_year": null,
            "eps_4q": -2.98,
            "eps_4q_growth_year": -189.02,
            "roe": -72.81,
            "roe_4q": -78.14999999999999,
            "gross_profit": -7940,
            "gross_margin": -6.09,
            "gross_margin_4q_avg": 3.24,
            "net_income": -23630,
            "revenue": 130426,
            "common_shares": 87350,
            "book_valuer_per_share": 2.36,
            "book_valuer_per_share_4q_avg": 4.38,
            "equity": 20639,
            "current_ratio": 119.36,
            "debt_ratio": 86.88,
            "inventory_turnover_ratio": 2.39,
            "account_receivable_turnover_ratio": 2.32,
            "reinvestment_rate": null,
            "research_to_sale_ratio": 1.74,
            "price_fair": 219.1,
            "eps_avg_yearly": 6.26,
            "eps_latest_yearly": 4.04,
            "eps_growth_yearly": 4995.28
        },
        "20113": {
            "year_quarter": 20113,
            "year": 2011,
            "quarter": 3,
            "eps": -0.06,
            "eps_growth_year": -368.9,
            "eps_4q": -3.07,
            "eps_4q_growth_year": -200.85,
            "roe": -2.76,
            "roe_4q": -81.36,
            "gross_profit": 13131,
            "gross_margin": 8.91,
            "gross_margin_4q_avg": 4.09,
            "net_income": -562,
            "revenue": 147421,
            "common_shares": 87350,
            "book_valuer_per_share": 2.3,
            "book_valuer_per_share_4q_avg": 3.61,
            "equity": 20078,
            "current_ratio": 115.64,
            "debt_ratio": 88.98,
            "inventory_turnover_ratio": 2.42,
            "account_receivable_turnover_ratio": 2.49,
            "reinvestment_rate": null,
            "research_to_sale_ratio": 1.53,
            "price_fair": 219.1,
            "eps_avg_yearly": 6.26,
            "eps_latest_yearly": 4.04,
            "eps_growth_yearly": 4995.28
        },
        "20114": {
            "year_quarter": 20114,
            "year": 2011,
            "quarter": 4,
            "eps": 0.44,
            "eps_growth_year": null,
            "eps_4q": -1.97,
            "eps_4q_growth_year": -843.9,
            "roe": 17.55,
            "roe_4q": -50.650000000000006,
            "gross_profit": 24419,
            "gross_margin": 11.27,
            "gross_margin_4q_avg": 5.78,
            "net_income": 3862,
            "revenue": 216664,
            "common_shares": 87350,
            "book_valuer_per_share": 2.74,
            "book_valuer_per_share_4q_avg": 3.12,
            "equity": 23940,
            "current_ratio": 117.65,
            "debt_ratio": 87.36,
            "inventory_turnover_ratio": 3.94,
            "account_receivable_turnover_ratio": 2.79,
            "reinvestment_rate": null,
            "research_to_sale_ratio": 1.11,
            "price_fair": 219.1,
            "eps_avg_yearly": 6.26,
            "eps_latest_yearly": 4.04,
            "eps_growth_yearly": 4995.28
        },
        "20121": {
            "year_quarter": 20121,
            "year": 2012,
            "quarter": 1,
            "eps": 0.92,
            "eps_growth_year": 155.56,
            "eps_4q": -1.4,
            "eps_4q_growth_year": null,
            "roe": 28.81,
            "roe_4q": -29.21,
            "gross_profit": 21003,
            "gross_margin": 14.36,
            "gross_margin_4q_avg": 7.11,
            "net_income": 8059,
            "revenue": 146262,
            "common_shares": 87350,
            "book_valuer_per_share": 3.66,
            "book_valuer_per_share_4q_avg": 2.77,
            "equity": 31998,
            "current_ratio": 125.95,
            "debt_ratio": 81.81,
            "inventory_turnover_ratio": 3.62,
            "account_receivable_turnover_ratio": 1.84,
            "reinvestment_rate": null,
            "research_to_sale_ratio": 1.22,
            "price_fair": 189,
            "eps_avg_yearly": 5.4,
            "eps_latest_yearly": 3.68,
            "eps_growth_yearly": 3475.64
        },
        "20122": {
            "year_quarter": 20122,
            "year": 2012,
            "quarter": 2,
            "eps": 0.67,
            "eps_growth_year": null,
            "eps_4q": 1.97,
            "eps_4q_growth_year": null,
            "roe": 16.68,
            "roe_4q": 60.279999999999994,
            "gross_profit": 19607,
            "gross_margin": 18.86,
            "gross_margin_4q_avg": 13.35,
            "net_income": 5826,
            "revenue": 103977,
            "common_shares": 87350,
            "book_valuer_per_share": 4.33,
            "book_valuer_per_share_4q_avg": 3.26,
            "equity": 37843,
            "current_ratio": 133.14,
            "debt_ratio": 77.74,
            "inventory_turnover_ratio": 2.46,
            "account_receivable_turnover_ratio": 1.67,
            "reinvestment_rate": null,
            "research_to_sale_ratio": 1.81,
            "price_fair": 165.2,
            "eps_avg_yearly": 4.72,
            "eps_latest_yearly": 2.68,
            "eps_growth_yearly": 2579.56
        },
        "20123": {
            "year_quarter": 20123,
            "year": 2012,
            "quarter": 3,
            "eps": 2.91,
            "eps_growth_year": null,
            "eps_4q": 4.94,
            "eps_4q_growth_year": null,
            "roe": 50.32,
            "roe_4q": 113.36,
            "gross_profit": 40817,
            "gross_margin": 23.76,
            "gross_margin_4q_avg": 17.06,
            "net_income": 25442,
            "revenue": 171756,
            "common_shares": 87350,
            "book_valuer_per_share": 7.24,
            "book_valuer_per_share_4q_avg": 4.49,
            "equity": 63285,
            "current_ratio": 141.4,
            "debt_ratio": 72.73,
            "inventory_turnover_ratio": 2.92,
            "account_receivable_turnover_ratio": 2.41,
            "reinvestment_rate": null,
            "research_to_sale_ratio": 1.2,
            "price_fair": 213.64,
            "eps_avg_yearly": 6.1,
            "eps_latest_yearly": 11.64,
            "eps_growth_yearly": 2331.11
        },
        "20124": {
            "year_quarter": 20124,
            "year": 2012,
            "quarter": 4,
            "eps": 2.53,
            "eps_growth_year": 472.27,
            "eps_4q": 6.06,
            "eps_4q_growth_year": null,
            "roe": 30.7,
            "roe_4q": 126.50999999999999,
            "gross_profit": 37597,
            "gross_margin": 22.31,
            "gross_margin_4q_avg": 19.82,
            "net_income": 28199,
            "revenue": 168484,
            "common_shares": 111450,
            "book_valuer_per_share": 10.8,
            "book_valuer_per_share_4q_avg": 6.51,
            "equity": 120404,
            "current_ratio": 205.96,
            "debt_ratio": 48.17,
            "inventory_turnover_ratio": 2.59,
            "account_receivable_turnover_ratio": 2.54,
            "reinvestment_rate": -63.72,
            "research_to_sale_ratio": 1.52,
            "price_fair": 237.07,
            "eps_avg_yearly": 6.77,
            "eps_latest_yearly": 10.12,
            "eps_growth_yearly": 1933.89
        },
        "20131": {
            "year_quarter": 20131,
            "year": 2013,
            "quarter": 1,
            "eps": 0.62,
            "eps_growth_year": -32.61,
            "eps_4q": 5.96,
            "eps_4q_growth_year": null,
            "roe": 5.51,
            "roe_4q": 103.21000000000001,
            "gross_profit": 22475,
            "gross_margin": 16.95,
            "gross_margin_4q_avg": 20.47,
            "net_income": 6932,
            "revenue": 132564,
            "common_shares": 111450,
            "book_valuer_per_share": 11.78,
            "book_valuer_per_share_4q_avg": 8.54,
            "equity": 131311,
            "current_ratio": 217.36,
            "debt_ratio": 41.94,
            "inventory_turnover_ratio": 2.92,
            "account_receivable_turnover_ratio": 2.91,
            "reinvestment_rate": 0.23,
            "research_to_sale_ratio": 2.02,
            "price_fair": 215.6,
            "eps_avg_yearly": 6.16,
            "eps_latest_yearly": 2.48,
            "eps_growth_yearly": 1614.48
        },
        "20132": {
            "year_quarter": 20132,
            "year": 2013,
            "quarter": 2,
            "eps": 0.69,
            "eps_growth_year": 3.45,
            "eps_4q": 6.13,
            "eps_4q_growth_year": 211.46,
            "roe": 5.71,
            "roe_4q": 92.24000000000001,
            "gross_profit": 18119,
            "gross_margin": 13.07,
            "gross_margin_4q_avg": 19.02,
            "net_income": 7719,
            "revenue": 138659,
            "common_shares": 111450,
            "book_valuer_per_share": 12.47,
            "book_valuer_per_share_4q_avg": 10.57,
            "equity": 139030,
            "current_ratio": 195.7,
            "debt_ratio": 47.54,
            "inventory_turnover_ratio": 3.14,
            "account_receivable_turnover_ratio": 2.76,
            "reinvestment_rate": 0.73,
            "research_to_sale_ratio": 2,
            "price_fair": 200.73,
            "eps_avg_yearly": 5.74,
            "eps_latest_yearly": 2.76,
            "eps_growth_yearly": 1418.31
        },
        "20133": {
            "year_quarter": 20133,
            "year": 2013,
            "quarter": 3,
            "eps": 0.22,
            "eps_growth_year": -92.45,
            "eps_4q": 4.07,
            "eps_4q_growth_year": -17.76,
            "roe": 1.76,
            "roe_4q": 43.68,
            "gross_profit": 17509,
            "gross_margin": 10.86,
            "gross_margin_4q_avg": 15.8,
            "net_income": 2470,
            "revenue": 161281,
            "common_shares": 111450,
            "book_valuer_per_share": 12.7,
            "book_valuer_per_share_4q_avg": 11.94,
            "equity": 141500,
            "current_ratio": 249.54,
            "debt_ratio": 31.91,
            "inventory_turnover_ratio": 3.97,
            "account_receivable_turnover_ratio": 3.74,
            "reinvestment_rate": 0.79,
            "research_to_sale_ratio": 1.07,
            "price_fair": 181.84,
            "eps_avg_yearly": 5.2,
            "eps_latest_yearly": 0.88,
            "eps_growth_yearly": 1230.45
        },
        "20134": {
            "year_quarter": 20134,
            "year": 2013,
            "quarter": 4,
            "eps": 0.19,
            "eps_growth_year": -92.51,
            "eps_4q": 1.73,
            "eps_4q_growth_year": -71.52,
            "roe": 1.47,
            "roe_4q": 14.45,
            "gross_profit": 11003,
            "gross_margin": 7.65,
            "gross_margin_4q_avg": 12.13,
            "net_income": 2111,
            "revenue": 143913,
            "common_shares": 111450,
            "book_valuer_per_share": 13.03,
            "book_valuer_per_share_4q_avg": 12.5,
            "equity": 145243,
            "current_ratio": 168.85,
            "debt_ratio": 47.59,
            "inventory_turnover_ratio": 4.38,
            "account_receivable_turnover_ratio": 2.58,
            "reinvestment_rate": 48.05,
            "research_to_sale_ratio": 0.85,
            "price_fair": 151.82,
            "eps_avg_yearly": 4.34,
            "eps_latest_yearly": 0.76,
            "eps_growth_yearly": 91.05
        },
        "20141": {
            "year_quarter": 20141,
            "year": 2014,
            "quarter": 1,
            "eps": 0.31,
            "eps_growth_year": -50,
            "eps_4q": 1.42,
            "eps_4q_growth_year": -76.21,
            "roe": 2.38,
            "roe_4q": 11.32,
            "gross_profit": 13264,
            "gross_margin": 6.95,
            "gross_margin_4q_avg": 9.63,
            "net_income": 3498,
            "revenue": 190888,
            "common_shares": 111450,
            "book_valuer_per_share": 13.35,
            "book_valuer_per_share_4q_avg": 12.89,
            "equity": 148741,
            "current_ratio": 251.25,
            "debt_ratio": 33.96,
            "inventory_turnover_ratio": 6.84,
            "account_receivable_turnover_ratio": 2.72,
            "reinvestment_rate": 21.66,
            "research_to_sale_ratio": 0.62,
            "price_fair": 140.93,
            "eps_avg_yearly": 4.03,
            "eps_latest_yearly": 1.24,
            "eps_growth_yearly": 142.4
        },
        "20142": {
            "year_quarter": 20142,
            "year": 2014,
            "quarter": 2,
            "eps": -0.14,
            "eps_growth_year": -120.29,
            "eps_4q": 0.55,
            "eps_4q_growth_year": -90.98,
            "roe": -1.11,
            "roe_4q": 4.5,
            "gross_profit": 7757,
            "gross_margin": 6.74,
            "gross_margin_4q_avg": 8.05,
            "net_income": -1611,
            "revenue": 115027,
            "common_shares": 111450,
            "book_valuer_per_share": 12.6,
            "book_valuer_per_share_4q_avg": 12.92,
            "equity": 140443,
            "current_ratio": 275.72,
            "debt_ratio": 31.09,
            "inventory_turnover_ratio": 4.63,
            "account_receivable_turnover_ratio": 2.14,
            "reinvestment_rate": 15.47,
            "research_to_sale_ratio": 1.2,
            "price_fair": 140.93,
            "eps_avg_yearly": 4.03,
            "eps_latest_yearly": 1.24,
            "eps_growth_yearly": 142.4
        },
        "20143": {
            "year_quarter": 20143,
            "year": 2014,
            "quarter": 3,
            "eps": -0.18,
            "eps_growth_year": -181.82,
            "eps_4q": 0.17,
            "eps_4q_growth_year": -95.94,
            "roe": -1.48,
            "roe_4q": 1.26,
            "gross_profit": 9888,
            "gross_margin": 4.13,
            "gross_margin_4q_avg": 6.37,
            "net_income": -2065,
            "revenue": 239404,
            "common_shares": 117022,
            "book_valuer_per_share": 11.82,
            "book_valuer_per_share_4q_avg": 12.7,
            "equity": 138359,
            "current_ratio": 156.98,
            "debt_ratio": 55.65,
            "inventory_turnover_ratio": 5.84,
            "account_receivable_turnover_ratio": 2.52,
            "reinvestment_rate": 31.18,
            "research_to_sale_ratio": 0.4,
            "price_fair": 140.93,
            "eps_avg_yearly": 4.03,
            "eps_latest_yearly": 1.24,
            "eps_growth_yearly": 142.4
        },
        "20144": {
            "year_quarter": 20144,
            "year": 2014,
            "quarter": 4,
            "eps": 0.12,
            "eps_growth_year": -35.3,
            "eps_4q": 0.11,
            "eps_4q_growth_year": -93.78,
            "roe": 1.03,
            "roe_4q": 0.8199999999999998,
            "gross_profit": 18388,
            "gross_margin": 4.6,
            "gross_margin_4q_avg": 5.61,
            "net_income": 1434,
            "revenue": 399556,
            "common_shares": 117022,
            "book_valuer_per_share": 11.98,
            "book_valuer_per_share_4q_avg": 12.44,
            "equity": 140249,
            "current_ratio": 135.47,
            "debt_ratio": 69.25,
            "inventory_turnover_ratio": 6.78,
            "account_receivable_turnover_ratio": 2.04,
            "reinvestment_rate": 13.61,
            "research_to_sale_ratio": 0.32,
            "price_fair": 140.93,
            "eps_avg_yearly": 4.03,
            "eps_latest_yearly": 1.24,
            "eps_growth_yearly": 142.4
        },
        "20151": {
            "year_quarter": 20151,
            "year": 2015,
            "quarter": 1,
            "eps": -0.34,
            "eps_growth_year": -209.68,
            "eps_4q": -0.53,
            "eps_4q_growth_year": -137.43,
            "roe": -2.87,
            "roe_4q": -4.430000000000001,
            "gross_profit": 11531,
            "gross_margin": 1.66,
            "gross_margin_4q_avg": 4.28,
            "net_income": -3966,
            "revenue": 695503,
            "common_shares": 117022,
            "book_valuer_per_share": 11.65,
            "book_valuer_per_share_4q_avg": 12.01,
            "equity": 136283,
            "current_ratio": 157.06,
            "debt_ratio": 58.54,
            "inventory_turnover_ratio": 9.07,
            "account_receivable_turnover_ratio": 3.86,
            "reinvestment_rate": 9.54,
            "research_to_sale_ratio": 0.15,
            "price_fair": 140.93,
            "eps_avg_yearly": 4.03,
            "eps_latest_yearly": 1.24,
            "eps_growth_yearly": 142.4
        },
        "20152": {
            "year_quarter": 20152,
            "year": 2015,
            "quarter": 2,
            "eps": 1.07,
            "eps_growth_year": null,
            "eps_4q": 0.64,
            "eps_4q_growth_year": 16.46,
            "roe": 8.77,
            "roe_4q": 5.449999999999999,
            "gross_profit": 33092,
            "gross_margin": 12,
            "gross_margin_4q_avg": 5.6,
            "net_income": 12506,
            "revenue": 275880,
            "common_shares": 117022,
            "book_valuer_per_share": 12.71,
            "book_valuer_per_share_4q_avg": 12.04,
            "equity": 148789,
            "current_ratio": 145.65,
            "debt_ratio": 65.88,
            "inventory_turnover_ratio": 1.85,
            "account_receivable_turnover_ratio": 2.14,
            "reinvestment_rate": -0.24,
            "research_to_sale_ratio": 0.36,
            "price_fair": 140.93,
            "eps_avg_yearly": 4.03,
            "eps_latest_yearly": 1.24,
            "eps_growth_yearly": 142.4
        },
        "20153": {
            "year_quarter": 20153,
            "year": 2015,
            "quarter": 3,
            "eps": 1.02,
            "eps_growth_year": null,
            "eps_4q": 1.83,
            "eps_4q_growth_year": 1008.47,
            "roe": 8.08,
            "roe_4q": 15.01,
            "gross_profit": 34457,
            "gross_margin": 9.44,
            "gross_margin_4q_avg": 6.93,
            "net_income": 12524,
            "revenue": 365145,
            "common_shares": 122873,
            "book_valuer_per_share": 13.13,
            "book_valuer_per_share_4q_avg": 12.37,
            "equity": 161313,
            "current_ratio": 158.35,
            "debt_ratio": 60.91,
            "inventory_turnover_ratio": 2.08,
            "account_receivable_turnover_ratio": 2.48,
            "reinvestment_rate": -0.26,
            "research_to_sale_ratio": 0.17,
            "price_fair": 141.12,
            "eps_avg_yearly": 4.03,
            "eps_latest_yearly": 4.08,
            "eps_growth_yearly": 126.29
        },
        "20154": {
            "year_quarter": 20154,
            "year": 2015,
            "quarter": 4,
            "eps": 0.5,
            "eps_growth_year": 310.71,
            "eps_4q": 2.22,
            "eps_4q_growth_year": 1966.13,
            "roe": 3.75,
            "roe_4q": 17.73,
            "gross_profit": 21290,
            "gross_margin": 8.25,
            "gross_margin_4q_avg": 7.84,
            "net_income": 6184,
            "revenue": 258174,
            "common_shares": 122873,
            "book_valuer_per_share": 13.7,
            "book_valuer_per_share_4q_avg": 12.8,
            "equity": 168325,
            "current_ratio": 301.33,
            "debt_ratio": 30.9,
            "inventory_turnover_ratio": 2.27,
            "account_receivable_turnover_ratio": 2.25,
            "reinvestment_rate": -0.37,
            "research_to_sale_ratio": 0.15,
            "price_fair": 134.65,
            "eps_avg_yearly": 3.85,
            "eps_latest_yearly": 2,
            "eps_growth_yearly": 96.27
        },
        "20161": {
            "year_quarter": 20161,
            "year": 2016,
            "quarter": 1,
            "eps": 0.03,
            "eps_growth_year": null,
            "eps_4q": 2.57,
            "eps_4q_growth_year": null,
            "roe": 0.24,
            "roe_4q": 20.84,
            "gross_profit": 18929,
            "gross_margin": 8.24,
            "gross_margin_4q_avg": 9.48,
            "net_income": 399,
            "revenue": 229670,
            "common_shares": 122873,
            "book_valuer_per_share": 13.73,
            "book_valuer_per_share_4q_avg": 13.32,
            "equity": 168724,
            "current_ratio": 283.26,
            "debt_ratio": 32.73,
            "inventory_turnover_ratio": 3.24,
            "account_receivable_turnover_ratio": 2.59,
            "reinvestment_rate": 0.08,
            "research_to_sale_ratio": 0.18,
            "price_fair": 114.22,
            "eps_avg_yearly": 3.52,
            "eps_latest_yearly": 0.12,
            "eps_growth_yearly": 22.42
        },
        "20162": {
            "year_quarter": 20162,
            "year": 2016,
            "quarter": 2,
            "eps": -0.09,
            "eps_growth_year": -108.41,
            "eps_4q": 1.33,
            "eps_4q_growth_year": 106.59,
            "roe": -0.7,
            "roe_4q": 11.370000000000001,
            "gross_profit": 11526,
            "gross_margin": 2.88,
            "gross_margin_4q_avg": 7.2,
            "net_income": -1134,
            "revenue": 400643,
            "common_shares": 122873,
            "book_valuer_per_share": 12.64,
            "book_valuer_per_share_4q_avg": 13.3,
            "equity": 155303,
            "current_ratio": 132.9,
            "debt_ratio": 72.92,
            "inventory_turnover_ratio": 2.27,
            "account_receivable_turnover_ratio": 2.77,
            "reinvestment_rate": 0.82,
            "research_to_sale_ratio": 0.12,
            "price_fair": 126.28,
            "eps_avg_yearly": 3.61,
            "eps_latest_yearly": 0.12,
            "eps_growth_yearly": 35.53
        },
        "20163": {
            "year_quarter": 20163,
            "year": 2016,
            "quarter": 3,
            "eps": 0.75,
            "eps_growth_year": -26.47,
            "eps_4q": 1.15,
            "eps_4q_growth_year": -37.28,
            "roe": 6.28,
            "roe_4q": 9.57,
            "gross_profit": 24531,
            "gross_margin": 6.22,
            "gross_margin_4q_avg": 6.4,
            "net_income": 10074,
            "revenue": 394454,
            "common_shares": 135160,
            "book_valuer_per_share": 12.24,
            "book_valuer_per_share_4q_avg": 13.08,
            "equity": 165377,
            "current_ratio": 171.15,
            "debt_ratio": 55.72,
            "inventory_turnover_ratio": 1.78,
            "account_receivable_turnover_ratio": 2.33,
            "reinvestment_rate": 0.87,
            "research_to_sale_ratio": 0.12,
            "price_fair": 8.15,
            "eps_avg_yearly": 2.72,
            "eps_latest_yearly": 0.12,
            "eps_growth_yearly": -109.12
        },
        "20164": {
            "year_quarter": 20164,
            "year": 2016,
            "quarter": 4,
            "eps": 0.83,
            "eps_growth_year": 65.25,
            "eps_4q": 1.52,
            "eps_4q_growth_year": -31.34,
            "roe": 6.57,
            "roe_4q": 12.390000000000002,
            "gross_profit": 24599,
            "gross_margin": 5.78,
            "gross_margin_4q_avg": 5.78,
            "net_income": 11241,
            "revenue": 425541,
            "common_shares": 135160,
            "book_valuer_per_share": 13.07,
            "book_valuer_per_share_4q_avg": 12.92,
            "equity": 176623,
            "current_ratio": 208.42,
            "debt_ratio": 45.25,
            "inventory_turnover_ratio": 2.87,
            "account_receivable_turnover_ratio": 3.52,
            "reinvestment_rate": 1.11,
            "research_to_sale_ratio": 0.11,
            "price_fair": 5.88,
            "eps_avg_yearly": 1.96,
            "eps_latest_yearly": 3.32,
            "eps_growth_yearly": -98.57
        },
        "20171": {
            "year_quarter": 20171,
            "year": 2017,
            "quarter": 1,
            "eps": 0.16,
            "eps_growth_year": 433.33,
            "eps_4q": 1.65,
            "eps_4q_growth_year": -35.73,
            "roe": 1.22,
            "roe_4q": 13.370000000000001,
            "gross_profit": 22833,
            "gross_margin": 2.6,
            "gross_margin_4q_avg": 4.37,
            "net_income": 2170,
            "revenue": 877645,
            "common_shares": 135160,
            "book_valuer_per_share": 13.23,
            "book_valuer_per_share_4q_avg": 12.8,
            "equity": 178793,
            "current_ratio": 132.52,
            "debt_ratio": 73.36,
            "inventory_turnover_ratio": 5.32,
            "account_receivable_turnover_ratio": 4.64,
            "reinvestment_rate": 0.3,
            "research_to_sale_ratio": 0.04,
            "price_fair": 5.27,
            "eps_avg_yearly": 1.76,
            "eps_latest_yearly": 0.64,
            "eps_growth_yearly": -100.89
        },
        "20172": {
            "year_quarter": 20172,
            "year": 2017,
            "quarter": 2,
            "eps": 0.57,
            "eps_growth_year": null,
            "eps_4q": 2.31,
            "eps_4q_growth_year": 73.39,
            "roe": 4.42,
            "roe_4q": 18.490000000000002,
            "gross_profit": 25655,
            "gross_margin": 3.79,
            "gross_margin_4q_avg": 4.6,
            "net_income": 7678,
            "revenue": 677192,
            "common_shares": 135160,
            "book_valuer_per_share": 12.5,
            "book_valuer_per_share_4q_avg": 12.76,
            "equity": 168900,
            "current_ratio": 144.84,
            "debt_ratio": 66.52,
            "inventory_turnover_ratio": 3.55,
            "account_receivable_turnover_ratio": 2.73,
            "reinvestment_rate": -0.08,
            "research_to_sale_ratio": 0.05,
            "price_fair": 30.6,
            "eps_avg_yearly": 1.7,
            "eps_latest_yearly": 2.28,
            "eps_growth_yearly": 7.98
        },
        "20173": {
            "year_quarter": 20173,
            "year": 2017,
            "quarter": 3,
            "eps": 1.09,
            "eps_growth_year": 45.33,
            "eps_4q": 2.65,
            "eps_4q_growth_year": 130.66,
            "roe": 8.35,
            "roe_4q": 20.560000000000002,
            "gross_profit": 30069,
            "gross_margin": 3.48,
            "gross_margin_4q_avg": 3.91,
            "net_income": 14716,
            "revenue": 862876,
            "common_shares": 135160,
            "book_valuer_per_share": 13.59,
            "book_valuer_per_share_4q_avg": 13.1,
            "equity": 183616,
            "current_ratio": 125.95,
            "debt_ratio": 77.65,
            "inventory_turnover_ratio": 3.61,
            "account_receivable_turnover_ratio": 2.67,
            "reinvestment_rate": -0.05,
            "research_to_sale_ratio": 0.04,
            "price_fair": 73.11,
            "eps_avg_yearly": 2.09,
            "eps_latest_yearly": 4.36,
            "eps_growth_yearly": 78.8
        },
        "20174": {
            "year_quarter": 20174,
            "year": 2017,
            "quarter": 4,
            "eps": 1.53,
            "eps_growth_year": 83.47,
            "eps_4q": 3.34,
            "eps_4q_growth_year": 119.57,
            "roe": 10.56,
            "roe_4q": 24.549999999999997,
            "gross_profit": 36449,
            "gross_margin": 4.89,
            "gross_margin_4q_avg": 3.69,
            "net_income": 20624,
            "revenue": 745552,
            "common_shares": 135160,
            "book_valuer_per_share": 15.31,
            "book_valuer_per_share_4q_avg": 13.66,
            "equity": 206961,
            "current_ratio": 120.17,
            "debt_ratio": 81.73,
            "inventory_turnover_ratio": 1.45,
            "account_receivable_turnover_ratio": 2.02,
            "reinvestment_rate": -38,
            "research_to_sale_ratio": 0.05,
            "price_fair": 93.96,
            "eps_avg_yearly": 2.68,
            "eps_latest_yearly": 6.12,
            "eps_growth_yearly": 102.8
        },
        "20181": {
            "year_quarter": 20181,
            "year": 2018,
            "quarter": 1,
            "eps": 1.58,
            "eps_growth_year": 887.5,
            "eps_4q": 4.76,
            "eps_4q_growth_year": 188.13,
            "roe": 9.82,
            "roe_4q": 33.150000000000006,
            "gross_profit": 30920,
            "gross_margin": 1.58,
            "gross_margin_4q_avg": 3.44,
            "net_income": 21381,
            "revenue": 1958990,
            "common_shares": 135160,
            "book_valuer_per_share": 16.89,
            "book_valuer_per_share_4q_avg": 14.57,
            "equity": 228342,
            "current_ratio": 119.2,
            "debt_ratio": 82.5,
            "inventory_turnover_ratio": 3.65,
            "account_receivable_turnover_ratio": 3.72,
            "reinvestment_rate": -14.97,
            "research_to_sale_ratio": 0.02,
            "price_fair": 113.71,
            "eps_avg_yearly": 3.25,
            "eps_latest_yearly": 6.32,
            "eps_growth_yearly": 76.18
        },
        "20182": {
            "year_quarter": 20182,
            "year": 2018,
            "quarter": 2,
            "eps": 0.15,
            "eps_growth_year": -73.68,
            "eps_4q": 3.8,
            "eps_4q_growth_year": 64.71,
            "roe": 1.04,
            "roe_4q": 29.770000000000003,
            "gross_profit": 29455,
            "gross_margin": 7.34,
            "gross_margin_4q_avg": 4.32,
            "net_income": 2306,
            "revenue": 401083,
            "common_shares": 135160,
            "book_valuer_per_share": 16.06,
            "book_valuer_per_share_4q_avg": 15.46,
            "equity": 217132,
            "current_ratio": 123.8,
            "debt_ratio": 79.08,
            "inventory_turnover_ratio": 0.72,
            "account_receivable_turnover_ratio": 0.86,
            "reinvestment_rate": -10.65,
            "research_to_sale_ratio": 0.09,
            "price_fair": 104.44,
            "eps_avg_yearly": 2.98,
            "eps_latest_yearly": 0.6,
            "eps_growth_yearly": 32.36
        },
        "20183": {
            "year_quarter": 20183,
            "year": 2018,
            "quarter": 3,
            "eps": 0.85,
            "eps_growth_year": -22.02,
            "eps_4q": 3.7,
            "eps_4q_growth_year": 39.59,
            "roe": 5.89,
            "roe_4q": 27.310000000000002,
            "gross_profit": 30892,
            "gross_margin": 3.16,
            "gross_margin_4q_avg": 4.24,
            "net_income": 13168,
            "revenue": 976476,
            "common_shares": 155434,
            "book_valuer_per_share": 14.82,
            "book_valuer_per_share_4q_avg": 15.77,
            "equity": 230300,
            "current_ratio": 161.29,
            "debt_ratio": 59.67,
            "inventory_turnover_ratio": 2.18,
            "account_receivable_turnover_ratio": 4.42,
            "reinvestment_rate": -16.84,
            "research_to_sale_ratio": 0.04,
            "price_fair": 105.76,
            "eps_avg_yearly": 3.02,
            "eps_latest_yearly": 3.4,
            "eps_growth_yearly": 199.11
        },
        "20184": {
            "year_quarter": 20184,
            "year": 2018,
            "quarter": 4,
            "eps": 0.44,
            "eps_growth_year": -71.23,
            "eps_4q": 2.81,
            "eps_4q_growth_year": -15.95,
            "roe": 2.92,
            "roe_4q": 19.669999999999998,
            "gross_profit": 21689,
            "gross_margin": 4.19,
            "gross_margin_4q_avg": 4.07,
            "net_income": 6824,
            "revenue": 518156,
            "common_shares": 155434,
            "book_valuer_per_share": 15.3,
            "book_valuer_per_share_4q_avg": 15.77,
            "equity": 237856,
            "current_ratio": 132.08,
            "debt_ratio": 73.82,
            "inventory_turnover_ratio": 1.42,
            "account_receivable_turnover_ratio": 2.06,
            "reinvestment_rate": -8.8,
            "research_to_sale_ratio": 0.07,
            "price_fair": 102.08,
            "eps_avg_yearly": 2.92,
            "eps_latest_yearly": 1.76,
            "eps_growth_yearly": 166.44
        },
        "20191": {
            "year_quarter": 20191,
            "year": 2019,
            "quarter": 1,
            "eps": -0.16,
            "eps_growth_year": -110.13,
            "eps_4q": 1,
            "eps_4q_growth_year": -78.91,
            "roe": -0.92,
            "roe_4q": 8.93,
            "gross_profit": 14268,
            "gross_margin": 3.43,
            "gross_margin_4q_avg": 4.53,
            "net_income": -2664,
            "revenue": 415640,
            "common_shares": 195434,
            "book_valuer_per_share": 17.6,
            "book_valuer_per_share_4q_avg": 15.95,
            "equity": 343992,
            "current_ratio": 179.62,
            "debt_ratio": 54.01,
            "inventory_turnover_ratio": 0.92,
            "account_receivable_turnover_ratio": 1.69,
            "reinvestment_rate": -6.17,
            "research_to_sale_ratio": 0,
            "price_fair": 102.08,
            "eps_avg_yearly": 2.92,
            "eps_latest_yearly": 1.76,
            "eps_growth_yearly": 166.44
        },
        "20192": {
            "year_quarter": 20192,
            "year": 2019,
            "quarter": 2,
            "eps": 0,
            "eps_growth_year": -100,
            "eps_4q": 0.77,
            "eps_4q_growth_year": -79.7,
            "roe": -0,
            "roe_4q": 7.89,
            "gross_profit": 14092,
            "gross_margin": 3.66,
            "gross_margin_4q_avg": 3.61,
            "net_income": -2,
            "revenue": 384935,
            "common_shares": 195434,
            "book_valuer_per_share": 17.1,
            "book_valuer_per_share_4q_avg": 16.21,
            "equity": 334218,
            "current_ratio": 238.08,
            "debt_ratio": 39.83,
            "inventory_turnover_ratio": 1.57,
            "account_receivable_turnover_ratio": 1.44,
            "reinvestment_rate": -1.86,
            "research_to_sale_ratio": 0,
            "price_fair": 102.08,
            "eps_avg_yearly": 2.92,
            "eps_latest_yearly": 1.76,
            "eps_growth_yearly": 166.44
        },
        "20193": {
            "year_quarter": 20193,
            "year": 2019,
            "quarter": 3,
            "eps": 0.49,
            "eps_growth_year": -42.35,
            "eps_4q": 0.65,
            "eps_4q_growth_year": -82.52,
            "roe": 3.05,
            "roe_4q": 5.05,
            "gross_profit": 25196,
            "gross_margin": 3.7,
            "gross_margin_4q_avg": 3.75,
            "net_income": 10368,
            "revenue": 680589,
            "common_shares": 224749,
            "book_valuer_per_share": 15.33,
            "book_valuer_per_share_4q_avg": 16.33,
            "equity": 344586,
            "current_ratio": 166.39,
            "debt_ratio": 57.89,
            "inventory_turnover_ratio": 5.43,
            "account_receivable_turnover_ratio": 1.71,
            "reinvestment_rate": -0.84,
            "research_to_sale_ratio": 0,
            "price_fair": 98.38,
            "eps_avg_yearly": 2.81,
            "eps_latest_yearly": 1.76,
            "eps_growth_yearly": 183.27
        },
        "20194": {
            "year_quarter": 20194,
            "year": 2019,
            "quarter": 4,
            "eps": 0.29,
            "eps_growth_year": -33.08,
            "eps_4q": 0.64,
            "eps_4q_growth_year": -77.35,
            "roe": 1.89,
            "roe_4q": 4.02,
            "gross_profit": 30457,
            "gross_margin": 8.15,
            "gross_margin_4q_avg": 4.74,
            "net_income": 6603,
            "revenue": 373608,
            "common_shares": 224749,
            "book_valuer_per_share": 15.81,
            "book_valuer_per_share_4q_avg": 16.46,
            "equity": 355250,
            "current_ratio": 269.29,
            "debt_ratio": 35.15,
            "inventory_turnover_ratio": 2.73,
            "account_receivable_turnover_ratio": 1.03,
            "reinvestment_rate": -0.8,
            "research_to_sale_ratio": 0,
            "price_fair": 95.71,
            "eps_avg_yearly": 2.73,
            "eps_latest_yearly": 1.16,
            "eps_growth_yearly": 186.97
        },
        "20201": {
            "year_quarter": 20201,
            "year": 2020,
            "quarter": 1,
            "eps": 0.5,
            "eps_growth_year": null,
            "eps_4q": 1.26,
            "eps_4q_growth_year": 25.28,
            "roe": 3.14,
            "roe_4q": 8.08,
            "gross_profit": 30001,
            "gross_margin": 3.96,
            "gross_margin_4q_avg": 4.87,
            "net_income": 11319,
            "revenue": 757853,
            "common_shares": 224749,
            "book_valuer_per_share": 16.31,
            "book_valuer_per_share_4q_avg": 16.14,
            "equity": 366569,
            "current_ratio": 165.37,
            "debt_ratio": 58.66,
            "inventory_turnover_ratio": 3.94,
            "account_receivable_turnover_ratio": 2.62,
            "reinvestment_rate": -1.4,
            "research_to_sale_ratio": null,
            "price_fair": 101.69,
            "eps_avg_yearly": 2.91,
            "eps_latest_yearly": 2,
            "eps_growth_yearly": 247.48
        },
        "20202": {
            "year_quarter": 20202,
            "year": 2020,
            "quarter": 2,
            "eps": 0.19,
            "eps_growth_year": null,
            "eps_4q": 1.39,
            "eps_4q_growth_year": 80.58,
            "roe": 1.26,
            "roe_4q": 9.34,
            "gross_profit": 25068,
            "gross_margin": 5.71,
            "gross_margin_4q_avg": 5.38,
            "net_income": 4562,
            "revenue": 439382,
            "common_shares": 224749,
            "book_valuer_per_share": 16.01,
            "book_valuer_per_share_4q_avg": 15.87,
            "equity": 359894,
            "current_ratio": 231.54,
            "debt_ratio": 41.43,
            "inventory_turnover_ratio": 1.9,
            "account_receivable_turnover_ratio": 1.5,
            "reinvestment_rate": -1.25,
            "research_to_sale_ratio": null,
            "price_fair": 95.43,
            "eps_avg_yearly": 2.73,
            "eps_latest_yearly": 0.76,
            "eps_growth_yearly": 206.19
        },
        "20203": {
            "year_quarter": 20203,
            "year": 2020,
            "quarter": 3,
            "eps": 0.2,
            "eps_growth_year": -59.18,
            "eps_4q": 1.15,
            "eps_4q_growth_year": 78.51,
            "roe": 1.31,
            "roe_4q": 7.6000000000000005,
            "gross_profit": 21359,
            "gross_margin": 5.76,
            "gross_margin_4q_avg": 5.9,
            "net_income": 4743,
            "revenue": 371098,
            "common_shares": 235987,
            "book_valuer_per_share": 15.45,
            "book_valuer_per_share_4q_avg": 15.9,
            "equity": 364637,
            "current_ratio": 279.53,
            "debt_ratio": 34.22,
            "inventory_turnover_ratio": 1.62,
            "account_receivable_turnover_ratio": 1.95,
            "reinvestment_rate": -1.11,
            "research_to_sale_ratio": null,
            "price_fair": 90.25,
            "eps_avg_yearly": 2.58,
            "eps_latest_yearly": 0.8,
            "eps_growth_yearly": 191.95
        },
        "20204": {
            "year_quarter": 20204,
            "year": 2020,
            "quarter": 4,
            "eps": 0.14,
            "eps_growth_year": -51.19,
            "eps_4q": 1.02,
            "eps_4q_growth_year": 59.84,
            "roe": 0.91,
            "roe_4q": 6.620000000000001,
            "gross_profit": 18203,
            "gross_margin": 2.95,
            "gross_margin_4q_avg": 4.6,
            "net_income": 3384,
            "revenue": 617790,
            "common_shares": 235987,
            "book_valuer_per_share": 16.15,
            "book_valuer_per_share_4q_avg": 15.98,
            "equity": 381004,
            "current_ratio": 165.83,
            "debt_ratio": 57.9,
            "inventory_turnover_ratio": 2.24,
            "account_receivable_turnover_ratio": 2.35,
            "reinvestment_rate": -1.09,
            "research_to_sale_ratio": null,
            "price_fair": 82.82,
            "eps_avg_yearly": 2.37,
            "eps_latest_yearly": 0.56,
            "eps_growth_yearly": 179.44
        },
        "20211": {
            "year_quarter": 20211,
            "year": 2021,
            "quarter": 1,
            "eps": 0.64,
            "eps_growth_year": 28,
            "eps_4q": 1.18,
            "eps_4q_growth_year": -6.05,
            "roe": 3.95,
            "roe_4q": 7.43,
            "gross_profit": 35915,
            "gross_margin": 4.65,
            "gross_margin_4q_avg": 4.77,
            "net_income": 15217,
            "revenue": 771655,
            "common_shares": 235987,
            "book_valuer_per_share": 16.49,
            "book_valuer_per_share_4q_avg": 16.03,
            "equity": 389051,
            "current_ratio": 163.54,
            "debt_ratio": 58.86,
            "inventory_turnover_ratio": 2.7,
            "account_receivable_turnover_ratio": 1.81,
            "reinvestment_rate": -1.33,
            "research_to_sale_ratio": null,
            "price_fair": 87.98,
            "eps_avg_yearly": 2.51,
            "eps_latest_yearly": 2.56,
            "eps_growth_yearly": 314.17
        },
        "20212": {
            "year_quarter": 20212,
            "year": 2021,
            "quarter": 2,
            "eps": 0.73,
            "eps_growth_year": 284.21,
            "eps_4q": 1.72,
            "eps_4q_growth_year": 23.42,
            "roe": 4.38,
            "roe_4q": 10.55,
            "gross_profit": 35989,
            "gross_margin": 6.01,
            "gross_margin_4q_avg": 4.84,
            "net_income": 17201,
            "revenue": 598980,
            "common_shares": 235987,
            "book_valuer_per_share": 16.77,
            "book_valuer_per_share_4q_avg": 16.22,
            "equity": 395692,
            "current_ratio": 180.96,
            "debt_ratio": 53.85,
            "inventory_turnover_ratio": 2.02,
            "account_receivable_turnover_ratio": 1.43,
            "reinvestment_rate": -1.15,
            "research_to_sale_ratio": null,
            "price_fair": 89.71,
            "eps_avg_yearly": 2.56,
            "eps_latest_yearly": 2.92,
            "eps_growth_yearly": 239.65
        },
        "20213": {
            "year_quarter": 20213,
            "year": 2021,
            "quarter": 3,
            "eps": 0.54,
            "eps_growth_year": 170,
            "eps_4q": 1.99,
            "eps_4q_growth_year": 72.22,
            "roe": 3.34,
            "roe_4q": 12.58,
            "gross_profit": 31595,
            "gross_margin": 5.08,
            "gross_margin_4q_avg": 4.67,
            "net_income": 13432,
            "revenue": 622092,
            "common_shares": 247787,
            "book_valuer_per_share": 16.47,
            "book_valuer_per_share_4q_avg": 16.47,
            "equity": 408194,
            "current_ratio": 149.81,
            "debt_ratio": 65.56,
            "inventory_turnover_ratio": 1.22,
            "account_receivable_turnover_ratio": 2.13,
            "reinvestment_rate": -0.54,
            "research_to_sale_ratio": null,
            "price_fair": 83.78,
            "eps_avg_yearly": 2.39,
            "eps_latest_yearly": 2.16,
            "eps_growth_yearly": 203.57
        },
        "20214": {
            "year_quarter": 20214,
            "year": 2021,
            "quarter": 4,
            "eps": 0.51,
            "eps_growth_year": 256.83,
            "eps_4q": 2.36,
            "eps_4q_growth_year": 132.18,
            "roe": 3.08,
            "roe_4q": 14.75,
            "gross_profit": 34200,
            "gross_margin": 3.7,
            "gross_margin_4q_avg": 4.86,
            "net_income": 12679,
            "revenue": 923345,
            "common_shares": 247787,
            "book_valuer_per_share": 16.77,
            "book_valuer_per_share_4q_avg": 16.63,
            "equity": 415535,
            "current_ratio": 138.56,
            "debt_ratio": 71.49,
            "inventory_turnover_ratio": 1.36,
            "account_receivable_turnover_ratio": 2.3,
            "reinvestment_rate": -0.25,
            "research_to_sale_ratio": null,
            "price_fair": 72.8,
            "eps_avg_yearly": 2.08,
            "eps_latest_yearly": 2.04,
            "eps_growth_yearly": 189.44
        },
        "20221": {
            "year_quarter": 20221,
            "year": 2022,
            "quarter": 1,
            "eps": 0.54,
            "eps_growth_year": -15.62,
            "eps_4q": 2.29,
            "eps_4q_growth_year": 93.9,
            "roe": 3.2,
            "roe_4q": 14,
            "gross_profit": 46418,
            "gross_margin": 4.19,
            "gross_margin_4q_avg": 4.75,
            "net_income": 13502,
            "revenue": 1108867,
            "common_shares": 247787,
            "book_valuer_per_share": 17.31,
            "book_valuer_per_share_4q_avg": 16.83,
            "equity": 429037,
            "current_ratio": 127.68,
            "debt_ratio": 77.69,
            "inventory_turnover_ratio": 1.4,
            "account_receivable_turnover_ratio": 1.6,
            "reinvestment_rate": 0.58,
            "research_to_sale_ratio": null,
            "price_fair": 61.6,
            "eps_avg_yearly": 1.76,
            "eps_latest_yearly": 2.16,
            "eps_growth_yearly": 190.24
        },
        "20222": {
            "year_quarter": 20222,
            "year": 2022,
            "quarter": 2,
            "eps": 0.41,
            "eps_growth_year": -43.84,
            "eps_4q": 1.89,
            "eps_4q_growth_year": 9.78,
            "roe": 2.53,
            "roe_4q": 12.15,
            "gross_profit": 46943,
            "gross_margin": 5.04,
            "gross_margin_4q_avg": 4.5,
            "net_income": 10860,
            "revenue": 930545,
            "common_shares": 247787,
            "book_valuer_per_share": 17.35,
            "book_valuer_per_share_4q_avg": 16.98,
            "equity": 429986,
            "current_ratio": 158.25,
            "debt_ratio": 62.3,
            "inventory_turnover_ratio": 1.32,
            "account_receivable_turnover_ratio": 1.47,
            "reinvestment_rate": 0.51,
            "research_to_sale_ratio": null,
            "price_fair": 64.4,
            "eps_avg_yearly": 1.84,
            "eps_latest_yearly": 1.64,
            "eps_growth_yearly": 210.68
        },
        "20223": {
            "year_quarter": 20223,
            "year": 2022,
            "quarter": 3,
            "eps": 0.25,
            "eps_growth_year": -53.7,
            "eps_4q": 1.63,
            "eps_4q_growth_year": -17.79,
            "roe": 1.54,
            "roe_4q": 10.350000000000001,
            "gross_profit": 21474,
            "gross_margin": 3.77,
            "gross_margin_4q_avg": 4.18,
            "net_income": 6674,
            "revenue": 570166,
            "common_shares": 267610,
            "book_valuer_per_share": 16.32,
            "book_valuer_per_share_4q_avg": 16.94,
            "equity": 436660,
            "current_ratio": 200.15,
            "debt_ratio": 49.22,
            "inventory_turnover_ratio": 1.46,
            "account_receivable_turnover_ratio": 1.33,
            "reinvestment_rate": 0.57,
            "research_to_sale_ratio": null,
            "price_fair": 57.94,
            "eps_avg_yearly": 1.66,
            "eps_latest_yearly": 1,
            "eps_growth_yearly": 55.09
        },
        "20224": {
            "year_quarter": 20224,
            "year": 2022,
            "quarter": 4,
            "eps": 0.74,
            "eps_growth_year": 44.69,
            "eps_4q": 1.9,
            "eps_4q_growth_year": -19.56,
            "roe": 4.44,
            "roe_4q": 11.71,
            "gross_profit": 63796,
            "gross_margin": 12.47,
            "gross_margin_4q_avg": 6.37,
            "net_income": 19813,
            "revenue": 511441,
            "common_shares": 267610,
            "book_valuer_per_share": 17.06,
            "book_valuer_per_share_4q_avg": 17.01,
            "equity": 456449,
            "current_ratio": 224.9,
            "debt_ratio": 43.61,
            "inventory_turnover_ratio": 1.93,
            "account_receivable_turnover_ratio": 1.46,
            "reinvestment_rate": 0.51,
            "research_to_sale_ratio": null,
            "price_fair": 61.17,
            "eps_avg_yearly": 1.75,
            "eps_latest_yearly": 2.96,
            "eps_growth_yearly": 130.24
        },
        "20231": {
            "year_quarter": 20231,
            "year": 2023,
            "quarter": 1,
            "eps": 0.44,
            "eps_growth_year": -18.52,
            "eps_4q": 1.83,
            "eps_4q_growth_year": -20.06,
            "roe": 2.55,
            "roe_4q": 11.06,
            "gross_profit": 33721,
            "gross_margin": 8.9,
            "gross_margin_4q_avg": 7.55,
            "net_income": 11705,
            "revenue": 378759,
            "common_shares": 267610,
            "book_valuer_per_share": 17.19,
            "book_valuer_per_share_4q_avg": 16.98,
            "equity": 460126,
            "current_ratio": 264.43,
            "debt_ratio": 37.14,
            "inventory_turnover_ratio": 2.29,
            "account_receivable_turnover_ratio": 1.39,
            "reinvestment_rate": 0.45,
            "research_to_sale_ratio": null,
            "price_fair": 61.2,
            "eps_avg_yearly": 1.75,
            "eps_latest_yearly": 1.76,
            "eps_growth_yearly": 109.35
        }
    },
    "months": {
        "2001-06": {
            "month": "2001-06",
            "price": "10.46",
            "revenue": 33857
        },
        "2001-07": {
            "month": "2001-07",
            "price": "8.65",
            "revenue": 34415
        },
        "2001-08": {
            "month": "2001-08",
            "price": "9.22",
            "revenue": 67995
        },
        "2001-09": {
            "month": "2001-09",
            "price": "7.89",
            "revenue": 65382
        },
        "2001-10": {
            "month": "2001-10",
            "price": "8.09",
            "revenue": 48868
        },
        "2001-11": {
            "month": "2001-11",
            "price": "10.89",
            "revenue": 38481
        },
        "2001-12": {
            "month": "2001-12",
            "price": "18.82",
            "revenue": 45374
        },
        "2002-01": {
            "month": "2002-01",
            "price": "27.89",
            "revenue": 54276
        },
        "2002-02": {
            "month": "2002-02",
            "price": "26.53",
            "revenue": 23349
        },
        "2002-03": {
            "month": "2002-03",
            "price": "28.21",
            "revenue": 37799
        },
        "2002-04": {
            "month": "2002-04",
            "price": "29.64",
            "revenue": 36290
        },
        "2002-05": {
            "month": "2002-05",
            "price": "27.76",
            "revenue": 68663
        },
        "2002-06": {
            "month": "2002-06",
            "price": "28.50",
            "revenue": 98138
        },
        "2002-07": {
            "month": "2002-07",
            "price": "28.51",
            "revenue": 227894
        },
        "2002-08": {
            "month": "2002-08",
            "price": "36.88",
            "revenue": 279437
        },
        "2002-09": {
            "month": "2002-09",
            "price": "36.84",
            "revenue": 353970
        },
        "2002-10": {
            "month": "2002-10",
            "price": "26.88",
            "revenue": 464237
        },
        "2002-11": {
            "month": "2002-11",
            "price": "27.19",
            "revenue": 428521
        },
        "2002-12": {
            "month": "2002-12",
            "price": "27.08",
            "revenue": 344447
        },
        "2003-01": {
            "month": "2003-01",
            "price": "24.26",
            "revenue": 452095
        },
        "2003-02": {
            "month": "2003-02",
            "price": "19.51",
            "revenue": 302643
        },
        "2003-03": {
            "month": "2003-03",
            "price": "20.56",
            "revenue": 457128
        },
        "2003-04": {
            "month": "2003-04",
            "price": "19.21",
            "revenue": 435528
        },
        "2003-05": {
            "month": "2003-05",
            "price": "16.56",
            "revenue": 388250
        },
        "2003-06": {
            "month": "2003-06",
            "price": "19.96",
            "revenue": 285651
        },
        "2003-07": {
            "month": "2003-07",
            "price": "21.03",
            "revenue": 479675
        },
        "2003-08": {
            "month": "2003-08",
            "price": "19.77",
            "revenue": 556648
        },
        "2003-09": {
            "month": "2003-09",
            "price": "19.83",
            "revenue": 532825
        },
        "2003-10": {
            "month": "2003-10",
            "price": "20.56",
            "revenue": 635451
        },
        "2003-11": {
            "month": "2003-11",
            "price": "21.08",
            "revenue": 467948
        },
        "2003-12": {
            "month": "2003-12",
            "price": "20.81",
            "revenue": 454787
        },
        "2004-01": {
            "month": "2004-01",
            "price": "20.66",
            "revenue": 442033
        },
        "2004-02": {
            "month": "2004-02",
            "price": "20.62",
            "revenue": 438977
        },
        "2004-03": {
            "month": "2004-03",
            "price": "20.18",
            "revenue": 497282
        },
        "2004-04": {
            "month": "2004-04",
            "price": "17.81",
            "revenue": 470282
        },
        "2004-05": {
            "month": "2004-05",
            "price": "14.90",
            "revenue": 284885
        },
        "2004-06": {
            "month": "2004-06",
            "price": "13.65",
            "revenue": 198816
        },
        "2004-07": {
            "month": "2004-07",
            "price": "9.62",
            "revenue": 443044
        },
        "2004-08": {
            "month": "2004-08",
            "price": "7.79",
            "revenue": 366683
        },
        "2004-09": {
            "month": "2004-09",
            "price": "6.57",
            "revenue": 483287
        },
        "2004-10": {
            "month": "2004-10",
            "price": "5.81",
            "revenue": 470273
        },
        "2004-11": {
            "month": "2004-11",
            "price": "5.10",
            "revenue": 512003
        },
        "2004-12": {
            "month": "2004-12",
            "price": "4.87",
            "revenue": 336860
        },
        "2005-01": {
            "month": "2005-01",
            "price": "4.23",
            "revenue": 364240
        },
        "2005-02": {
            "month": "2005-02",
            "price": "4.58",
            "revenue": 289023
        },
        "2005-03": {
            "month": "2005-03",
            "price": "4.50",
            "revenue": 316986
        },
        "2005-04": {
            "month": "2005-04",
            "price": "3.08",
            "revenue": 264995
        },
        "2005-05": {
            "month": "2005-05",
            "price": "2.78",
            "revenue": 203045
        },
        "2005-06": {
            "month": "2005-06",
            "price": "3.51",
            "revenue": 115860
        },
        "2005-07": {
            "month": "2005-07",
            "price": "3.23",
            "revenue": 262962
        },
        "2005-08": {
            "month": "2005-08",
            "price": "3.56",
            "revenue": 222158
        },
        "2005-09": {
            "month": "2005-09",
            "price": "3.74",
            "revenue": 229647
        },
        "2005-10": {
            "month": "2005-10",
            "price": "3.53",
            "revenue": 260735
        },
        "2005-11": {
            "month": "2005-11",
            "price": "5.60",
            "revenue": 253785
        },
        "2005-12": {
            "month": "2005-12",
            "price": "5.16",
            "revenue": 249585
        },
        "2006-01": {
            "month": "2006-01",
            "price": "4.18",
            "revenue": 192459
        },
        "2006-02": {
            "month": "2006-02",
            "price": "3.45",
            "revenue": 117148
        },
        "2006-03": {
            "month": "2006-03",
            "price": "3.47",
            "revenue": 144932
        },
        "2006-04": {
            "month": "2006-04",
            "price": "3.77",
            "revenue": 151998
        },
        "2006-05": {
            "month": "2006-05",
            "price": "5.31",
            "revenue": 114191
        },
        "2006-06": {
            "month": "2006-06",
            "price": "7.43",
            "revenue": 91293
        },
        "2006-07": {
            "month": "2006-07",
            "price": "7.95",
            "revenue": 125967
        },
        "2006-08": {
            "month": "2006-08",
            "price": "7.71",
            "revenue": 214906
        },
        "2006-09": {
            "month": "2006-09",
            "price": "5.88",
            "revenue": 338244
        },
        "2006-10": {
            "month": "2006-10",
            "price": "7.86",
            "revenue": 298094
        },
        "2006-11": {
            "month": "2006-11",
            "price": "11.40",
            "revenue": 299986
        },
        "2006-12": {
            "month": "2006-12",
            "price": "10.79",
            "revenue": 174936
        },
        "2007-01": {
            "month": "2007-01",
            "price": "11.11",
            "revenue": 143042
        },
        "2007-02": {
            "month": "2007-02",
            "price": "9.60",
            "revenue": 132543
        },
        "2007-03": {
            "month": "2007-03",
            "price": "8.79",
            "revenue": 149604
        },
        "2007-04": {
            "month": "2007-04",
            "price": "6.25",
            "revenue": 186453
        },
        "2007-05": {
            "month": "2007-05",
            "price": "5.40",
            "revenue": 123864
        },
        "2007-06": {
            "month": "2007-06",
            "price": "5.18",
            "revenue": 177271
        },
        "2007-07": {
            "month": "2007-07",
            "price": "6.28",
            "revenue": 254349
        },
        "2007-08": {
            "month": "2007-08",
            "price": "7.46",
            "revenue": 256560
        },
        "2007-09": {
            "month": "2007-09",
            "price": "15.07",
            "revenue": 199618
        },
        "2007-10": {
            "month": "2007-10",
            "price": "12.60",
            "revenue": 238885
        },
        "2007-11": {
            "month": "2007-11",
            "price": "12.59",
            "revenue": 174249
        },
        "2007-12": {
            "month": "2007-12",
            "price": "9.69",
            "revenue": 151793
        },
        "2008-01": {
            "month": "2008-01",
            "price": "9.97",
            "revenue": 185750
        },
        "2008-02": {
            "month": "2008-02",
            "price": "9.71",
            "revenue": 148491
        },
        "2008-03": {
            "month": "2008-03",
            "price": "10.46",
            "revenue": 134758
        },
        "2008-04": {
            "month": "2008-04",
            "price": "13.33",
            "revenue": 41013
        },
        "2008-05": {
            "month": "2008-05",
            "price": "14.48",
            "revenue": 78113
        },
        "2008-06": {
            "month": "2008-06",
            "price": "14.56",
            "revenue": 112219
        },
        "2008-07": {
            "month": "2008-07",
            "price": "13.39",
            "revenue": 60282
        },
        "2008-08": {
            "month": "2008-08",
            "price": "13.02",
            "revenue": 116496
        },
        "2008-10": {
            "month": "2008-10",
            "price": "10.35",
            "revenue": 90413
        },
        "2009-01": {
            "month": "2009-01",
            "price": "5.62",
            "revenue": 50613
        },
        "2009-02": {
            "month": "2009-02",
            "price": "6.01",
            "revenue": 59038
        },
        "2009-03": {
            "month": "2009-03",
            "price": "7.13",
            "revenue": 76767
        },
        "2009-04": {
            "month": "2009-04",
            "price": "5.63",
            "revenue": 39558
        },
        "2009-05": {
            "month": "2009-05",
            "price": "7.77",
            "revenue": 51811
        },
        "2009-06": {
            "month": "2009-06",
            "price": "8.86",
            "revenue": 45909
        },
        "2009-07": {
            "month": "2009-07",
            "price": "10.46",
            "revenue": 52300
        },
        "2009-08": {
            "month": "2009-08",
            "price": "7.03",
            "revenue": 64147
        },
        "2009-09": {
            "month": "2009-09",
            "price": "7.91",
            "revenue": 115046
        },
        "2009-10": {
            "month": "2009-10",
            "price": "8.31",
            "revenue": 51104
        },
        "2009-11": {
            "month": "2009-11",
            "price": "8.24",
            "revenue": 40262
        },
        "2009-12": {
            "month": "2009-12",
            "price": "8.47",
            "revenue": 65301
        },
        "2010-01": {
            "month": "2010-01",
            "price": "8.63",
            "revenue": 50414
        },
        "2010-02": {
            "month": "2010-02",
            "price": "37.06",
            "revenue": 50797
        },
        "2010-03": {
            "month": "2010-03",
            "price": "40.93",
            "revenue": 125005
        },
        "2010-04": {
            "month": "2010-04",
            "price": "43.93",
            "revenue": 94399
        },
        "2010-05": {
            "month": "2010-05",
            "price": "42.67",
            "revenue": 57489
        },
        "2010-06": {
            "month": "2010-06",
            "price": "40.27",
            "revenue": 104506
        },
        "2010-07": {
            "month": "2010-07",
            "price": "41.40",
            "revenue": 32847
        },
        "2010-08": {
            "month": "2010-08",
            "price": "36.64",
            "revenue": 114111
        },
        "2010-09": {
            "month": "2010-09",
            "price": "31.49",
            "revenue": 113080
        },
        "2010-10": {
            "month": "2010-10",
            "price": "28.12",
            "revenue": 58164
        },
        "2010-11": {
            "month": "2010-11",
            "price": "26.98",
            "revenue": 72887
        },
        "2010-12": {
            "month": "2010-12",
            "price": "25.99",
            "revenue": 71658
        },
        "2011-01": {
            "month": "2011-01",
            "price": "24.13",
            "revenue": 30136
        },
        "2011-02": {
            "month": "2011-02",
            "price": "23.11",
            "revenue": 40397
        },
        "2011-03": {
            "month": "2011-03",
            "price": "23.50",
            "revenue": 73397
        },
        "2011-04": {
            "month": "2011-04",
            "price": "23.45",
            "revenue": 39586
        },
        "2011-05": {
            "month": "2011-05",
            "price": "24.07",
            "revenue": 42817
        },
        "2011-06": {
            "month": "2011-06",
            "price": "23.42",
            "revenue": 48023
        },
        "2011-07": {
            "month": "2011-07",
            "price": "24.03",
            "revenue": 33780
        },
        "2011-08": {
            "month": "2011-08",
            "price": "20.33",
            "revenue": 57174
        },
        "2011-09": {
            "month": "2011-09",
            "price": "17.01",
            "revenue": 56467
        },
        "2012-01": {
            "month": "2012-01",
            "price": "16.93",
            "revenue": 43208
        },
        "2012-02": {
            "month": "2012-02",
            "price": "14.15",
            "revenue": 28793
        },
        "2012-04": {
            "month": "2012-04",
            "price": "12.60",
            "revenue": 22402
        },
        "2012-07": {
            "month": "2012-07",
            "price": "10.38",
            "revenue": 34917
        },
        "2012-08": {
            "month": "2012-08",
            "price": "9.30",
            "revenue": 75628
        },
        "2012-09": {
            "month": "2012-09",
            "price": "9.41",
            "revenue": 61212
        },
        "2012-10": {
            "month": "2012-10",
            "price": "11.50",
            "revenue": 74608
        },
        "2012-11": {
            "month": "2012-11",
            "price": "20.58",
            "revenue": 58903
        },
        "2012-12": {
            "month": "2012-12",
            "price": "21.17",
            "revenue": 34972
        },
        "2013-01": {
            "month": "2013-01",
            "price": "22.63",
            "revenue": 53765
        },
        "2013-02": {
            "month": "2013-02",
            "price": "22.75",
            "revenue": 34549
        },
        "2013-03": {
            "month": "2013-03",
            "price": "27.64",
            "revenue": 44249
        },
        "2013-04": {
            "month": "2013-04",
            "price": "29.93",
            "revenue": 47043
        },
        "2013-05": {
            "month": "2013-05",
            "price": "36.97",
            "revenue": 45016
        },
        "2013-06": {
            "month": "2013-06",
            "price": "27.88",
            "revenue": 46600
        },
        "2013-07": {
            "month": "2013-07",
            "price": "27.53",
            "revenue": 41284
        },
        "2013-08": {
            "month": "2013-08",
            "price": "23.79",
            "revenue": 34401
        },
        "2013-09": {
            "month": "2013-09",
            "price": "23.22",
            "revenue": 85597
        },
        "2013-10": {
            "month": "2013-10",
            "price": "25.14",
            "revenue": 29818
        },
        "2013-11": {
            "month": "2013-11",
            "price": "21.78",
            "revenue": 83228
        },
        "2013-12": {
            "month": "2013-12",
            "price": "20.43",
            "revenue": 43374
        },
        "2014-01": {
            "month": "2014-01",
            "price": "23.82",
            "revenue": 64125
        },
        "2014-02": {
            "month": "2014-02",
            "price": "23.73",
            "revenue": 56470
        },
        "2014-03": {
            "month": "2014-03",
            "price": "25.05",
            "revenue": 74729
        },
        "2014-04": {
            "month": "2014-04",
            "price": "23.98",
            "revenue": 42881
        },
        "2014-05": {
            "month": "2014-05",
            "price": "23.42",
            "revenue": 38557
        },
        "2014-06": {
            "month": "2014-06",
            "price": "22.84",
            "revenue": 32845
        },
        "2014-07": {
            "month": "2014-07",
            "price": "20.92",
            "revenue": 44570
        },
        "2014-08": {
            "month": "2014-08",
            "price": "20.61",
            "revenue": 84264
        },
        "2014-09": {
            "month": "2014-09",
            "price": "21.25",
            "revenue": 111747
        },
        "2014-10": {
            "month": "2014-10",
            "price": "23.59",
            "revenue": 88652
        },
        "2014-11": {
            "month": "2014-11",
            "price": "21.84",
            "revenue": 63200
        },
        "2014-12": {
            "month": "2014-12",
            "price": "20.48",
            "revenue": 245041
        },
        "2015-01": {
            "month": "2015-01",
            "price": "25.45",
            "revenue": 501394
        },
        "2015-02": {
            "month": "2015-02",
            "price": "31.87",
            "revenue": 89417
        },
        "2015-03": {
            "month": "2015-03",
            "price": "34.22",
            "revenue": 104210
        },
        "2015-04": {
            "month": "2015-04",
            "price": "31.44",
            "revenue": 79896
        },
        "2015-05": {
            "month": "2015-05",
            "price": "28.90",
            "revenue": 84473
        },
        "2015-06": {
            "month": "2015-06",
            "price": "27.27",
            "revenue": 111512
        },
        "2015-07": {
            "month": "2015-07",
            "price": "27.70",
            "revenue": 182941
        },
        "2015-08": {
            "month": "2015-08",
            "price": "27.40",
            "revenue": 92500
        },
        "2015-09": {
            "month": "2015-09",
            "price": "27.78",
            "revenue": 90187
        },
        "2015-10": {
            "month": "2015-10",
            "price": "26.27",
            "revenue": 146626
        },
        "2015-11": {
            "month": "2015-11",
            "price": "25.74",
            "revenue": 48440
        },
        "2015-12": {
            "month": "2015-12",
            "price": "25.09",
            "revenue": 63108
        },
        "2016-01": {
            "month": "2016-01",
            "price": "24.60",
            "revenue": 74223
        },
        "2016-02": {
            "month": "2016-02",
            "price": "24.51",
            "revenue": 65321
        },
        "2016-03": {
            "month": "2016-03",
            "price": "24.33",
            "revenue": 90126
        },
        "2016-04": {
            "month": "2016-04",
            "price": "24.89",
            "revenue": 171581
        },
        "2016-05": {
            "month": "2016-05",
            "price": "24.35",
            "revenue": 149069
        },
        "2016-06": {
            "month": "2016-06",
            "price": "25.65",
            "revenue": 79994
        },
        "2016-07": {
            "month": "2016-07",
            "price": "24.29",
            "revenue": 90282
        },
        "2016-08": {
            "month": "2016-08",
            "price": "20.90",
            "revenue": 164271
        },
        "2016-09": {
            "month": "2016-09",
            "price": "20.14",
            "revenue": 139901
        },
        "2016-10": {
            "month": "2016-10",
            "price": "23.40",
            "revenue": 121371
        },
        "2016-11": {
            "month": "2016-11",
            "price": "29.92",
            "revenue": 219341
        },
        "2016-12": {
            "month": "2016-12",
            "price": "39.49",
            "revenue": 84830
        },
        "2017-01": {
            "month": "2017-01",
            "price": "54.10",
            "revenue": 284413
        },
        "2017-02": {
            "month": "2017-02",
            "price": "56.23",
            "revenue": 287680
        },
        "2017-03": {
            "month": "2017-03",
            "price": "31.39",
            "revenue": 305552
        },
        "2017-04": {
            "month": "2017-04",
            "price": "40.51",
            "revenue": 260377
        },
        "2017-05": {
            "month": "2017-05",
            "price": "37.87",
            "revenue": 202965
        },
        "2017-06": {
            "month": "2017-06",
            "price": "36.08",
            "revenue": 213850
        },
        "2017-07": {
            "month": "2017-07",
            "price": "36.77",
            "revenue": 158645
        },
        "2017-08": {
            "month": "2017-08",
            "price": "33.38",
            "revenue": 418261
        },
        "2017-09": {
            "month": "2017-09",
            "price": "34.65",
            "revenue": 285969
        },
        "2017-10": {
            "month": "2017-10",
            "price": "34.36",
            "revenue": 194070
        },
        "2017-11": {
            "month": "2017-11",
            "price": "33.28",
            "revenue": 350963
        },
        "2017-12": {
            "month": "2017-12",
            "price": "32.10",
            "revenue": 200519
        },
        "2018-01": {
            "month": "2018-01",
            "price": "33.89",
            "revenue": 638289
        },
        "2018-02": {
            "month": "2018-02",
            "price": "59.02",
            "revenue": 1110879
        },
        "2018-03": {
            "month": "2018-03",
            "price": "82.52",
            "revenue": 209823
        },
        "2018-04": {
            "month": "2018-04",
            "price": "77.23",
            "revenue": 169816
        },
        "2018-05": {
            "month": "2018-05",
            "price": "64.27",
            "revenue": 109009
        },
        "2018-06": {
            "month": "2018-06",
            "price": "53.92",
            "revenue": 122257
        },
        "2018-07": {
            "month": "2018-07",
            "price": "54.18",
            "revenue": 551231
        },
        "2018-08": {
            "month": "2018-08",
            "price": "53.44",
            "revenue": 210112
        },
        "2018-09": {
            "month": "2018-09",
            "price": "50.34",
            "revenue": 215132
        },
        "2018-10": {
            "month": "2018-10",
            "price": "40.03",
            "revenue": 129959
        },
        "2018-11": {
            "month": "2018-11",
            "price": "35.67",
            "revenue": 297246
        },
        "2018-12": {
            "month": "2018-12",
            "price": "37.89",
            "revenue": 90951
        },
        "2019-01": {
            "month": "2019-01",
            "price": "38.42",
            "revenue": 124901
        },
        "2019-02": {
            "month": "2019-02",
            "price": "43.12",
            "revenue": 152625
        },
        "2019-03": {
            "month": "2019-03",
            "price": "40.86",
            "revenue": 138114
        },
        "2019-04": {
            "month": "2019-04",
            "price": "40.65",
            "revenue": 168613
        },
        "2019-05": {
            "month": "2019-05",
            "price": "36.90",
            "revenue": 101193
        },
        "2019-06": {
            "month": "2019-06",
            "price": "37.96",
            "revenue": 115129
        },
        "2019-07": {
            "month": "2019-07",
            "price": "38.23",
            "revenue": 188938
        },
        "2019-08": {
            "month": "2019-08",
            "price": "34.13",
            "revenue": 278194
        },
        "2019-09": {
            "month": "2019-09",
            "price": "34.05",
            "revenue": 213456
        },
        "2019-10": {
            "month": "2019-10",
            "price": "32.76",
            "revenue": 140759
        },
        "2019-11": {
            "month": "2019-11",
            "price": "32.03",
            "revenue": 109521
        },
        "2019-12": {
            "month": "2019-12",
            "price": "31.14",
            "revenue": 126478
        },
        "2020-01": {
            "month": "2020-01",
            "price": "31.09",
            "revenue": 147505
        },
        "2020-02": {
            "month": "2020-02",
            "price": "30.16",
            "revenue": 266711
        },
        "2020-03": {
            "month": "2020-03",
            "price": "24.48",
            "revenue": 346236
        },
        "2020-04": {
            "month": "2020-04",
            "price": "27.68",
            "revenue": 148746
        },
        "2020-05": {
            "month": "2020-05",
            "price": "29.59",
            "revenue": 159477
        },
        "2020-06": {
            "month": "2020-06",
            "price": "29.48",
            "revenue": 132131
        },
        "2020-07": {
            "month": "2020-07",
            "price": "29.43",
            "revenue": 135347
        },
        "2020-08": {
            "month": "2020-08",
            "price": "29.10",
            "revenue": 127771
        },
        "2020-09": {
            "month": "2020-09",
            "price": "27.92",
            "revenue": 104636
        },
        "2020-10": {
            "month": "2020-10",
            "price": "27.31",
            "revenue": 115690
        },
        "2020-11": {
            "month": "2020-11",
            "price": "38.83",
            "revenue": 158537
        },
        "2020-12": {
            "month": "2020-12",
            "price": "70.22",
            "revenue": 343336
        },
        "2021-01": {
            "month": "2021-01",
            "price": "68.54",
            "revenue": 381832
        },
        "2021-02": {
            "month": "2021-02",
            "price": "65.30",
            "revenue": 218266
        },
        "2021-03": {
            "month": "2021-03",
            "price": "71.93",
            "revenue": 171557
        },
        "2021-04": {
            "month": "2021-04",
            "price": "71.49",
            "revenue": 187826
        },
        "2021-05": {
            "month": "2021-05",
            "price": "52.64",
            "revenue": 174788
        },
        "2021-06": {
            "month": "2021-06",
            "price": "51.95",
            "revenue": 236366
        },
        "2021-07": {
            "month": "2021-07",
            "price": "47.87",
            "revenue": 189454
        },
        "2021-08": {
            "month": "2021-08",
            "price": "45.41",
            "revenue": 193704
        },
        "2021-09": {
            "month": "2021-09",
            "price": "42.10",
            "revenue": 238934
        },
        "2021-10": {
            "month": "2021-10",
            "price": "43.70",
            "revenue": 231289
        },
        "2021-11": {
            "month": "2021-11",
            "price": "47.96",
            "revenue": 356046
        },
        "2021-12": {
            "month": "2021-12",
            "price": "49.87",
            "revenue": 336010
        },
        "2022-01": {
            "month": "2022-01",
            "price": "46.50",
            "revenue": 422970
        },
        "2022-02": {
            "month": "2022-02",
            "price": "45.37",
            "revenue": 279499
        },
        "2022-03": {
            "month": "2022-03",
            "price": "44.00",
            "revenue": 406398
        },
        "2022-04": {
            "month": "2022-04",
            "price": "43.22",
            "revenue": 312025
        },
        "2022-05": {
            "month": "2022-05",
            "price": "39.91",
            "revenue": 389395
        },
        "2022-06": {
            "month": "2022-06",
            "price": "37.29",
            "revenue": 229126
        },
        "2022-07": {
            "month": "2022-07",
            "price": "34.20",
            "revenue": 152188
        },
        "2022-08": {
            "month": "2022-08",
            "price": "37.33",
            "revenue": 237036
        },
        "2022-09": {
            "month": "2022-09",
            "price": "34.38",
            "revenue": 180941
        },
        "2022-10": {
            "month": "2022-10",
            "price": "30.35",
            "revenue": 144286
        },
        "2022-11": {
            "month": "2022-11",
            "price": "34.28",
            "revenue": 239023
        },
        "2022-12": {
            "month": "2022-12",
            "price": "35.96",
            "revenue": 128132
        },
        "2023-01": {
            "month": "2023-01",
            "price": "36.28",
            "revenue": 112176
        },
        "2023-02": {
            "month": "2023-02",
            "price": "37.03",
            "revenue": 133405
        },
        "2023-03": {
            "month": "2023-03",
            "price": "37.41",
            "revenue": 133178
        },
        "2023-04": {
            "month": "2023-04",
            "price": "39.76",
            "revenue": 108574
        }
    }
}
