{
    "summary": {
        "stock_name": "中磊",
        "stock_id": "5388",
        "category": "通信網路",
        "main_business": "有線網路產品<br>無線網路產品<br>其他",
        "website_url": "http://www.sercomm.com",
        "ceo": "林斌",
        "pe_ratio": 16,
        "report_year_from": 2001,
        "report_year_to": 2023,
        "age": 23,
        "eps_negative_percentage": 0,
        "eps_growth_avg": {
            "last_all": 13.5,
            "last_2y": 26.79,
            "last_4y": 18.84,
            "last_8y": 9.39,
            "last_12y": 14.34,
            "last_16y": 11.23,
            "last_20y": 10.55,
            "at_2006_last_3y": 7.69,
            "at_2007_last_3y": 10.25,
            "at_2008_last_3y": -9.46,
            "at_2009_last_3y": -13.44,
            "at_2010_last_3y": 1.13,
            "at_2011_last_3y": 9.7,
            "at_2012_last_3y": 26.86,
            "at_2013_last_3y": 38.06,
            "at_2014_last_3y": 25.46,
            "at_2015_last_3y": 14.76,
            "at_2016_last_3y": 12.05,
            "at_2017_last_3y": 7.5,
            "at_2018_last_3y": -2.42,
            "at_2019_last_3y": -3.63,
            "at_2020_last_3y": -8.85,
            "at_2021_last_3y": -7.73,
            "at_2022_last_3y": 26.89,
            "at_2023_last_3y": 16.98,
            "at_2024_last_3y": 16.98,
            "at_2006_last_all": 21.23,
            "at_2007_last_all": 24.3,
            "at_2008_last_all": 13.77,
            "at_2009_last_all": 7.38,
            "at_2010_last_all": 12.29,
            "at_2011_last_all": 18.46,
            "at_2012_last_all": 18.53,
            "at_2013_last_all": 17.61,
            "at_2014_last_all": 16.34,
            "at_2015_last_all": 17.4,
            "at_2016_last_all": 16.8,
            "at_2017_last_all": 15.08,
            "at_2018_last_all": 11.93,
            "at_2019_last_all": 12.73,
            "at_2020_last_all": 11.4,
            "at_2021_last_all": 10.52,
            "at_2022_last_all": 14.78,
            "at_2023_last_all": 13.5,
            "at_2024_last_all": 13.5
        },
        "latest_eps": 8.63,
        "latest_price": 134.5,
        "latest_roe": 21.83,
        "latest_gross_margin": 17.79,
        "latest_equity": 11463074,
        "latest_revenue": 15625314,
        "latest_gross_profit": 2779501,
        "latest_net_income": 656417,
        "latest_debt_ratio": 74.27,
        "latest_current_ratio": 131.59,
        "latest_account_receivable_turnover_ratio": 1.52,
        "latest_inventory_turnover_ratio": 0.8,
        "latest_reinvestment_rate": 38.78,
        "latest_research_to_sale_ratio": 5.27
    },
    "eps_dividends": {
        "1998": {
            "cash": 0,
            "stock": 4,
            "eps": 0
        },
        "1999": {
            "cash": 0,
            "stock": 2.5,
            "eps": 0
        },
        "2000": {
            "cash": 0.82,
            "stock": 0.82,
            "eps": 0
        },
        "2001": {
            "cash": 0.88,
            "stock": 0.88,
            "eps": 1.3
        },
        "2002": {
            "cash": 0.93,
            "stock": 0.93,
            "eps": 2.28
        },
        "2003": {
            "cash": 0.56,
            "stock": 0.84,
            "eps": 2.95
        },
        "2004": {
            "cash": 0.81,
            "stock": 1.22,
            "eps": 3.82
        },
        "2005": {
            "cash": 0.74,
            "stock": 1.64,
            "eps": 3
        },
        "2006": {
            "cash": 1.07,
            "stock": 1.07,
            "eps": 2.8
        },
        "2007": {
            "cash": 0.99,
            "stock": 0.99,
            "eps": 3.91
        },
        "2008": {
            "cash": 2,
            "stock": 0.4,
            "eps": 1.98
        },
        "2009": {
            "cash": 1.5,
            "stock": 0,
            "eps": 1.24
        },
        "2010": {
            "cash": 1,
            "stock": 0,
            "eps": 1.88
        },
        "2011": {
            "cash": 3.87,
            "stock": 0,
            "eps": 3.27
        },
        "2012": {
            "cash": 0,
            "stock": 0,
            "eps": 3.9
        },
        "2013": {
            "cash": 2.75,
            "stock": 0,
            "eps": 4.19
        },
        "2014": {
            "cash": 3,
            "stock": 0,
            "eps": 4.24
        },
        "2015": {
            "cash": 3,
            "stock": 0,
            "eps": 5.56
        },
        "2016": {
            "cash": 4,
            "stock": 0,
            "eps": 6.03
        },
        "2017": {
            "cash": 4.2,
            "stock": 0,
            "eps": 5.38
        },
        "2018": {
            "cash": 3.75,
            "stock": 0,
            "eps": 3.31
        },
        "2019": {
            "cash": 2.5,
            "stock": 0,
            "eps": 4.18
        },
        "2020": {
            "cash": 3,
            "stock": 0,
            "eps": 3.66
        },
        "2021": {
            "cash": 2.6,
            "stock": 0,
            "eps": 3.43
        },
        "2022": {
            "cash": 2.4,
            "stock": 0,
            "eps": 7.56
        },
        "2023": {
            "cash": 9,
            "stock": 0,
            "eps": 6.55
        }
    },
    "dividends": {
        "1998-03-27": {
            "cash": 0,
            "stock": 4
        },
        "1999-06-14": {
            "cash": 0,
            "stock": 2.5
        },
        "2000-05-30": {
            "cash": 0.82,
            "stock": 0.82
        },
        "2001-05-28": {
            "cash": 0.88,
            "stock": 0.88
        },
        "2002-05-28": {
            "cash": 0.93,
            "stock": 0.93
        },
        "2003-03-11": {
            "cash": 0.56,
            "stock": 0.84
        },
        "2004-03-24": {
            "cash": 0.81,
            "stock": 1.22
        },
        "2005-01-24": {
            "cash": 0.74,
            "stock": 1.64
        },
        "2006-02-24": {
            "cash": 1.07,
            "stock": 1.07
        },
        "2007-03-06": {
            "cash": 0.99,
            "stock": 0.99
        },
        "2008-03-14": {
            "cash": 2,
            "stock": 0.4
        },
        "2009-03-20": {
            "cash": 1.5,
            "stock": 0
        },
        "2010-03-30": {
            "cash": 1,
            "stock": 0
        },
        "2011-01-01": {
            "cash": 2.4,
            "stock": 0
        },
        "2011-03-24": {
            "cash": 1.47,
            "stock": 0
        },
        "2013-03-18": {
            "cash": 2.75,
            "stock": 0
        },
        "2014-08-13": {
            "cash": 3,
            "stock": 0
        },
        "2015-07-24": {
            "cash": 3,
            "stock": 0
        },
        "2016-07-26": {
            "cash": 4,
            "stock": 0
        },
        "2017-08-15": {
            "cash": 4.2,
            "stock": 0
        },
        "2018-08-02": {
            "cash": 3.75,
            "stock": 0
        },
        "2019-08-02": {
            "cash": 2.5,
            "stock": 0
        },
        "2020-08-05": {
            "cash": 3,
            "stock": 0
        },
        "2021-08-13": {
            "cash": 2.6,
            "stock": 0
        },
        "2022-05-05": {
            "cash": 2.4,
            "stock": 0
        },
        "2023-03-09": {
            "cash": 4.5,
            "stock": 0
        },
        "2023-05-17": {
            "cash": 4.5,
            "stock": 0
        }
    },
    "prices": {
        "200101": "15.65",
        "200102": "19.07",
        "200103": "26.56",
        "200104": "28.55",
        "200105": "24.44",
        "200106": "23.56",
        "200107": "17.51",
        "200108": "16.83",
        "200109": "13.12",
        "200110": "12.10",
        "200111": "16.62",
        "200112": "25.02",
        "200201": "28.00",
        "200202": "29.36",
        "200203": "28.57",
        "200204": "32.90",
        "200205": "26.08",
        "200206": "23.26",
        "200207": "22.44",
        "200208": "26.04",
        "200209": "28.90",
        "200210": "28.58",
        "200211": "32.96",
        "200212": "32.36",
        "200301": "31.34",
        "200302": "28.69",
        "200303": "28.28",
        "200304": "30.24",
        "200305": "30.06",
        "200306": "32.16",
        "200307": "34.11",
        "200308": "31.38",
        "200309": "27.43",
        "200310": "26.87",
        "200311": "31.66",
        "200312": "33.82",
        "200401": "34.82",
        "200402": "34.50",
        "200403": "37.22",
        "200404": "39.35",
        "200405": "32.79",
        "200406": "28.39",
        "200407": "25.89",
        "200408": "22.28",
        "200409": "27.60",
        "200410": "26.20",
        "200411": "24.90",
        "200412": "27.00",
        "200501": "27.45",
        "200502": "30.58",
        "200503": "32.71",
        "200504": "32.49",
        "200505": "30.17",
        "200506": "28.52",
        "200507": "30.46",
        "200508": "31.25",
        "200509": "25.87",
        "200510": "24.10",
        "200511": "22.75",
        "200512": "25.38",
        "200601": "24.76",
        "200602": "23.25",
        "200603": "23.37",
        "200604": "25.21",
        "200605": "25.13",
        "200606": "24.20",
        "200607": "24.17",
        "200608": "24.25",
        "200609": "21.88",
        "200610": "22.80",
        "200611": "24.79",
        "200612": "26.55",
        "200701": "29.67",
        "200702": "31.90",
        "200703": "34.06",
        "200704": "37.57",
        "200705": "40.69",
        "200706": "43.54",
        "200707": "46.57",
        "200708": "42.76",
        "200709": "40.82",
        "200710": "38.54",
        "200711": "32.12",
        "200712": "28.59",
        "200801": "26.41",
        "200802": "25.97",
        "200803": "29.53",
        "200804": "31.95",
        "200805": "32.88",
        "200806": "27.34",
        "200807": "21.43",
        "200808": "22.92",
        "200809": "16.72",
        "200810": "13.80",
        "200811": "11.78",
        "200812": "11.38",
        "200901": "12.11",
        "200902": "11.69",
        "200903": "14.18",
        "200904": "16.55",
        "200905": "17.86",
        "200906": "16.98",
        "200907": "16.08",
        "200908": "15.61",
        "200909": "17.21",
        "200910": "19.07",
        "200911": "20.18",
        "200912": "24.07",
        "201001": "25.40",
        "201002": "21.66",
        "201003": "23.10",
        "201004": "23.65",
        "201005": "20.47",
        "201006": "19.96",
        "201007": "21.54",
        "201008": "21.16",
        "201009": "25.80",
        "201010": "29.14",
        "201011": "28.72",
        "201012": "29.92",
        "201101": "29.88",
        "201102": "30.70",
        "201103": "30.65",
        "201104": "34.48",
        "201105": "39.09",
        "201106": "43.90",
        "201107": "40.31",
        "201108": "36.87",
        "201109": "35.85",
        "201110": "31.93",
        "201111": "33.18",
        "201112": "30.44",
        "201201": "32.79",
        "201202": "37.24",
        "201203": "42.67",
        "201204": "43.31",
        "201205": "42.58",
        "201206": "42.40",
        "201207": "44.36",
        "201208": "46.27",
        "201209": "45.73",
        "201210": "42.58",
        "201211": "38.48",
        "201212": "40.12",
        "201301": "42.47",
        "201302": "44.53",
        "201303": "43.47",
        "201304": "41.00",
        "201305": "41.29",
        "201306": "39.53",
        "201307": "39.19",
        "201308": "39.46",
        "201309": "41.92",
        "201310": "41.04",
        "201311": "43.64",
        "201312": "46.54",
        "201401": "56.34",
        "201402": "60.15",
        "201403": "67.88",
        "201404": "63.75",
        "201405": "62.30",
        "201406": "70.50",
        "201407": "72.46",
        "201408": "69.79",
        "201409": "67.89",
        "201410": "64.91",
        "201411": "64.97",
        "201412": "68.11",
        "201501": "69.44",
        "201502": "68.52",
        "201503": "70.11",
        "201504": "67.99",
        "201505": "65.30",
        "201506": "64.69",
        "201507": "65.49",
        "201508": "69.19",
        "201509": "73.64",
        "201510": "78.90",
        "201511": "77.86",
        "201512": "86.27",
        "201601": "81.70",
        "201602": "82.73",
        "201603": "82.99",
        "201604": "77.25",
        "201605": "77.09",
        "201606": "75.33",
        "201607": "68.72",
        "201608": "69.67",
        "201609": "72.82",
        "201610": "72.80",
        "201611": "74.89",
        "201612": "78.89",
        "201701": "79.49",
        "201702": "80.71",
        "201703": "79.75",
        "201704": "76.82",
        "201705": "75.13",
        "201706": "77.65",
        "201707": "79.14",
        "201708": "78.51",
        "201709": "80.55",
        "201710": "84.71",
        "201711": "81.83",
        "201712": "82.64",
        "201801": "84.52",
        "201802": "83.49",
        "201803": "81.19",
        "201804": "81.38",
        "201805": "72.26",
        "201806": "71.48",
        "201807": "67.68",
        "201808": "58.67",
        "201809": "51.04",
        "201810": "47.96",
        "201811": "56.32",
        "201812": "64.02",
        "201901": "64.56",
        "201902": "63.24",
        "201903": "67.58",
        "201904": "68.74",
        "201905": "65.07",
        "201906": "66.94",
        "201907": "69.67",
        "201908": "79.43",
        "201909": "79.33",
        "201910": "81.44",
        "201911": "77.56",
        "201912": "76.10",
        "202001": "75.91",
        "202002": "75.13",
        "202003": "65.27",
        "202004": "69.81",
        "202005": "72.70",
        "202006": "76.23",
        "202007": "81.77",
        "202008": "79.42",
        "202009": "75.15",
        "202010": "74.10",
        "202011": "76.23",
        "202012": "78.72",
        "202101": "75.95",
        "202102": "73.05",
        "202103": "72.30",
        "202104": "75.24",
        "202105": "65.88",
        "202106": "66.36",
        "202107": "67.46",
        "202108": "64.16",
        "202109": "64.66",
        "202110": "62.07",
        "202111": "66.72",
        "202112": "68.62",
        "202201": "72.01",
        "202202": "74.93",
        "202203": "76.10",
        "202204": "80.61",
        "202205": "77.68",
        "202206": "80.31",
        "202207": "84.66",
        "202208": "96.71",
        "202209": "90.08",
        "202210": "79.90",
        "202211": "79.10",
        "202212": "79.91",
        "202301": "78.62",
        "202302": "83.04",
        "202303": "90.27",
        "202304": "87.58",
        "202305": "87.81",
        "202306": "97.36",
        "202307": "113.31",
        "202308": "116.14",
        "202309": "126.30",
        "202310": "117.52",
        "202311": "120.43",
        "202312": "131.19"
    },
    "quarters": {
        "20011": {
            "year_quarter": 20011,
            "year": 2001,
            "quarter": 1,
            "eps": 0.54,
            "eps_growth_year": 260,
            "eps_4q": 1.57,
            "eps_4q_growth_year": 81.9,
            "roe": 4.53,
            "roe_4q": 4.53,
            "gross_profit": 81842,
            "gross_margin": 29.12,
            "gross_margin_4q_avg": 29.12,
            "net_income": 29336,
            "net_income_4q": null,
            "revenue": 281025,
            "revenue_4q": null,
            "common_shares": 558280,
            "book_valuer_per_share": 11.85,
            "book_valuer_per_share_4q_avg": 11.85,
            "equity": 661556,
            "current_ratio": 275.11,
            "debt_ratio": 21.79,
            "inventory_turnover_ratio": 0.82,
            "account_receivable_turnover_ratio": null,
            "reinvestment_rate": null,
            "research_to_sale_ratio": null,
            "price_fair": 0,
            "eps_avg_yearly": 0,
            "eps_latest_yearly": 0,
            "eps_growth_yearly": 0
        },
        "20012": {
            "year_quarter": 20012,
            "year": 2001,
            "quarter": 2,
            "eps": 0.35,
            "eps_growth_year": 29.63,
            "eps_4q": 1.53,
            "eps_4q_growth_year": 72.88,
            "roe": 3.13,
            "roe_4q": 7.66,
            "gross_profit": 64343,
            "gross_margin": 28.1,
            "gross_margin_4q_avg": 28.61,
            "net_income": 21042,
            "net_income_4q": null,
            "revenue": 229015,
            "revenue_4q": null,
            "common_shares": 558280,
            "book_valuer_per_share": 12.21,
            "book_valuer_per_share_4q_avg": 12.03,
            "equity": 681662,
            "current_ratio": 333.63,
            "debt_ratio": 17.51,
            "inventory_turnover_ratio": 0.66,
            "account_receivable_turnover_ratio": null,
            "reinvestment_rate": null,
            "research_to_sale_ratio": null,
            "price_fair": 0,
            "eps_avg_yearly": 0,
            "eps_latest_yearly": 0,
            "eps_growth_yearly": 0
        },
        "20013": {
            "year_quarter": 20013,
            "year": 2001,
            "quarter": 3,
            "eps": 0.2,
            "eps_growth_year": -28.57,
            "eps_4q": 1.45,
            "eps_4q_growth_year": 36.52,
            "roe": 1.76,
            "roe_4q": 9.42,
            "gross_profit": 59522,
            "gross_margin": 30.41,
            "gross_margin_4q_avg": 29.21,
            "net_income": 12128,
            "net_income_4q": null,
            "revenue": 195746,
            "revenue_4q": null,
            "common_shares": 614500,
            "book_valuer_per_share": 11.29,
            "book_valuer_per_share_4q_avg": 11.78,
            "equity": 693789,
            "current_ratio": 395.62,
            "debt_ratio": 16.1,
            "inventory_turnover_ratio": 0.58,
            "account_receivable_turnover_ratio": null,
            "reinvestment_rate": null,
            "research_to_sale_ratio": null,
            "price_fair": 0,
            "eps_avg_yearly": 0,
            "eps_latest_yearly": 0,
            "eps_growth_yearly": 0
        },
        "20014": {
            "year_quarter": 20014,
            "year": 2001,
            "quarter": 4,
            "eps": 0.21,
            "eps_growth_year": -55.32,
            "eps_4q": 1.26,
            "eps_4q_growth_year": 7.72,
            "roe": 1.79,
            "roe_4q": 11.21,
            "gross_profit": 57087,
            "gross_margin": 25.64,
            "gross_margin_4q_avg": 28.32,
            "net_income": 12475,
            "net_income_4q": null,
            "revenue": 222625,
            "revenue_4q": null,
            "common_shares": 614500,
            "book_valuer_per_share": 11.45,
            "book_valuer_per_share_4q_avg": 11.7,
            "equity": 703441,
            "current_ratio": 374.45,
            "debt_ratio": 16.04,
            "inventory_turnover_ratio": 0.77,
            "account_receivable_turnover_ratio": null,
            "reinvestment_rate": null,
            "research_to_sale_ratio": null,
            "price_fair": 0,
            "eps_avg_yearly": 0,
            "eps_latest_yearly": 0,
            "eps_growth_yearly": 0
        },
        "20021": {
            "year_quarter": 20021,
            "year": 2002,
            "quarter": 1,
            "eps": 0.23,
            "eps_growth_year": -57.41,
            "eps_4q": 1,
            "eps_4q_growth_year": -36.69,
            "roe": 1.93,
            "roe_4q": 8.61,
            "gross_profit": 67956,
            "gross_margin": 28.07,
            "gross_margin_4q_avg": 28.06,
            "net_income": 13687,
            "net_income_4q": null,
            "revenue": 242099,
            "revenue_4q": null,
            "common_shares": 614500,
            "book_valuer_per_share": 11.67,
            "book_valuer_per_share_4q_avg": 11.66,
            "equity": 717014,
            "current_ratio": 303.11,
            "debt_ratio": 20.63,
            "inventory_turnover_ratio": 0.78,
            "account_receivable_turnover_ratio": null,
            "reinvestment_rate": null,
            "research_to_sale_ratio": null,
            "price_fair": 32.2,
            "eps_avg_yearly": 0.92,
            "eps_latest_yearly": 0.92,
            "eps_growth_yearly": 38.1
        },
        "20022": {
            "year_quarter": 20022,
            "year": 2002,
            "quarter": 2,
            "eps": 0.56,
            "eps_growth_year": 60,
            "eps_4q": 1.13,
            "eps_4q_growth_year": -25.69,
            "roe": 5.06,
            "roe_4q": 10.54,
            "gross_profit": 94469,
            "gross_margin": 27.47,
            "gross_margin_4q_avg": 27.9,
            "net_income": 37362,
            "net_income_4q": null,
            "revenue": 343927,
            "revenue_4q": null,
            "common_shares": 614500,
            "book_valuer_per_share": 12.34,
            "book_valuer_per_share_4q_avg": 11.69,
            "equity": 758512,
            "current_ratio": 410.28,
            "debt_ratio": 34.74,
            "inventory_turnover_ratio": 0.97,
            "account_receivable_turnover_ratio": null,
            "reinvestment_rate": null,
            "research_to_sale_ratio": null,
            "price_fair": 55.3,
            "eps_avg_yearly": 1.58,
            "eps_latest_yearly": 2.24,
            "eps_growth_yearly": 306
        },
        "20023": {
            "year_quarter": 20023,
            "year": 2002,
            "quarter": 3,
            "eps": 0.61,
            "eps_growth_year": 205,
            "eps_4q": 1.56,
            "eps_4q_growth_year": 7.59,
            "roe": 4.9,
            "roe_4q": 13.68,
            "gross_profit": 89594,
            "gross_margin": 17.51,
            "gross_margin_4q_avg": 24.67,
            "net_income": 40670,
            "net_income_4q": null,
            "revenue": 511656,
            "revenue_4q": null,
            "common_shares": 728537,
            "book_valuer_per_share": 12.36,
            "book_valuer_per_share_4q_avg": 11.96,
            "equity": 900539,
            "current_ratio": 265.03,
            "debt_ratio": 35.6,
            "inventory_turnover_ratio": 1.34,
            "account_receivable_turnover_ratio": null,
            "reinvestment_rate": null,
            "research_to_sale_ratio": null,
            "price_fair": 65.33,
            "eps_avg_yearly": 1.87,
            "eps_latest_yearly": 2.44,
            "eps_growth_yearly": 215.91
        },
        "20024": {
            "year_quarter": 20024,
            "year": 2002,
            "quarter": 4,
            "eps": 0.88,
            "eps_growth_year": 319.05,
            "eps_4q": 2.23,
            "eps_4q_growth_year": 76.51,
            "roe": 6.27,
            "roe_4q": 18.16,
            "gross_profit": 156676,
            "gross_margin": 19.88,
            "gross_margin_4q_avg": 23.23,
            "net_income": 59882,
            "net_income_4q": null,
            "revenue": 788140,
            "revenue_4q": null,
            "common_shares": 750409,
            "book_valuer_per_share": 13.46,
            "book_valuer_per_share_4q_avg": 12.46,
            "equity": 1009755,
            "current_ratio": 245.7,
            "debt_ratio": 33.85,
            "inventory_turnover_ratio": 1.77,
            "account_receivable_turnover_ratio": null,
            "reinvestment_rate": -0.08,
            "research_to_sale_ratio": null,
            "price_fair": 79.8,
            "eps_avg_yearly": 2.28,
            "eps_latest_yearly": 3.52,
            "eps_growth_yearly": 206.19
        },
        "20031": {
            "year_quarter": 20031,
            "year": 2003,
            "quarter": 1,
            "eps": 0.57,
            "eps_growth_year": 147.83,
            "eps_4q": 2.44,
            "eps_4q_growth_year": 144.53,
            "roe": 4.08,
            "roe_4q": 20.31,
            "gross_profit": 154579,
            "gross_margin": 21.85,
            "gross_margin_4q_avg": 21.68,
            "net_income": 42082,
            "net_income_4q": null,
            "revenue": 707307,
            "revenue_4q": null,
            "common_shares": 751739,
            "book_valuer_per_share": 14.03,
            "book_valuer_per_share_4q_avg": 13.05,
            "equity": 1054785,
            "current_ratio": 240.17,
            "debt_ratio": 32.95,
            "inventory_turnover_ratio": 1.41,
            "account_receivable_turnover_ratio": null,
            "reinvestment_rate": 10.96,
            "research_to_sale_ratio": null,
            "price_fair": 79.8,
            "eps_avg_yearly": 2.28,
            "eps_latest_yearly": 2.28,
            "eps_growth_yearly": 136.77
        },
        "20032": {
            "year_quarter": 20032,
            "year": 2003,
            "quarter": 2,
            "eps": 0.95,
            "eps_growth_year": 69.64,
            "eps_4q": 2.87,
            "eps_4q_growth_year": 152.86,
            "roe": 6.6,
            "roe_4q": 21.85,
            "gross_profit": 182772,
            "gross_margin": 17.49,
            "gross_margin_4q_avg": 19.18,
            "net_income": 70676,
            "net_income_4q": null,
            "revenue": 1045051,
            "revenue_4q": null,
            "common_shares": 758587,
            "book_valuer_per_share": 14.33,
            "book_valuer_per_share_4q_avg": 13.55,
            "equity": 1087060,
            "current_ratio": 227.56,
            "debt_ratio": 45.37,
            "inventory_turnover_ratio": 1.95,
            "account_receivable_turnover_ratio": null,
            "reinvestment_rate": 16.43,
            "research_to_sale_ratio": null,
            "price_fair": 88.67,
            "eps_avg_yearly": 2.53,
            "eps_latest_yearly": 3.8,
            "eps_growth_yearly": 158.42
        },
        "20033": {
            "year_quarter": 20033,
            "year": 2003,
            "quarter": 3,
            "eps": 0.6,
            "eps_growth_year": -1.64,
            "eps_4q": 2.69,
            "eps_4q_growth_year": 71.86,
            "roe": 4.39,
            "roe_4q": 21.339999999999996,
            "gross_profit": 138687,
            "gross_margin": 17.14,
            "gross_margin_4q_avg": 19.09,
            "net_income": 49662,
            "net_income_4q": null,
            "revenue": 809055,
            "revenue_4q": null,
            "common_shares": 855112,
            "book_valuer_per_share": 13.76,
            "book_valuer_per_share_4q_avg": 13.9,
            "equity": 1176361,
            "current_ratio": 244.03,
            "debt_ratio": 47.24,
            "inventory_turnover_ratio": 1.71,
            "account_receivable_turnover_ratio": null,
            "reinvestment_rate": 78.98,
            "research_to_sale_ratio": null,
            "price_fair": 88,
            "eps_avg_yearly": 2.51,
            "eps_latest_yearly": 2.4,
            "eps_growth_yearly": 114.74
        },
        "20034": {
            "year_quarter": 20034,
            "year": 2003,
            "quarter": 4,
            "eps": 0.83,
            "eps_growth_year": -5.68,
            "eps_4q": 2.77,
            "eps_4q_growth_year": 24.52,
            "roe": 5.64,
            "roe_4q": 20.71,
            "gross_profit": 211414,
            "gross_margin": 17.09,
            "gross_margin_4q_avg": 18.39,
            "net_income": 69342,
            "net_income_4q": null,
            "revenue": 1237361,
            "revenue_4q": null,
            "common_shares": 866754,
            "book_valuer_per_share": 14.82,
            "book_valuer_per_share_4q_avg": 14.24,
            "equity": 1284412,
            "current_ratio": 181.27,
            "debt_ratio": 54.92,
            "inventory_turnover_ratio": 2.36,
            "account_receivable_turnover_ratio": null,
            "reinvestment_rate": 74.49,
            "research_to_sale_ratio": null,
            "price_fair": 91.53,
            "eps_avg_yearly": 2.62,
            "eps_latest_yearly": 3.32,
            "eps_growth_yearly": 119.56
        },
        "20041": {
            "year_quarter": 20041,
            "year": 2004,
            "quarter": 1,
            "eps": 1.37,
            "eps_growth_year": 140.35,
            "eps_4q": 3.54,
            "eps_4q_growth_year": 45.08,
            "roe": 8.82,
            "roe_4q": 25.450000000000003,
            "gross_profit": 210249,
            "gross_margin": 17.03,
            "gross_margin_4q_avg": 17.19,
            "net_income": 119907,
            "net_income_4q": null,
            "revenue": 1234774,
            "revenue_4q": null,
            "common_shares": 878545,
            "book_valuer_per_share": 16.32,
            "book_valuer_per_share_4q_avg": 14.81,
            "equity": 1433541,
            "current_ratio": 177.82,
            "debt_ratio": 54.59,
            "inventory_turnover_ratio": 2.01,
            "account_receivable_turnover_ratio": null,
            "reinvestment_rate": 62.21,
            "research_to_sale_ratio": null,
            "price_fair": 102.67,
            "eps_avg_yearly": 2.93,
            "eps_latest_yearly": 5.48,
            "eps_growth_yearly": 135.19
        },
        "20042": {
            "year_quarter": 20042,
            "year": 2004,
            "quarter": 2,
            "eps": 0.85,
            "eps_growth_year": -10.53,
            "eps_4q": 3.58,
            "eps_4q_growth_year": 25.01,
            "roe": 5.42,
            "roe_4q": 24.27,
            "gross_profit": 212493,
            "gross_margin": 16.17,
            "gross_margin_4q_avg": 16.86,
            "net_income": 74265,
            "net_income_4q": null,
            "revenue": 1314503,
            "revenue_4q": null,
            "common_shares": 916791,
            "book_valuer_per_share": 14.27,
            "book_valuer_per_share_4q_avg": 14.79,
            "equity": 1308213,
            "current_ratio": 147.35,
            "debt_ratio": 55.7,
            "inventory_turnover_ratio": 2.3,
            "account_receivable_turnover_ratio": null,
            "reinvestment_rate": 57.91,
            "research_to_sale_ratio": null,
            "price_fair": 104.3,
            "eps_avg_yearly": 2.98,
            "eps_latest_yearly": 3.4,
            "eps_growth_yearly": 106.49
        },
        "20043": {
            "year_quarter": 20043,
            "year": 2004,
            "quarter": 3,
            "eps": 0.87,
            "eps_growth_year": 45,
            "eps_4q": 3.57,
            "eps_4q_growth_year": 32.83,
            "roe": 6.24,
            "roe_4q": 26.12,
            "gross_profit": 217172,
            "gross_margin": 18.18,
            "gross_margin_4q_avg": 17.12,
            "net_income": 84985,
            "net_income_4q": null,
            "revenue": 1194390,
            "revenue_4q": null,
            "common_shares": 987392,
            "book_valuer_per_share": 14.36,
            "book_valuer_per_share_4q_avg": 14.94,
            "equity": 1417559,
            "current_ratio": 156.7,
            "debt_ratio": 53.7,
            "inventory_turnover_ratio": 1.77,
            "account_receivable_turnover_ratio": null,
            "reinvestment_rate": 51.69,
            "research_to_sale_ratio": null,
            "price_fair": 105.89,
            "eps_avg_yearly": 3.03,
            "eps_latest_yearly": 3.48,
            "eps_growth_yearly": 97.67
        },
        "20044": {
            "year_quarter": 20044,
            "year": 2004,
            "quarter": 4,
            "eps": 0.73,
            "eps_growth_year": -12.05,
            "eps_4q": 3.51,
            "eps_4q_growth_year": 26.49,
            "roe": 5.09,
            "roe_4q": 25.57,
            "gross_profit": 214713,
            "gross_margin": 16.93,
            "gross_margin_4q_avg": 17.08,
            "net_income": 73333,
            "net_income_4q": null,
            "revenue": 1268030,
            "revenue_4q": null,
            "common_shares": 998887,
            "book_valuer_per_share": 14.67,
            "book_valuer_per_share_4q_avg": 14.91,
            "equity": 1465577,
            "current_ratio": 185.96,
            "debt_ratio": 45.53,
            "inventory_turnover_ratio": 1.79,
            "account_receivable_turnover_ratio": null,
            "reinvestment_rate": 47.42,
            "research_to_sale_ratio": null,
            "price_fair": 105.58,
            "eps_avg_yearly": 3.02,
            "eps_latest_yearly": 2.92,
            "eps_growth_yearly": 84.16
        },
        "20051": {
            "year_quarter": 20051,
            "year": 2005,
            "quarter": 1,
            "eps": 0.76,
            "eps_growth_year": -44.53,
            "eps_4q": 3.14,
            "eps_4q_growth_year": -11.31,
            "roe": 4.95,
            "roe_4q": 21.700000000000003,
            "gross_profit": 198560,
            "gross_margin": 15.77,
            "gross_margin_4q_avg": 16.76,
            "net_income": 74360,
            "net_income_4q": null,
            "revenue": 1258906,
            "revenue_4q": null,
            "common_shares": 1011868,
            "book_valuer_per_share": 15.22,
            "book_valuer_per_share_4q_avg": 14.63,
            "equity": 1539746,
            "current_ratio": 152.13,
            "debt_ratio": 47.54,
            "inventory_turnover_ratio": 1.91,
            "account_receivable_turnover_ratio": null,
            "reinvestment_rate": 45.72,
            "research_to_sale_ratio": null,
            "price_fair": 105.65,
            "eps_avg_yearly": 3.02,
            "eps_latest_yearly": 3.04,
            "eps_growth_yearly": 78.95
        },
        "20052": {
            "year_quarter": 20052,
            "year": 2005,
            "quarter": 2,
            "eps": 0.69,
            "eps_growth_year": -18.82,
            "eps_4q": 3.04,
            "eps_4q_growth_year": -15.25,
            "roe": 4.45,
            "roe_4q": 20.73,
            "gross_profit": 207516,
            "gross_margin": 15.67,
            "gross_margin_4q_avg": 16.64,
            "net_income": 68377,
            "net_income_4q": null,
            "revenue": 1324577,
            "revenue_4q": null,
            "common_shares": 1011868,
            "book_valuer_per_share": 15.14,
            "book_valuer_per_share_4q_avg": 14.85,
            "equity": 1531995,
            "current_ratio": 149.34,
            "debt_ratio": 47.81,
            "inventory_turnover_ratio": 1.9,
            "account_receivable_turnover_ratio": null,
            "reinvestment_rate": 57.17,
            "research_to_sale_ratio": null,
            "price_fair": 105,
            "eps_avg_yearly": 3,
            "eps_latest_yearly": 2.76,
            "eps_growth_yearly": 70.68
        },
        "20053": {
            "year_quarter": 20053,
            "year": 2005,
            "quarter": 3,
            "eps": 0.88,
            "eps_growth_year": 1.15,
            "eps_4q": 2.72,
            "eps_4q_growth_year": -23.87,
            "roe": 6.54,
            "roe_4q": 21.03,
            "gross_profit": 249321,
            "gross_margin": 16.56,
            "gross_margin_4q_avg": 16.23,
            "net_income": 103566,
            "net_income_4q": null,
            "revenue": 1505194,
            "revenue_4q": null,
            "common_shares": 1210923,
            "book_valuer_per_share": 13.52,
            "book_valuer_per_share_4q_avg": 14.64,
            "equity": 1637284,
            "current_ratio": 147.32,
            "debt_ratio": 49.26,
            "inventory_turnover_ratio": 1.85,
            "account_receivable_turnover_ratio": null,
            "reinvestment_rate": 48.95,
            "research_to_sale_ratio": null,
            "price_fair": 106.21,
            "eps_avg_yearly": 3.03,
            "eps_latest_yearly": 3.52,
            "eps_growth_yearly": 73.31
        },
        "20054": {
            "year_quarter": 20054,
            "year": 2005,
            "quarter": 4,
            "eps": 0.67,
            "eps_growth_year": -8.22,
            "eps_4q": 2.74,
            "eps_4q_growth_year": -21.91,
            "roe": 4.73,
            "roe_4q": 20.669999999999998,
            "gross_profit": 218566,
            "gross_margin": 14.08,
            "gross_margin_4q_avg": 15.52,
            "net_income": 79711,
            "net_income_4q": null,
            "revenue": 1552282,
            "revenue_4q": null,
            "common_shares": 1210923,
            "book_valuer_per_share": 14.27,
            "book_valuer_per_share_4q_avg": 14.54,
            "equity": 1732403,
            "current_ratio": 141.8,
            "debt_ratio": 52.01,
            "inventory_turnover_ratio": 1.79,
            "account_receivable_turnover_ratio": null,
            "reinvestment_rate": 97.35,
            "research_to_sale_ratio": null,
            "price_fair": 105.44,
            "eps_avg_yearly": 3.01,
            "eps_latest_yearly": 2.68,
            "eps_growth_yearly": 62.77
        },
        "20061": {
            "year_quarter": 20061,
            "year": 2006,
            "quarter": 1,
            "eps": 0.14,
            "eps_growth_year": -81.58,
            "eps_4q": 2.25,
            "eps_4q_growth_year": -28.35,
            "roe": 0.98,
            "roe_4q": 16.7,
            "gross_profit": 142906,
            "gross_margin": 10.6,
            "gross_margin_4q_avg": 14.23,
            "net_income": 16715,
            "net_income_4q": null,
            "revenue": 1348359,
            "revenue_4q": null,
            "common_shares": 1216369,
            "book_valuer_per_share": 13.87,
            "book_valuer_per_share_4q_avg": 14.2,
            "equity": 1687137,
            "current_ratio": 154.04,
            "debt_ratio": 48.54,
            "inventory_turnover_ratio": 1.6,
            "account_receivable_turnover_ratio": null,
            "reinvestment_rate": 43.72,
            "research_to_sale_ratio": null,
            "price_fair": 104.65,
            "eps_avg_yearly": 2.99,
            "eps_latest_yearly": 0.56,
            "eps_growth_yearly": 40.61
        },
        "20062": {
            "year_quarter": 20062,
            "year": 2006,
            "quarter": 2,
            "eps": 0.86,
            "eps_growth_year": 24.64,
            "eps_4q": 2.57,
            "eps_4q_growth_year": -15.36,
            "roe": 6.06,
            "roe_4q": 18.31,
            "gross_profit": 249663,
            "gross_margin": 10.94,
            "gross_margin_4q_avg": 13.05,
            "net_income": 100503,
            "net_income_4q": null,
            "revenue": 2282075,
            "revenue_4q": null,
            "common_shares": 1216369,
            "book_valuer_per_share": 13.39,
            "book_valuer_per_share_4q_avg": 13.76,
            "equity": 1628798,
            "current_ratio": 120.21,
            "debt_ratio": 62.83,
            "inventory_turnover_ratio": 1.89,
            "account_receivable_turnover_ratio": null,
            "reinvestment_rate": 40.29,
            "research_to_sale_ratio": null,
            "price_fair": 107.28,
            "eps_avg_yearly": 3.07,
            "eps_latest_yearly": 3.44,
            "eps_growth_yearly": 133.31
        },
        "20063": {
            "year_quarter": 20063,
            "year": 2006,
            "quarter": 3,
            "eps": 0.87,
            "eps_growth_year": -1.14,
            "eps_4q": 2.36,
            "eps_4q_growth_year": -13.2,
            "roe": 6.87,
            "roe_4q": 18.64,
            "gross_profit": 244243,
            "gross_margin": 9.08,
            "gross_margin_4q_avg": 11.18,
            "net_income": 115177,
            "net_income_4q": null,
            "revenue": 2688482,
            "revenue_4q": null,
            "common_shares": 1383156,
            "book_valuer_per_share": 12.48,
            "book_valuer_per_share_4q_avg": 13.5,
            "equity": 1726579,
            "current_ratio": 124.24,
            "debt_ratio": 61.25,
            "inventory_turnover_ratio": 1.81,
            "account_receivable_turnover_ratio": null,
            "reinvestment_rate": 36.79,
            "research_to_sale_ratio": null,
            "price_fair": 109.55,
            "eps_avg_yearly": 3.13,
            "eps_latest_yearly": 3.48,
            "eps_growth_yearly": 131.37
        },
        "20064": {
            "year_quarter": 20064,
            "year": 2006,
            "quarter": 4,
            "eps": 0.93,
            "eps_growth_year": 38.81,
            "eps_4q": 2.69,
            "eps_4q_growth_year": -1.82,
            "roe": 6.86,
            "roe_4q": 20.77,
            "gross_profit": 300992,
            "gross_margin": 10.74,
            "gross_margin_4q_avg": 10.34,
            "net_income": 122771,
            "net_income_4q": null,
            "revenue": 2801231,
            "revenue_4q": null,
            "common_shares": 1383562,
            "book_valuer_per_share": 13.36,
            "book_valuer_per_share_4q_avg": 13.28,
            "equity": 1852188,
            "current_ratio": 125.29,
            "debt_ratio": 63.02,
            "inventory_turnover_ratio": 1.99,
            "account_receivable_turnover_ratio": null,
            "reinvestment_rate": 77.47,
            "research_to_sale_ratio": null,
            "price_fair": 109.99,
            "eps_avg_yearly": 3.14,
            "eps_latest_yearly": 3.72,
            "eps_growth_yearly": 122.03
        },
        "20071": {
            "year_quarter": 20071,
            "year": 2007,
            "quarter": 1,
            "eps": 0.85,
            "eps_growth_year": 507.14,
            "eps_4q": 3.45,
            "eps_4q_growth_year": 53.61,
            "roe": 5.77,
            "roe_4q": 25.56,
            "gross_profit": 257872,
            "gross_margin": 10.63,
            "gross_margin_4q_avg": 10.35,
            "net_income": 110524,
            "net_income_4q": null,
            "revenue": 2425374,
            "revenue_4q": null,
            "common_shares": 1383562,
            "book_valuer_per_share": 14.29,
            "book_valuer_per_share_4q_avg": 13.38,
            "equity": 1977076,
            "current_ratio": 134.12,
            "debt_ratio": 55.93,
            "inventory_turnover_ratio": 2.07,
            "account_receivable_turnover_ratio": null,
            "reinvestment_rate": 20.57,
            "research_to_sale_ratio": null,
            "price_fair": 112.44,
            "eps_avg_yearly": 3.21,
            "eps_latest_yearly": 3.4,
            "eps_growth_yearly": 128.68
        },
        "20072": {
            "year_quarter": 20072,
            "year": 2007,
            "quarter": 2,
            "eps": 1.19,
            "eps_growth_year": 38.37,
            "eps_4q": 3.88,
            "eps_4q_growth_year": 51,
            "roe": 7.77,
            "roe_4q": 27.27,
            "gross_profit": 356651,
            "gross_margin": 13.07,
            "gross_margin_4q_avg": 10.88,
            "net_income": 153998,
            "net_income_4q": null,
            "revenue": 2729020,
            "revenue_4q": null,
            "common_shares": 1383562,
            "book_valuer_per_share": 14.36,
            "book_valuer_per_share_4q_avg": 13.62,
            "equity": 1986393,
            "current_ratio": 137.47,
            "debt_ratio": 54.17,
            "inventory_turnover_ratio": 2.93,
            "account_receivable_turnover_ratio": null,
            "reinvestment_rate": 10.92,
            "research_to_sale_ratio": null,
            "price_fair": 114.54,
            "eps_avg_yearly": 3.27,
            "eps_latest_yearly": 4.76,
            "eps_growth_yearly": 122.02
        },
        "20073": {
            "year_quarter": 20073,
            "year": 2007,
            "quarter": 3,
            "eps": 0.91,
            "eps_growth_year": 4.6,
            "eps_4q": 3.55,
            "eps_4q_growth_year": 50.66,
            "roe": 6.48,
            "roe_4q": 26.88,
            "gross_profit": 346623,
            "gross_margin": 13.89,
            "gross_margin_4q_avg": 12.08,
            "net_income": 133405,
            "net_income_4q": null,
            "revenue": 2495956,
            "revenue_4q": null,
            "common_shares": 1554387,
            "book_valuer_per_share": 13.73,
            "book_valuer_per_share_4q_avg": 13.94,
            "equity": 2133506,
            "current_ratio": 137.68,
            "debt_ratio": 57.42,
            "inventory_turnover_ratio": 2.97,
            "account_receivable_turnover_ratio": null,
            "reinvestment_rate": 0.13,
            "research_to_sale_ratio": null,
            "price_fair": 117.25,
            "eps_avg_yearly": 3.35,
            "eps_latest_yearly": 3.64,
            "eps_growth_yearly": 125.34
        },
        "20074": {
            "year_quarter": 20074,
            "year": 2007,
            "quarter": 4,
            "eps": 0.96,
            "eps_growth_year": 3.23,
            "eps_4q": 3.66,
            "eps_4q_growth_year": 36.04,
            "roe": 6.27,
            "roe_4q": 26.29,
            "gross_profit": 281959,
            "gross_margin": 11.19,
            "gross_margin_4q_avg": 12.2,
            "net_income": 141481,
            "net_income_4q": null,
            "revenue": 2520424,
            "revenue_4q": null,
            "common_shares": 1562817,
            "book_valuer_per_share": 15.22,
            "book_valuer_per_share_4q_avg": 14.4,
            "equity": 2381431,
            "current_ratio": 148.2,
            "debt_ratio": 54.47,
            "inventory_turnover_ratio": 2.94,
            "account_receivable_turnover_ratio": null,
            "reinvestment_rate": 47.91,
            "research_to_sale_ratio": null,
            "price_fair": 118.39,
            "eps_avg_yearly": 3.38,
            "eps_latest_yearly": 3.84,
            "eps_growth_yearly": 117.14
        },
        "20081": {
            "year_quarter": 20081,
            "year": 2008,
            "quarter": 1,
            "eps": 0.63,
            "eps_growth_year": -25.88,
            "eps_4q": 3.32,
            "eps_4q_growth_year": -3.78,
            "roe": 4.06,
            "roe_4q": 24.58,
            "gross_profit": 339362,
            "gross_margin": 15.4,
            "gross_margin_4q_avg": 13.39,
            "net_income": 100323,
            "net_income_4q": null,
            "revenue": 2204094,
            "revenue_4q": null,
            "common_shares": 1573787,
            "book_valuer_per_share": 16.26,
            "book_valuer_per_share_4q_avg": 14.89,
            "equity": 2558508,
            "current_ratio": 157.57,
            "debt_ratio": 51.82,
            "inventory_turnover_ratio": 2.17,
            "account_receivable_turnover_ratio": null,
            "reinvestment_rate": 46.39,
            "research_to_sale_ratio": null,
            "price_fair": 111.91,
            "eps_avg_yearly": 3.2,
            "eps_latest_yearly": 2.52,
            "eps_growth_yearly": 92.28
        },
        "20082": {
            "year_quarter": 20082,
            "year": 2008,
            "quarter": 2,
            "eps": 0.65,
            "eps_growth_year": -45.38,
            "eps_4q": 2.96,
            "eps_4q_growth_year": -23.84,
            "roe": 4.3,
            "roe_4q": 21.11,
            "gross_profit": 365427,
            "gross_margin": 15.9,
            "gross_margin_4q_avg": 14.1,
            "net_income": 105669,
            "net_income_4q": null,
            "revenue": 2298202,
            "revenue_4q": null,
            "common_shares": 1573787,
            "book_valuer_per_share": 15,
            "book_valuer_per_share_4q_avg": 15.05,
            "equity": 2360557,
            "current_ratio": 136.07,
            "debt_ratio": 57.94,
            "inventory_turnover_ratio": 2.24,
            "account_receivable_turnover_ratio": null,
            "reinvestment_rate": 45.78,
            "research_to_sale_ratio": null,
            "price_fair": 110.16,
            "eps_avg_yearly": 3.15,
            "eps_latest_yearly": 2.6,
            "eps_growth_yearly": 102.56
        },
        "20083": {
            "year_quarter": 20083,
            "year": 2008,
            "quarter": 3,
            "eps": 0.26,
            "eps_growth_year": -71.43,
            "eps_4q": 2.21,
            "eps_4q_growth_year": -37.76,
            "roe": 1.92,
            "roe_4q": 16.549999999999997,
            "gross_profit": 274103,
            "gross_margin": 14.05,
            "gross_margin_4q_avg": 14.14,
            "net_income": 46296,
            "net_income_4q": null,
            "revenue": 1951185,
            "revenue_4q": null,
            "common_shares": 1706138,
            "book_valuer_per_share": 14.43,
            "book_valuer_per_share_4q_avg": 15.23,
            "equity": 2461126,
            "current_ratio": 133.67,
            "debt_ratio": 57.4,
            "inventory_turnover_ratio": 1.81,
            "account_receivable_turnover_ratio": null,
            "reinvestment_rate": 53.93,
            "research_to_sale_ratio": null,
            "price_fair": 104.83,
            "eps_avg_yearly": 3,
            "eps_latest_yearly": 1.04,
            "eps_growth_yearly": 86.97
        },
        "20084": {
            "year_quarter": 20084,
            "year": 2008,
            "quarter": 4,
            "eps": 0.44,
            "eps_growth_year": -54.17,
            "eps_4q": 1.88,
            "eps_4q_growth_year": -48.58,
            "roe": 3.1,
            "roe_4q": 13.379999999999999,
            "gross_profit": 359502,
            "gross_margin": 17.27,
            "gross_margin_4q_avg": 15.66,
            "net_income": 76951,
            "net_income_4q": null,
            "revenue": 2081096,
            "revenue_4q": null,
            "common_shares": 1707233,
            "book_valuer_per_share": 14.68,
            "book_valuer_per_share_4q_avg": 15.09,
            "equity": 2505368,
            "current_ratio": 138.38,
            "debt_ratio": 54.79,
            "inventory_turnover_ratio": 1.88,
            "account_receivable_turnover_ratio": 3.16,
            "reinvestment_rate": 55.04,
            "research_to_sale_ratio": null,
            "price_fair": 102.29,
            "eps_avg_yearly": 2.92,
            "eps_latest_yearly": 1.76,
            "eps_growth_yearly": 108.3
        },
        "20091": {
            "year_quarter": 20091,
            "year": 2009,
            "quarter": 1,
            "eps": 0.13,
            "eps_growth_year": -79.37,
            "eps_4q": 1.56,
            "eps_4q_growth_year": -52.94,
            "roe": 0.82,
            "roe_4q": 10.14,
            "gross_profit": 263716,
            "gross_margin": 16.62,
            "gross_margin_4q_avg": 15.96,
            "net_income": 20758,
            "net_income_4q": null,
            "revenue": 1586462,
            "revenue_4q": null,
            "common_shares": 1708270,
            "book_valuer_per_share": 15,
            "book_valuer_per_share_4q_avg": 14.78,
            "equity": 2561764,
            "current_ratio": 146.49,
            "debt_ratio": 50.86,
            "inventory_turnover_ratio": 1.61,
            "account_receivable_turnover_ratio": 1.33,
            "reinvestment_rate": 58.42,
            "research_to_sale_ratio": null,
            "price_fair": 96.78,
            "eps_avg_yearly": 2.77,
            "eps_latest_yearly": 0.52,
            "eps_growth_yearly": 89.66
        },
        "20092": {
            "year_quarter": 20092,
            "year": 2009,
            "quarter": 2,
            "eps": 0.15,
            "eps_growth_year": -76.92,
            "eps_4q": 1.01,
            "eps_4q_growth_year": -65.93,
            "roe": 1.04,
            "roe_4q": 6.88,
            "gross_profit": 248623,
            "gross_margin": 16.33,
            "gross_margin_4q_avg": 16.07,
            "net_income": 25189,
            "net_income_4q": null,
            "revenue": 1522444,
            "revenue_4q": null,
            "common_shares": 1709450,
            "book_valuer_per_share": 13.47,
            "book_valuer_per_share_4q_avg": 14.4,
            "equity": 2302557,
            "current_ratio": 143.02,
            "debt_ratio": 52.02,
            "inventory_turnover_ratio": 1.7,
            "account_receivable_turnover_ratio": 1.49,
            "reinvestment_rate": 56.38,
            "research_to_sale_ratio": null,
            "price_fair": 92.05,
            "eps_avg_yearly": 2.63,
            "eps_latest_yearly": 0.6,
            "eps_growth_yearly": 95.81
        },
        "20093": {
            "year_quarter": 20093,
            "year": 2009,
            "quarter": 3,
            "eps": 0.46,
            "eps_growth_year": 76.92,
            "eps_4q": 1.2,
            "eps_4q_growth_year": -45.66,
            "roe": 3.27,
            "roe_4q": 8.23,
            "gross_profit": 316028,
            "gross_margin": 17.37,
            "gross_margin_4q_avg": 16.9,
            "net_income": 76252,
            "net_income_4q": null,
            "revenue": 1818972,
            "revenue_4q": null,
            "common_shares": 1709450,
            "book_valuer_per_share": 13.8,
            "book_valuer_per_share_4q_avg": 14.24,
            "equity": 2358624,
            "current_ratio": 142.37,
            "debt_ratio": 53.9,
            "inventory_turnover_ratio": 1.79,
            "account_receivable_turnover_ratio": 1.79,
            "reinvestment_rate": 56.39,
            "research_to_sale_ratio": null,
            "price_fair": 88.38,
            "eps_avg_yearly": 2.53,
            "eps_latest_yearly": 1.84,
            "eps_growth_yearly": 140.59
        },
        "20094": {
            "year_quarter": 20094,
            "year": 2009,
            "quarter": 4,
            "eps": 0.5,
            "eps_growth_year": 13.64,
            "eps_4q": 1.24,
            "eps_4q_growth_year": -34.2,
            "roe": 3.47,
            "roe_4q": 8.6,
            "gross_profit": 363104,
            "gross_margin": 16.8,
            "gross_margin_4q_avg": 16.78,
            "net_income": 83284,
            "net_income_4q": null,
            "revenue": 2160925,
            "revenue_4q": null,
            "common_shares": 1709450,
            "book_valuer_per_share": 14.68,
            "book_valuer_per_share_4q_avg": 14.24,
            "equity": 2435829,
            "current_ratio": 133.61,
            "debt_ratio": 58.14,
            "inventory_turnover_ratio": 1.98,
            "account_receivable_turnover_ratio": 4.15,
            "reinvestment_rate": 27.53,
            "research_to_sale_ratio": null,
            "price_fair": 86.89,
            "eps_avg_yearly": 2.48,
            "eps_latest_yearly": 2,
            "eps_growth_yearly": 148.73
        },
        "20101": {
            "year_quarter": 20101,
            "year": 2010,
            "quarter": 1,
            "eps": 0.38,
            "eps_growth_year": 192.31,
            "eps_4q": 1.49,
            "eps_4q_growth_year": -4.73,
            "roe": 2.56,
            "roe_4q": 10.34,
            "gross_profit": 303435,
            "gross_margin": 17.31,
            "gross_margin_4q_avg": 16.95,
            "net_income": 63132,
            "net_income_4q": null,
            "revenue": 1752494,
            "revenue_4q": null,
            "common_shares": 1713850,
            "book_valuer_per_share": 15,
            "book_valuer_per_share_4q_avg": 14.24,
            "equity": 2496410,
            "current_ratio": 125.54,
            "debt_ratio": 59.39,
            "inventory_turnover_ratio": 1.4,
            "account_receivable_turnover_ratio": 1.65,
            "reinvestment_rate": 82.77,
            "research_to_sale_ratio": 5.91,
            "price_fair": 88.99,
            "eps_avg_yearly": 2.54,
            "eps_latest_yearly": 1.52,
            "eps_growth_yearly": 162.51
        },
        "20102": {
            "year_quarter": 20102,
            "year": 2010,
            "quarter": 2,
            "eps": 0.51,
            "eps_growth_year": 236.92,
            "eps_4q": 1.84,
            "eps_4q_growth_year": 82.99,
            "roe": 3.41,
            "roe_4q": 12.71,
            "gross_profit": 330765,
            "gross_margin": 16.35,
            "gross_margin_4q_avg": 16.96,
            "net_income": 84088,
            "net_income_4q": null,
            "revenue": 2022717,
            "revenue_4q": null,
            "common_shares": 1713850,
            "book_valuer_per_share": 14.67,
            "book_valuer_per_share_4q_avg": 14.54,
            "equity": 2440100,
            "current_ratio": 115.27,
            "debt_ratio": 64.52,
            "inventory_turnover_ratio": 1.28,
            "account_receivable_turnover_ratio": 1.9,
            "reinvestment_rate": 92.63,
            "research_to_sale_ratio": 5.02,
            "price_fair": 85.93,
            "eps_avg_yearly": 2.46,
            "eps_latest_yearly": 2.04,
            "eps_growth_yearly": 42.49
        },
        "20103": {
            "year_quarter": 20103,
            "year": 2010,
            "quarter": 3,
            "eps": 0.52,
            "eps_growth_year": 12.54,
            "eps_4q": 1.9,
            "eps_4q_growth_year": 58.31,
            "roe": 3.48,
            "roe_4q": 12.920000000000002,
            "gross_profit": 365115,
            "gross_margin": 17.94,
            "gross_margin_4q_avg": 17.1,
            "net_income": 86201,
            "net_income_4q": null,
            "revenue": 2035360,
            "revenue_4q": null,
            "common_shares": 1715150,
            "book_valuer_per_share": 15.1,
            "book_valuer_per_share_4q_avg": 14.86,
            "equity": 2513669,
            "current_ratio": 128.73,
            "debt_ratio": 64.36,
            "inventory_turnover_ratio": 1.28,
            "account_receivable_turnover_ratio": 1.85,
            "reinvestment_rate": 113.26,
            "research_to_sale_ratio": 5.3,
            "price_fair": 82.86,
            "eps_avg_yearly": 2.37,
            "eps_latest_yearly": 2.08,
            "eps_growth_yearly": 42.69
        },
        "20104": {
            "year_quarter": 20104,
            "year": 2010,
            "quarter": 4,
            "eps": 0.47,
            "eps_growth_year": -5.81,
            "eps_4q": 1.83,
            "eps_4q_growth_year": 47.59,
            "roe": 3.17,
            "roe_4q": 12.620000000000001,
            "gross_profit": 447536,
            "gross_margin": 15.82,
            "gross_margin_4q_avg": 16.86,
            "net_income": 81027,
            "net_income_4q": null,
            "revenue": 2829216,
            "revenue_4q": null,
            "common_shares": 1747405,
            "book_valuer_per_share": 15.21,
            "book_valuer_per_share_4q_avg": 15,
            "equity": 2597180,
            "current_ratio": 122.45,
            "debt_ratio": 67.45,
            "inventory_turnover_ratio": 1.86,
            "account_receivable_turnover_ratio": 1.92,
            "reinvestment_rate": 172.84,
            "research_to_sale_ratio": 5,
            "price_fair": 78.84,
            "eps_avg_yearly": 2.25,
            "eps_latest_yearly": 1.88,
            "eps_growth_yearly": 38.56
        },
        "20111": {
            "year_quarter": 20111,
            "year": 2011,
            "quarter": 1,
            "eps": 0.83,
            "eps_growth_year": 118.42,
            "eps_4q": 2.27,
            "eps_4q_growth_year": 52.08,
            "roe": 5.32,
            "roe_4q": 15.38,
            "gross_profit": 492517,
            "gross_margin": 18.15,
            "gross_margin_4q_avg": 17.07,
            "net_income": 143554,
            "net_income_4q": null,
            "revenue": 2713476,
            "revenue_4q": null,
            "common_shares": 1783303,
            "book_valuer_per_share": 16.05,
            "book_valuer_per_share_4q_avg": 15.26,
            "equity": 2796784,
            "current_ratio": 124.61,
            "debt_ratio": 66.69,
            "inventory_turnover_ratio": 1.51,
            "account_receivable_turnover_ratio": 1.58,
            "reinvestment_rate": 115.86,
            "research_to_sale_ratio": 4.85,
            "price_fair": 78.66,
            "eps_avg_yearly": 2.25,
            "eps_latest_yearly": 3.32,
            "eps_growth_yearly": 59.86
        },
        "20112": {
            "year_quarter": 20112,
            "year": 2011,
            "quarter": 2,
            "eps": 0.87,
            "eps_growth_year": 71.36,
            "eps_4q": 2.63,
            "eps_4q_growth_year": 42.83,
            "roe": 5.54,
            "roe_4q": 17.509999999999998,
            "gross_profit": 483968,
            "gross_margin": 15.1,
            "gross_margin_4q_avg": 16.75,
            "net_income": 152292,
            "net_income_4q": null,
            "revenue": 3205929,
            "revenue_4q": null,
            "common_shares": 1784390,
            "book_valuer_per_share": 15.49,
            "book_valuer_per_share_4q_avg": 15.46,
            "equity": 2701624,
            "current_ratio": 116.2,
            "debt_ratio": 71.68,
            "inventory_turnover_ratio": 1.72,
            "account_receivable_turnover_ratio": 1.74,
            "reinvestment_rate": 126.9,
            "research_to_sale_ratio": 3.96,
            "price_fair": 75.86,
            "eps_avg_yearly": 2.17,
            "eps_latest_yearly": 3.48,
            "eps_growth_yearly": 51.06
        },
        "20113": {
            "year_quarter": 20113,
            "year": 2011,
            "quarter": 3,
            "eps": 0.75,
            "eps_growth_year": 45.56,
            "eps_4q": 2.82,
            "eps_4q_growth_year": 48.13,
            "roe": 4.74,
            "roe_4q": 18.770000000000003,
            "gross_profit": 458313,
            "gross_margin": 13.36,
            "gross_margin_4q_avg": 15.61,
            "net_income": 137609,
            "net_income_4q": null,
            "revenue": 3429263,
            "revenue_4q": null,
            "common_shares": 1824615,
            "book_valuer_per_share": 17.02,
            "book_valuer_per_share_4q_avg": 15.94,
            "equity": 3107281,
            "current_ratio": 117.57,
            "debt_ratio": 73.65,
            "inventory_turnover_ratio": 1.63,
            "account_receivable_turnover_ratio": 1.44,
            "reinvestment_rate": 124.2,
            "research_to_sale_ratio": 4.5,
            "price_fair": 74.46,
            "eps_avg_yearly": 2.13,
            "eps_latest_yearly": 3,
            "eps_growth_yearly": 53.5
        },
        "20114": {
            "year_quarter": 20114,
            "year": 2011,
            "quarter": 4,
            "eps": 0.82,
            "eps_growth_year": 73.77,
            "eps_4q": 3.19,
            "eps_4q_growth_year": 74.53,
            "roe": 4.69,
            "roe_4q": 20.29,
            "gross_profit": 544712,
            "gross_margin": 13.99,
            "gross_margin_4q_avg": 15.15,
            "net_income": 149586,
            "net_income_4q": null,
            "revenue": 3892839,
            "revenue_4q": null,
            "common_shares": 1826337,
            "book_valuer_per_share": 17.92,
            "book_valuer_per_share_4q_avg": 16.62,
            "equity": 3272609,
            "current_ratio": 115.55,
            "debt_ratio": 72.79,
            "inventory_turnover_ratio": 1.67,
            "account_receivable_turnover_ratio": 1.41,
            "reinvestment_rate": 91.02,
            "research_to_sale_ratio": 3.91,
            "price_fair": 73.24,
            "eps_avg_yearly": 2.09,
            "eps_latest_yearly": 3.28,
            "eps_growth_yearly": 54.46
        },
        "20121": {
            "year_quarter": 20121,
            "year": 2012,
            "quarter": 1,
            "eps": 0.86,
            "eps_growth_year": 3.61,
            "eps_4q": 3.09,
            "eps_4q_growth_year": 36.26,
            "roe": 4.66,
            "roe_4q": 19.630000000000003,
            "gross_profit": 643893,
            "gross_margin": 15.54,
            "gross_margin_4q_avg": 14.5,
            "net_income": 160193,
            "net_income_4q": null,
            "revenue": 4144209,
            "revenue_4q": null,
            "common_shares": 1874738,
            "book_valuer_per_share": 18.56,
            "book_valuer_per_share_4q_avg": 17.25,
            "equity": 3604931,
            "current_ratio": 117.23,
            "debt_ratio": 71.53,
            "inventory_turnover_ratio": 1.56,
            "account_receivable_turnover_ratio": 1.6,
            "reinvestment_rate": 99.61,
            "research_to_sale_ratio": 4.34,
            "price_fair": 75.25,
            "eps_avg_yearly": 2.15,
            "eps_latest_yearly": 3.44,
            "eps_growth_yearly": 64.27
        },
        "20122": {
            "year_quarter": 20122,
            "year": 2012,
            "quarter": 2,
            "eps": 1.19,
            "eps_growth_year": 37.52,
            "eps_4q": 3.48,
            "eps_4q_growth_year": 32.19,
            "roe": 6.61,
            "roe_4q": 20.700000000000003,
            "gross_profit": 855177,
            "gross_margin": 16.08,
            "gross_margin_4q_avg": 14.74,
            "net_income": 232679,
            "net_income_4q": null,
            "revenue": 5316736,
            "revenue_4q": null,
            "common_shares": 1949356,
            "book_valuer_per_share": 17.57,
            "book_valuer_per_share_4q_avg": 17.77,
            "equity": 3432187,
            "current_ratio": 110.94,
            "debt_ratio": 74.54,
            "inventory_turnover_ratio": 1.69,
            "account_receivable_turnover_ratio": 2.27,
            "reinvestment_rate": 96.99,
            "research_to_sale_ratio": 4.03,
            "price_fair": 79.98,
            "eps_avg_yearly": 2.29,
            "eps_latest_yearly": 4.76,
            "eps_growth_yearly": 73.07
        },
        "20123": {
            "year_quarter": 20123,
            "year": 2012,
            "quarter": 3,
            "eps": 1.24,
            "eps_growth_year": 64.1,
            "eps_4q": 4.01,
            "eps_4q_growth_year": 42.43,
            "roe": 6.77,
            "roe_4q": 22.73,
            "gross_profit": 819793,
            "gross_margin": 14.8,
            "gross_margin_4q_avg": 15.1,
            "net_income": 241637,
            "net_income_4q": null,
            "revenue": 5537479,
            "revenue_4q": null,
            "common_shares": 1953706,
            "book_valuer_per_share": 18.94,
            "book_valuer_per_share_4q_avg": 18.25,
            "equity": 3704242,
            "current_ratio": 120.83,
            "debt_ratio": 71.16,
            "inventory_turnover_ratio": 1.93,
            "account_receivable_turnover_ratio": 2.29,
            "reinvestment_rate": 93.84,
            "research_to_sale_ratio": 3.85,
            "price_fair": 88.55,
            "eps_avg_yearly": 2.53,
            "eps_latest_yearly": 4.96,
            "eps_growth_yearly": 89.12
        },
        "20124": {
            "year_quarter": 20124,
            "year": 2012,
            "quarter": 4,
            "eps": 0.61,
            "eps_growth_year": -25.47,
            "eps_4q": 3.83,
            "eps_4q_growth_year": 19.96,
            "roe": 3.19,
            "roe_4q": 21.23,
            "gross_profit": 666874,
            "gross_margin": 15.62,
            "gross_margin_4q_avg": 15.51,
            "net_income": 120327,
            "net_income_4q": null,
            "revenue": 4269547,
            "revenue_4q": null,
            "common_shares": 1956095,
            "book_valuer_per_share": 19.69,
            "book_valuer_per_share_4q_avg": 18.69,
            "equity": 3850662,
            "current_ratio": 125.46,
            "debt_ratio": 70.16,
            "inventory_turnover_ratio": 1.63,
            "account_receivable_turnover_ratio": 1.94,
            "reinvestment_rate": 89.89,
            "research_to_sale_ratio": 4.72,
            "price_fair": 90.04,
            "eps_avg_yearly": 2.57,
            "eps_latest_yearly": 2.44,
            "eps_growth_yearly": 59.11
        },
        "20131": {
            "year_quarter": 20131,
            "year": 2013,
            "quarter": 1,
            "eps": 0.6,
            "eps_growth_year": -30.23,
            "eps_4q": 3.58,
            "eps_4q_growth_year": 16.02,
            "roe": 2.97,
            "roe_4q": 19.54,
            "gross_profit": 576119,
            "gross_margin": 14.02,
            "gross_margin_4q_avg": 15.13,
            "net_income": 118222,
            "net_income_4q": null,
            "revenue": 4107920,
            "revenue_4q": null,
            "common_shares": 1978734,
            "book_valuer_per_share": 20.61,
            "book_valuer_per_share_4q_avg": 19.2,
            "equity": 4101957,
            "current_ratio": 124.5,
            "debt_ratio": 67.36,
            "inventory_turnover_ratio": 1.47,
            "account_receivable_turnover_ratio": 2.25,
            "reinvestment_rate": 96.68,
            "research_to_sale_ratio": 5.21,
            "price_fair": 94.15,
            "eps_avg_yearly": 2.69,
            "eps_latest_yearly": 2.4,
            "eps_growth_yearly": 76.32
        },
        "20132": {
            "year_quarter": 20132,
            "year": 2013,
            "quarter": 2,
            "eps": 1.39,
            "eps_growth_year": 16.71,
            "eps_4q": 3.79,
            "eps_4q_growth_year": 9.02,
            "roe": 6.92,
            "roe_4q": 19.85,
            "gross_profit": 802399,
            "gross_margin": 15.75,
            "gross_margin_4q_avg": 15.05,
            "net_income": 276278,
            "net_income_4q": null,
            "revenue": 5093177,
            "revenue_4q": null,
            "common_shares": 1993428,
            "book_valuer_per_share": 19.48,
            "book_valuer_per_share_4q_avg": 19.68,
            "equity": 3882459,
            "current_ratio": 116.93,
            "debt_ratio": 71.91,
            "inventory_turnover_ratio": 1.73,
            "account_receivable_turnover_ratio": 2.39,
            "reinvestment_rate": 89.04,
            "research_to_sale_ratio": 4.77,
            "price_fair": 105,
            "eps_avg_yearly": 3,
            "eps_latest_yearly": 5.56,
            "eps_growth_yearly": 105.39
        },
        "20133": {
            "year_quarter": 20133,
            "year": 2013,
            "quarter": 3,
            "eps": 1.15,
            "eps_growth_year": -7,
            "eps_4q": 3.63,
            "eps_4q_growth_year": -9.64,
            "roe": 5.62,
            "roe_4q": 18.7,
            "gross_profit": 830603,
            "gross_margin": 16.37,
            "gross_margin_4q_avg": 15.44,
            "net_income": 228202,
            "net_income_4q": null,
            "revenue": 5073154,
            "revenue_4q": null,
            "common_shares": 2040438,
            "book_valuer_per_share": 20.71,
            "book_valuer_per_share_4q_avg": 20.12,
            "equity": 4245296,
            "current_ratio": 124.91,
            "debt_ratio": 67.02,
            "inventory_turnover_ratio": 1.75,
            "account_receivable_turnover_ratio": 2.11,
            "reinvestment_rate": 82.29,
            "research_to_sale_ratio": 4.83,
            "price_fair": 111.04,
            "eps_avg_yearly": 3.17,
            "eps_latest_yearly": 4.6,
            "eps_growth_yearly": 49.4
        },
        "20134": {
            "year_quarter": 20134,
            "year": 2013,
            "quarter": 4,
            "eps": 1.05,
            "eps_growth_year": 72.61,
            "eps_4q": 4,
            "eps_4q_growth_year": 4.63,
            "roe": 4.95,
            "roe_4q": 20.46,
            "gross_profit": 860919,
            "gross_margin": 17.93,
            "gross_margin_4q_avg": 16.02,
            "net_income": 222225,
            "net_income_4q": null,
            "revenue": 4802377,
            "revenue_4q": null,
            "common_shares": 2052448,
            "book_valuer_per_share": 22.4,
            "book_valuer_per_share_4q_avg": 20.8,
            "equity": 4727695,
            "current_ratio": 120.09,
            "debt_ratio": 64.7,
            "inventory_turnover_ratio": 1.56,
            "account_receivable_turnover_ratio": 1.95,
            "reinvestment_rate": 72.17,
            "research_to_sale_ratio": 5.58,
            "price_fair": 115.85,
            "eps_avg_yearly": 3.31,
            "eps_latest_yearly": 4.2,
            "eps_growth_yearly": 45.06
        },
        "20141": {
            "year_quarter": 20141,
            "year": 2014,
            "quarter": 1,
            "eps": 0.84,
            "eps_growth_year": 40,
            "eps_4q": 4.03,
            "eps_4q_growth_year": 12.66,
            "roe": 3.61,
            "roe_4q": 21.1,
            "gross_profit": 790406,
            "gross_margin": 16.92,
            "gross_margin_4q_avg": 16.74,
            "net_income": 183791,
            "net_income_4q": null,
            "revenue": 4670763,
            "revenue_4q": null,
            "common_shares": 2176536,
            "book_valuer_per_share": 24.22,
            "book_valuer_per_share_4q_avg": 21.7,
            "equity": 5465058,
            "current_ratio": 123.83,
            "debt_ratio": 62.01,
            "inventory_turnover_ratio": 1.35,
            "account_receivable_turnover_ratio": 1.62,
            "reinvestment_rate": 58.96,
            "research_to_sale_ratio": 5.3,
            "price_fair": 119.88,
            "eps_avg_yearly": 3.43,
            "eps_latest_yearly": 3.36,
            "eps_growth_yearly": 46.06
        },
        "20142": {
            "year_quarter": 20142,
            "year": 2014,
            "quarter": 2,
            "eps": 1.22,
            "eps_growth_year": -12.23,
            "eps_4q": 4.01,
            "eps_4q_growth_year": 5.63,
            "roe": 5.13,
            "roe_4q": 19.310000000000002,
            "gross_profit": 988631,
            "gross_margin": 16.42,
            "gross_margin_4q_avg": 16.91,
            "net_income": 271657,
            "net_income_4q": null,
            "revenue": 6020927,
            "revenue_4q": null,
            "common_shares": 2258047,
            "book_valuer_per_share": 22.67,
            "book_valuer_per_share_4q_avg": 22.5,
            "equity": 5123046,
            "current_ratio": 115.74,
            "debt_ratio": 68.06,
            "inventory_turnover_ratio": 1.57,
            "account_receivable_turnover_ratio": 1.82,
            "reinvestment_rate": 50.05,
            "research_to_sale_ratio": 4.81,
            "price_fair": 126.09,
            "eps_avg_yearly": 3.6,
            "eps_latest_yearly": 4.88,
            "eps_growth_yearly": 48.81
        },
        "20143": {
            "year_quarter": 20143,
            "year": 2014,
            "quarter": 3,
            "eps": 1.07,
            "eps_growth_year": -6.96,
            "eps_4q": 4.02,
            "eps_4q_growth_year": 10.98,
            "roe": 4.45,
            "roe_4q": 18.14,
            "gross_profit": 924801,
            "gross_margin": 15.04,
            "gross_margin_4q_avg": 16.58,
            "net_income": 239226,
            "net_income_4q": null,
            "revenue": 6147207,
            "revenue_4q": null,
            "common_shares": 2260434,
            "book_valuer_per_share": 24.68,
            "book_valuer_per_share_4q_avg": 23.49,
            "equity": 5622853,
            "current_ratio": 118.29,
            "debt_ratio": 65.76,
            "inventory_turnover_ratio": 1.59,
            "account_receivable_turnover_ratio": 1.68,
            "reinvestment_rate": 39.14,
            "research_to_sale_ratio": 4.42,
            "price_fair": 130.9,
            "eps_avg_yearly": 3.74,
            "eps_latest_yearly": 4.28,
            "eps_growth_yearly": 45.25
        },
        "20144": {
            "year_quarter": 20144,
            "year": 2014,
            "quarter": 4,
            "eps": 1.11,
            "eps_growth_year": 5.17,
            "eps_4q": 4.13,
            "eps_4q_growth_year": 3.12,
            "roe": 4.36,
            "roe_4q": 17.55,
            "gross_profit": 951149,
            "gross_margin": 14.97,
            "gross_margin_4q_avg": 15.84,
            "net_income": 254385,
            "net_income_4q": null,
            "revenue": 6353792,
            "revenue_4q": null,
            "common_shares": 2292181,
            "book_valuer_per_share": 26.32,
            "book_valuer_per_share_4q_avg": 24.47,
            "equity": 6058947,
            "current_ratio": 119.4,
            "debt_ratio": 66.32,
            "inventory_turnover_ratio": 1.56,
            "account_receivable_turnover_ratio": 1.54,
            "reinvestment_rate": -5.01,
            "research_to_sale_ratio": 5.01,
            "price_fair": 136.5,
            "eps_avg_yearly": 3.9,
            "eps_latest_yearly": 4.44,
            "eps_growth_yearly": 48.59
        },
        "20151": {
            "year_quarter": 20151,
            "year": 2015,
            "quarter": 1,
            "eps": 0.73,
            "eps_growth_year": -13.1,
            "eps_4q": 4.04,
            "eps_4q_growth_year": 0.14,
            "roe": 2.66,
            "roe_4q": 16.6,
            "gross_profit": 863936,
            "gross_margin": 13.61,
            "gross_margin_4q_avg": 15.01,
            "net_income": 166699,
            "net_income_4q": null,
            "revenue": 6347384,
            "revenue_4q": null,
            "common_shares": 2301397,
            "book_valuer_per_share": 27.96,
            "book_valuer_per_share_4q_avg": 25.41,
            "equity": 6463951,
            "current_ratio": 121.58,
            "debt_ratio": 66.62,
            "inventory_turnover_ratio": 1.41,
            "account_receivable_turnover_ratio": 1.34,
            "reinvestment_rate": 38.46,
            "research_to_sale_ratio": 4.73,
            "price_fair": 119.66,
            "eps_avg_yearly": 3.88,
            "eps_latest_yearly": 2.92,
            "eps_growth_yearly": 20.88
        },
        "20152": {
            "year_quarter": 20152,
            "year": 2015,
            "quarter": 2,
            "eps": 1.43,
            "eps_growth_year": 17.21,
            "eps_4q": 4.29,
            "eps_4q_growth_year": 6.97,
            "roe": 5.32,
            "roe_4q": 16.79,
            "gross_profit": 1132469,
            "gross_margin": 13.23,
            "gross_margin_4q_avg": 14.21,
            "net_income": 328224,
            "net_income_4q": null,
            "revenue": 8561902,
            "revenue_4q": null,
            "common_shares": 2309987,
            "book_valuer_per_share": 25.39,
            "book_valuer_per_share_4q_avg": 26.09,
            "equity": 5872135,
            "current_ratio": 111.77,
            "debt_ratio": 73.7,
            "inventory_turnover_ratio": 1.59,
            "account_receivable_turnover_ratio": 1.45,
            "reinvestment_rate": 40.1,
            "research_to_sale_ratio": 4,
            "price_fair": 140.53,
            "eps_avg_yearly": 4.02,
            "eps_latest_yearly": 5.72,
            "eps_growth_yearly": 43.65
        },
        "20153": {
            "year_quarter": 20153,
            "year": 2015,
            "quarter": 3,
            "eps": 1.89,
            "eps_growth_year": 76.64,
            "eps_4q": 4.95,
            "eps_4q_growth_year": 23.12,
            "roe": 7,
            "roe_4q": 19.34,
            "gross_profit": 1553194,
            "gross_margin": 14.91,
            "gross_margin_4q_avg": 14.18,
            "net_income": 439897,
            "net_income_4q": null,
            "revenue": 10415166,
            "revenue_4q": null,
            "common_shares": 2408640,
            "book_valuer_per_share": 27.8,
            "book_valuer_per_share_4q_avg": 26.87,
            "equity": 6699351,
            "current_ratio": 115.4,
            "debt_ratio": 71.7,
            "inventory_turnover_ratio": 1.65,
            "account_receivable_turnover_ratio": 1.52,
            "reinvestment_rate": 35.7,
            "research_to_sale_ratio": 3.95,
            "price_fair": 150.5,
            "eps_avg_yearly": 4.3,
            "eps_latest_yearly": 7.56,
            "eps_growth_yearly": 55.14
        },
        "20154": {
            "year_quarter": 20154,
            "year": 2015,
            "quarter": 4,
            "eps": 1.51,
            "eps_growth_year": 36.77,
            "eps_4q": 5.4,
            "eps_4q_growth_year": 30.93,
            "roe": 5.31,
            "roe_4q": 20.29,
            "gross_profit": 1434370,
            "gross_margin": 14.81,
            "gross_margin_4q_avg": 14.14,
            "net_income": 362180,
            "net_income_4q": null,
            "revenue": 9687514,
            "revenue_4q": null,
            "common_shares": 2411278,
            "book_valuer_per_share": 28.75,
            "book_valuer_per_share_4q_avg": 27.48,
            "equity": 6937635,
            "current_ratio": 117.62,
            "debt_ratio": 69.2,
            "inventory_turnover_ratio": 1.51,
            "account_receivable_turnover_ratio": 1.44,
            "reinvestment_rate": 23.33,
            "research_to_sale_ratio": 4.61,
            "price_fair": 156.54,
            "eps_avg_yearly": 4.47,
            "eps_latest_yearly": 6.04,
            "eps_growth_yearly": 47.78
        },
        "20161": {
            "year_quarter": 20161,
            "year": 2016,
            "quarter": 1,
            "eps": 1.17,
            "eps_growth_year": 60.27,
            "eps_4q": 5.84,
            "eps_4q_growth_year": 44.56,
            "roe": 4.08,
            "roe_4q": 21.71,
            "gross_profit": 1236621,
            "gross_margin": 14.04,
            "gross_margin_4q_avg": 14.25,
            "net_income": 287269,
            "net_income_4q": null,
            "revenue": 8809588,
            "revenue_4q": null,
            "common_shares": 2411278,
            "book_valuer_per_share": 29.34,
            "book_valuer_per_share_4q_avg": 27.82,
            "equity": 7131821,
            "current_ratio": 120.09,
            "debt_ratio": 67.51,
            "inventory_turnover_ratio": 1.46,
            "account_receivable_turnover_ratio": 1.54,
            "reinvestment_rate": 19.71,
            "research_to_sale_ratio": 4.56,
            "price_fair": 159.25,
            "eps_avg_yearly": 4.55,
            "eps_latest_yearly": 4.68,
            "eps_growth_yearly": 40.93
        },
        "20162": {
            "year_quarter": 20162,
            "year": 2016,
            "quarter": 2,
            "eps": 1.43,
            "eps_growth_year": 0,
            "eps_4q": 5.91,
            "eps_4q_growth_year": 37.83,
            "roe": 5.03,
            "roe_4q": 21.419999999999998,
            "gross_profit": 1281891,
            "gross_margin": 13.83,
            "gross_margin_4q_avg": 14.4,
            "net_income": 344228,
            "net_income_4q": null,
            "revenue": 9267943,
            "revenue_4q": null,
            "common_shares": 2429198,
            "book_valuer_per_share": 27.03,
            "book_valuer_per_share_4q_avg": 28.23,
            "equity": 6567535,
            "current_ratio": 115.6,
            "debt_ratio": 70.46,
            "inventory_turnover_ratio": 1.65,
            "account_receivable_turnover_ratio": 1.68,
            "reinvestment_rate": 15.17,
            "research_to_sale_ratio": 4.37,
            "price_fair": 161.35,
            "eps_avg_yearly": 4.61,
            "eps_latest_yearly": 5.72,
            "eps_growth_yearly": 36.89
        },
        "20163": {
            "year_quarter": 20163,
            "year": 2016,
            "quarter": 3,
            "eps": 1.72,
            "eps_growth_year": -8.99,
            "eps_4q": 5.82,
            "eps_4q_growth_year": 17.39,
            "roe": 6.24,
            "roe_4q": 20.66,
            "gross_profit": 1449830,
            "gross_margin": 15.29,
            "gross_margin_4q_avg": 14.49,
            "net_income": 416305,
            "net_income_4q": null,
            "revenue": 9485003,
            "revenue_4q": null,
            "common_shares": 2429198,
            "book_valuer_per_share": 27.9,
            "book_valuer_per_share_4q_avg": 28.26,
            "equity": 6775986,
            "current_ratio": 117.95,
            "debt_ratio": 69.05,
            "inventory_turnover_ratio": 1.69,
            "account_receivable_turnover_ratio": 1.53,
            "reinvestment_rate": 6.96,
            "research_to_sale_ratio": 4.9,
            "price_fair": 165.55,
            "eps_avg_yearly": 4.73,
            "eps_latest_yearly": 6.88,
            "eps_growth_yearly": 40.91
        },
        "20164": {
            "year_quarter": 20164,
            "year": 2016,
            "quarter": 4,
            "eps": 1.71,
            "eps_growth_year": 12.66,
            "eps_4q": 6.02,
            "eps_4q_growth_year": 11.33,
            "roe": 5.77,
            "roe_4q": 21.119999999999997,
            "gross_profit": 1400386,
            "gross_margin": 15.32,
            "gross_margin_4q_avg": 14.62,
            "net_income": 407493,
            "net_income_4q": null,
            "revenue": 9139200,
            "revenue_4q": null,
            "common_shares": 2429198,
            "book_valuer_per_share": 30.29,
            "book_valuer_per_share_4q_avg": 28.64,
            "equity": 7357068,
            "current_ratio": 120.63,
            "debt_ratio": 69.06,
            "inventory_turnover_ratio": 1.49,
            "account_receivable_turnover_ratio": 1.37,
            "reinvestment_rate": 6.91,
            "research_to_sale_ratio": 4.74,
            "price_fair": 175.18,
            "eps_avg_yearly": 5.01,
            "eps_latest_yearly": 6.84,
            "eps_growth_yearly": 53.47
        },
        "20171": {
            "year_quarter": 20171,
            "year": 2017,
            "quarter": 1,
            "eps": 0.94,
            "eps_growth_year": -19.66,
            "eps_4q": 5.8,
            "eps_4q_growth_year": -0.75,
            "roe": 3.14,
            "roe_4q": 20.18,
            "gross_profit": 1088931,
            "gross_margin": 13.08,
            "gross_margin_4q_avg": 14.38,
            "net_income": 229676,
            "net_income_4q": null,
            "revenue": 8328114,
            "revenue_4q": null,
            "common_shares": 2429198,
            "book_valuer_per_share": 29.86,
            "book_valuer_per_share_4q_avg": 28.77,
            "equity": 7252165,
            "current_ratio": 121.48,
            "debt_ratio": 67.58,
            "inventory_turnover_ratio": 1.27,
            "account_receivable_turnover_ratio": 1.28,
            "reinvestment_rate": 0.78,
            "research_to_sale_ratio": 4.52,
            "price_fair": 178.15,
            "eps_avg_yearly": 5.09,
            "eps_latest_yearly": 3.76,
            "eps_growth_yearly": 42.62
        },
        "20172": {
            "year_quarter": 20172,
            "year": 2017,
            "quarter": 2,
            "eps": 1.31,
            "eps_growth_year": -8.39,
            "eps_4q": 5.68,
            "eps_4q_growth_year": -3.86,
            "roe": 4.35,
            "roe_4q": 19.5,
            "gross_profit": 1203069,
            "gross_margin": 12.94,
            "gross_margin_4q_avg": 14.16,
            "net_income": 295027,
            "net_income_4q": null,
            "revenue": 9299174,
            "revenue_4q": null,
            "common_shares": 2429198,
            "book_valuer_per_share": 26.13,
            "book_valuer_per_share_4q_avg": 28.55,
            "equity": 6324202,
            "current_ratio": 113.92,
            "debt_ratio": 72.34,
            "inventory_turnover_ratio": 1.39,
            "account_receivable_turnover_ratio": 1.59,
            "reinvestment_rate": 0.58,
            "research_to_sale_ratio": 4.12,
            "price_fair": 149.79,
            "eps_avg_yearly": 5.07,
            "eps_latest_yearly": 5.24,
            "eps_growth_yearly": 19.54
        },
        "20173": {
            "year_quarter": 20173,
            "year": 2017,
            "quarter": 3,
            "eps": 1.6,
            "eps_growth_year": -6.98,
            "eps_4q": 5.5,
            "eps_4q_growth_year": -5.48,
            "roe": 5.89,
            "roe_4q": 19.15,
            "gross_profit": 1373520,
            "gross_margin": 13.05,
            "gross_margin_4q_avg": 13.6,
            "net_income": 386940,
            "net_income_4q": null,
            "revenue": 10523806,
            "revenue_4q": null,
            "common_shares": 2429198,
            "book_valuer_per_share": 27.83,
            "book_valuer_per_share_4q_avg": 28.53,
            "equity": 6810961,
            "current_ratio": 115.81,
            "debt_ratio": 71.93,
            "inventory_turnover_ratio": 1.56,
            "account_receivable_turnover_ratio": 1.61,
            "reinvestment_rate": 1.95,
            "research_to_sale_ratio": 4.2,
            "price_fair": 181.39,
            "eps_avg_yearly": 5.18,
            "eps_latest_yearly": 6.4,
            "eps_growth_yearly": 29.39
        },
        "20174": {
            "year_quarter": 20174,
            "year": 2017,
            "quarter": 4,
            "eps": 1.53,
            "eps_growth_year": -10.29,
            "eps_4q": 5.34,
            "eps_4q_growth_year": -11.25,
            "roe": 5.36,
            "roe_4q": 18.74,
            "gross_profit": 1362323,
            "gross_margin": 13.04,
            "gross_margin_4q_avg": 13.03,
            "net_income": 376515,
            "net_income_4q": null,
            "revenue": 10448909,
            "revenue_4q": null,
            "common_shares": 2456538,
            "book_valuer_per_share": 29.52,
            "book_valuer_per_share_4q_avg": 28.34,
            "equity": 7226296,
            "current_ratio": 118.22,
            "debt_ratio": 70.82,
            "inventory_turnover_ratio": 1.51,
            "account_receivable_turnover_ratio": 1.44,
            "reinvestment_rate": 1.3,
            "research_to_sale_ratio": 4.25,
            "price_fair": 185.59,
            "eps_avg_yearly": 5.3,
            "eps_latest_yearly": 6.12,
            "eps_growth_yearly": 30.47
        },
        "20181": {
            "year_quarter": 20181,
            "year": 2018,
            "quarter": 1,
            "eps": 0.76,
            "eps_growth_year": -19.15,
            "eps_4q": 5.16,
            "eps_4q_growth_year": -10.92,
            "roe": 2.5,
            "roe_4q": 18.1,
            "gross_profit": 1032641,
            "gross_margin": 12.97,
            "gross_margin_4q_avg": 13,
            "net_income": 183319,
            "net_income_4q": null,
            "revenue": 7963266,
            "revenue_4q": null,
            "common_shares": 2456538,
            "book_valuer_per_share": 30.4,
            "book_valuer_per_share_4q_avg": 28.47,
            "equity": 7440735,
            "current_ratio": 121.97,
            "debt_ratio": 67.06,
            "inventory_turnover_ratio": 1.16,
            "account_receivable_turnover_ratio": 1.23,
            "reinvestment_rate": 0.97,
            "research_to_sale_ratio": 5.2,
            "price_fair": 173.76,
            "eps_avg_yearly": 5.28,
            "eps_latest_yearly": 3.04,
            "eps_growth_yearly": 22.89
        },
        "20182": {
            "year_quarter": 20182,
            "year": 2018,
            "quarter": 2,
            "eps": 0.56,
            "eps_growth_year": -57.25,
            "eps_4q": 4.43,
            "eps_4q_growth_year": -22.05,
            "roe": 2.48,
            "roe_4q": 16.23,
            "gross_profit": 949728,
            "gross_margin": 13.01,
            "gross_margin_4q_avg": 13.02,
            "net_income": 177651,
            "net_income_4q": null,
            "revenue": 7299918,
            "revenue_4q": null,
            "common_shares": 2456538,
            "book_valuer_per_share": 28.01,
            "book_valuer_per_share_4q_avg": 28.94,
            "equity": 6893216,
            "current_ratio": 116.25,
            "debt_ratio": 71.41,
            "inventory_turnover_ratio": 1.09,
            "account_receivable_turnover_ratio": 1.12,
            "reinvestment_rate": 0.85,
            "research_to_sale_ratio": 5.69,
            "price_fair": 76.79,
            "eps_avg_yearly": 5.12,
            "eps_latest_yearly": 2.24,
            "eps_growth_yearly": 5
        },
        "20183": {
            "year_quarter": 20183,
            "year": 2018,
            "quarter": 3,
            "eps": 0.75,
            "eps_growth_year": -53.12,
            "eps_4q": 3.67,
            "eps_4q_growth_year": -33.26,
            "roe": 2.73,
            "roe_4q": 13.07,
            "gross_profit": 1152111,
            "gross_margin": 13.52,
            "gross_margin_4q_avg": 13.14,
            "net_income": 185267,
            "net_income_4q": null,
            "revenue": 8519282,
            "revenue_4q": null,
            "common_shares": 2456538,
            "book_valuer_per_share": 27.68,
            "book_valuer_per_share_4q_avg": 28.9,
            "equity": 6662950,
            "current_ratio": 114.94,
            "debt_ratio": 71.24,
            "inventory_turnover_ratio": 1.28,
            "account_receivable_turnover_ratio": 1.29,
            "reinvestment_rate": 0.21,
            "research_to_sale_ratio": 5.31,
            "price_fair": 133.8,
            "eps_avg_yearly": 5.04,
            "eps_latest_yearly": 3,
            "eps_growth_yearly": 16.56
        },
        "20184": {
            "year_quarter": 20184,
            "year": 2018,
            "quarter": 4,
            "eps": 1.24,
            "eps_growth_year": -18.84,
            "eps_4q": 3.34,
            "eps_4q_growth_year": -37.43,
            "roe": 4.42,
            "roe_4q": 12.13,
            "gross_profit": 1343172,
            "gross_margin": 13.99,
            "gross_margin_4q_avg": 13.37,
            "net_income": 302068,
            "net_income_4q": null,
            "revenue": 9602475,
            "revenue_4q": null,
            "common_shares": 2456538,
            "book_valuer_per_share": 29,
            "book_valuer_per_share_4q_avg": 28.77,
            "equity": 7009776,
            "current_ratio": 117.63,
            "debt_ratio": 70,
            "inventory_turnover_ratio": 1.53,
            "account_receivable_turnover_ratio": 1.55,
            "reinvestment_rate": -1.62,
            "research_to_sale_ratio": 4.88,
            "price_fair": 177.45,
            "eps_avg_yearly": 5.07,
            "eps_latest_yearly": 4.96,
            "eps_growth_yearly": 31.96
        },
        "20191": {
            "year_quarter": 20191,
            "year": 2019,
            "quarter": 1,
            "eps": 0.86,
            "eps_growth_year": 13.16,
            "eps_4q": 3.4,
            "eps_4q_growth_year": -34.19,
            "roe": 2.92,
            "roe_4q": 12.55,
            "gross_profit": 1159719,
            "gross_margin": 17.9,
            "gross_margin_4q_avg": 14.61,
            "net_income": 212372,
            "net_income_4q": null,
            "revenue": 6479720,
            "revenue_4q": null,
            "common_shares": 2456538,
            "book_valuer_per_share": 30.73,
            "book_valuer_per_share_4q_avg": 28.86,
            "equity": 7534501,
            "current_ratio": 122.29,
            "debt_ratio": 66.75,
            "inventory_turnover_ratio": 1.03,
            "account_receivable_turnover_ratio": 1.11,
            "reinvestment_rate": -4.64,
            "research_to_sale_ratio": 6.92,
            "price_fair": 178.59,
            "eps_avg_yearly": 5.1,
            "eps_latest_yearly": 3.44,
            "eps_growth_yearly": 32.86
        },
        "20192": {
            "year_quarter": 20192,
            "year": 2019,
            "quarter": 2,
            "eps": 0.73,
            "eps_growth_year": 30.36,
            "eps_4q": 3.57,
            "eps_4q_growth_year": -19.36,
            "roe": 2.46,
            "roe_4q": 12.530000000000001,
            "gross_profit": 1177602,
            "gross_margin": 17.58,
            "gross_margin_4q_avg": 15.75,
            "net_income": 178729,
            "net_income_4q": null,
            "revenue": 6699105,
            "revenue_4q": null,
            "common_shares": 2456538,
            "book_valuer_per_share": 28.5,
            "book_valuer_per_share_4q_avg": 28.98,
            "equity": 6988738,
            "current_ratio": 118.11,
            "debt_ratio": 69.7,
            "inventory_turnover_ratio": 1,
            "account_receivable_turnover_ratio": 1.24,
            "reinvestment_rate": -9.74,
            "research_to_sale_ratio": 6.9,
            "price_fair": 74.43,
            "eps_avg_yearly": 4.93,
            "eps_latest_yearly": 2.92,
            "eps_growth_yearly": 5.1
        },
        "20193": {
            "year_quarter": 20193,
            "year": 2019,
            "quarter": 3,
            "eps": 1.18,
            "eps_growth_year": 57.33,
            "eps_4q": 3.94,
            "eps_4q_growth_year": 7.4,
            "roe": 4.06,
            "roe_4q": 13.86,
            "gross_profit": 1330423,
            "gross_margin": 14.69,
            "gross_margin_4q_avg": 16.04,
            "net_income": 291076,
            "net_income_4q": null,
            "revenue": 9059604,
            "revenue_4q": null,
            "common_shares": 2456538,
            "book_valuer_per_share": 29.48,
            "book_valuer_per_share_4q_avg": 29.43,
            "equity": 7343157,
            "current_ratio": 136.03,
            "debt_ratio": 71.23,
            "inventory_turnover_ratio": 1.28,
            "account_receivable_turnover_ratio": 1.48,
            "reinvestment_rate": -12.39,
            "research_to_sale_ratio": 5.84,
            "price_fair": 106.75,
            "eps_avg_yearly": 4.75,
            "eps_latest_yearly": 4.72,
            "eps_growth_yearly": 12.47
        },
        "20194": {
            "year_quarter": 20194,
            "year": 2019,
            "quarter": 4,
            "eps": 1.41,
            "eps_growth_year": 13.71,
            "eps_4q": 4.15,
            "eps_4q_growth_year": 24.13,
            "roe": 4.69,
            "roe_4q": 14.13,
            "gross_profit": 1411294,
            "gross_margin": 14.76,
            "gross_margin_4q_avg": 16.23,
            "net_income": 352390,
            "net_income_4q": null,
            "revenue": 9558701,
            "revenue_4q": null,
            "common_shares": 2490548,
            "book_valuer_per_share": 30.82,
            "book_valuer_per_share_4q_avg": 29.88,
            "equity": 7675999,
            "current_ratio": 136.84,
            "debt_ratio": 70.68,
            "inventory_turnover_ratio": 1.33,
            "account_receivable_turnover_ratio": 1.54,
            "reinvestment_rate": -10.25,
            "research_to_sale_ratio": 5.82,
            "price_fair": 152.96,
            "eps_avg_yearly": 4.73,
            "eps_latest_yearly": 5.64,
            "eps_growth_yearly": 22.37
        },
        "20201": {
            "year_quarter": 20201,
            "year": 2020,
            "quarter": 1,
            "eps": 0.35,
            "eps_growth_year": -59.3,
            "eps_4q": 3.66,
            "eps_4q_growth_year": 7.72,
            "roe": 1.15,
            "roe_4q": 12.36,
            "gross_profit": 975022,
            "gross_margin": 14.33,
            "gross_margin_4q_avg": 15.34,
            "net_income": 87669,
            "net_income_4q": null,
            "revenue": 6801987,
            "revenue_4q": null,
            "common_shares": 2490548,
            "book_valuer_per_share": 30.42,
            "book_valuer_per_share_4q_avg": 29.81,
            "equity": 7550130,
            "current_ratio": 138.42,
            "debt_ratio": 69.23,
            "inventory_turnover_ratio": 0.96,
            "account_receivable_turnover_ratio": 1.28,
            "reinvestment_rate": -7.35,
            "research_to_sale_ratio": 6.4,
            "price_fair": 86.82,
            "eps_avg_yearly": 4.52,
            "eps_latest_yearly": 1.4,
            "eps_growth_yearly": 9.21
        },
        "20202": {
            "year_quarter": 20202,
            "year": 2020,
            "quarter": 2,
            "eps": 0.97,
            "eps_growth_year": 32.88,
            "eps_4q": 3.92,
            "eps_4q_growth_year": 9.87,
            "roe": 3.36,
            "roe_4q": 13.259999999999998,
            "gross_profit": 1372615,
            "gross_margin": 14.83,
            "gross_margin_4q_avg": 14.65,
            "net_income": 242183,
            "net_income_4q": null,
            "revenue": 9253667,
            "revenue_4q": null,
            "common_shares": 2490548,
            "book_valuer_per_share": 27.8,
            "book_valuer_per_share_4q_avg": 29.63,
            "equity": 6871068,
            "current_ratio": 125.95,
            "debt_ratio": 73.62,
            "inventory_turnover_ratio": 1.24,
            "account_receivable_turnover_ratio": 1.62,
            "reinvestment_rate": -3.16,
            "research_to_sale_ratio": 5.54,
            "price_fair": 154.18,
            "eps_avg_yearly": 4.41,
            "eps_latest_yearly": 3.88,
            "eps_growth_yearly": 47.94
        },
        "20203": {
            "year_quarter": 20203,
            "year": 2020,
            "quarter": 3,
            "eps": 1.13,
            "eps_growth_year": -4.24,
            "eps_4q": 3.83,
            "eps_4q_growth_year": -2.83,
            "roe": 3.94,
            "roe_4q": 13.14,
            "gross_profit": 1508067,
            "gross_margin": 15.94,
            "gross_margin_4q_avg": 14.97,
            "net_income": 280160,
            "net_income_4q": null,
            "revenue": 9462059,
            "revenue_4q": null,
            "common_shares": 2490548,
            "book_valuer_per_share": 29.39,
            "book_valuer_per_share_4q_avg": 29.61,
            "equity": 7355509,
            "current_ratio": 133.15,
            "debt_ratio": 73.62,
            "inventory_turnover_ratio": 1.19,
            "account_receivable_turnover_ratio": 1.43,
            "reinvestment_rate": 1.45,
            "research_to_sale_ratio": 5.82,
            "price_fair": 149.01,
            "eps_avg_yearly": 4.26,
            "eps_latest_yearly": 4.52,
            "eps_growth_yearly": 46.99
        },
        "20204": {
            "year_quarter": 20204,
            "year": 2020,
            "quarter": 4,
            "eps": 1.21,
            "eps_growth_year": -14.66,
            "eps_4q": 3.63,
            "eps_4q_growth_year": -12.53,
            "roe": 3.86,
            "roe_4q": 12.31,
            "gross_profit": 1582917,
            "gross_margin": 14.96,
            "gross_margin_4q_avg": 15.02,
            "net_income": 290614,
            "net_income_4q": null,
            "revenue": 10578568,
            "revenue_4q": null,
            "common_shares": 2517748,
            "book_valuer_per_share": 30.89,
            "book_valuer_per_share_4q_avg": 29.63,
            "equity": 7720079,
            "current_ratio": 129.74,
            "debt_ratio": 74.75,
            "inventory_turnover_ratio": 1.14,
            "account_receivable_turnover_ratio": 1.69,
            "reinvestment_rate": 19.25,
            "research_to_sale_ratio": 5.42,
            "price_fair": 144.64,
            "eps_avg_yearly": 4.13,
            "eps_latest_yearly": 4.84,
            "eps_growth_yearly": 48.91
        },
        "20211": {
            "year_quarter": 20211,
            "year": 2021,
            "quarter": 1,
            "eps": 0.56,
            "eps_growth_year": 60,
            "eps_4q": 3.84,
            "eps_4q_growth_year": 4.87,
            "roe": 1.78,
            "roe_4q": 12.94,
            "gross_profit": 1275244,
            "gross_margin": 13.29,
            "gross_margin_4q_avg": 14.76,
            "net_income": 140301,
            "net_income_4q": null,
            "revenue": 9597871,
            "revenue_4q": null,
            "common_shares": 2517748,
            "book_valuer_per_share": 32.17,
            "book_valuer_per_share_4q_avg": 30.06,
            "equity": 8041411,
            "current_ratio": 131.42,
            "debt_ratio": 74,
            "inventory_turnover_ratio": 0.88,
            "account_receivable_turnover_ratio": 1.6,
            "reinvestment_rate": 24.33,
            "research_to_sale_ratio": 5.77,
            "price_fair": 141.31,
            "eps_avg_yearly": 4.04,
            "eps_latest_yearly": 2.24,
            "eps_growth_yearly": 46.73
        },
        "20212": {
            "year_quarter": 20212,
            "year": 2021,
            "quarter": 2,
            "eps": 0.66,
            "eps_growth_year": -31.96,
            "eps_4q": 3.54,
            "eps_4q_growth_year": -9.91,
            "roe": 2.06,
            "roe_4q": 11.639999999999999,
            "gross_profit": 1294287,
            "gross_margin": 12.94,
            "gross_margin_4q_avg": 14.28,
            "net_income": 166330,
            "net_income_4q": null,
            "revenue": 10004162,
            "revenue_4q": null,
            "common_shares": 2517748,
            "book_valuer_per_share": 32.57,
            "book_valuer_per_share_4q_avg": 31.26,
            "equity": 8142316,
            "current_ratio": 130.52,
            "debt_ratio": 74.66,
            "inventory_turnover_ratio": 0.79,
            "account_receivable_turnover_ratio": 1.69,
            "reinvestment_rate": 25.02,
            "research_to_sale_ratio": 5.38,
            "price_fair": 135.63,
            "eps_avg_yearly": 3.88,
            "eps_latest_yearly": 2.64,
            "eps_growth_yearly": 41.36
        },
        "20213": {
            "year_quarter": 20213,
            "year": 2021,
            "quarter": 3,
            "eps": 0.73,
            "eps_growth_year": -35.4,
            "eps_4q": 3.15,
            "eps_4q_growth_year": -17.82,
            "roe": 2.3,
            "roe_4q": 10,
            "gross_profit": 1456601,
            "gross_margin": 13.12,
            "gross_margin_4q_avg": 13.58,
            "net_income": 183162,
            "net_income_4q": null,
            "revenue": 11099810,
            "revenue_4q": null,
            "common_shares": 2517748,
            "book_valuer_per_share": 30.93,
            "book_valuer_per_share_4q_avg": 31.64,
            "equity": 7753815,
            "current_ratio": 124.86,
            "debt_ratio": 77.87,
            "inventory_turnover_ratio": 0.72,
            "account_receivable_turnover_ratio": 1.95,
            "reinvestment_rate": 26,
            "research_to_sale_ratio": 5.51,
            "price_fair": 128.01,
            "eps_avg_yearly": 3.66,
            "eps_latest_yearly": 2.92,
            "eps_growth_yearly": 38.48
        },
        "20214": {
            "year_quarter": 20214,
            "year": 2021,
            "quarter": 4,
            "eps": 1.48,
            "eps_growth_year": 22.81,
            "eps_4q": 3.41,
            "eps_4q_growth_year": -5.94,
            "roe": 4.65,
            "roe_4q": 10.79,
            "gross_profit": 1642113,
            "gross_margin": 12.44,
            "gross_margin_4q_avg": 12.95,
            "net_income": 371996,
            "net_income_4q": null,
            "revenue": 13197665,
            "revenue_4q": null,
            "common_shares": 2523898,
            "book_valuer_per_share": 32.68,
            "book_valuer_per_share_4q_avg": 32.09,
            "equity": 8243537,
            "current_ratio": 134.64,
            "debt_ratio": 76.03,
            "inventory_turnover_ratio": 0.79,
            "account_receivable_turnover_ratio": 2.19,
            "reinvestment_rate": 28.62,
            "research_to_sale_ratio": 4.55,
            "price_fair": 127.58,
            "eps_avg_yearly": 3.65,
            "eps_latest_yearly": 5.92,
            "eps_growth_yearly": 65.25
        },
        "20221": {
            "year_quarter": 20221,
            "year": 2022,
            "quarter": 1,
            "eps": 1.29,
            "eps_growth_year": 130.36,
            "eps_4q": 4.15,
            "eps_4q_growth_year": 8.18,
            "roe": 3.78,
            "roe_4q": 12.790000000000001,
            "gross_profit": 1641846,
            "gross_margin": 12.95,
            "gross_margin_4q_avg": 12.86,
            "net_income": 323450,
            "net_income_4q": null,
            "revenue": 12674419,
            "revenue_4q": null,
            "common_shares": 2523898,
            "book_valuer_per_share": 35.21,
            "book_valuer_per_share_4q_avg": 32.85,
            "equity": 8880100,
            "current_ratio": 134.02,
            "debt_ratio": 77.05,
            "inventory_turnover_ratio": 0.71,
            "account_receivable_turnover_ratio": 1.87,
            "reinvestment_rate": 27.6,
            "research_to_sale_ratio": 4.69,
            "price_fair": 132.21,
            "eps_avg_yearly": 3.78,
            "eps_latest_yearly": 5.16,
            "eps_growth_yearly": 74.63
        },
        "20222": {
            "year_quarter": 20222,
            "year": 2022,
            "quarter": 2,
            "eps": 1.79,
            "eps_growth_year": 171.21,
            "eps_4q": 5.29,
            "eps_4q_growth_year": 49.68,
            "roe": 5.02,
            "roe_4q": 15.75,
            "gross_profit": 2006124,
            "gross_margin": 13.18,
            "gross_margin_4q_avg": 12.92,
            "net_income": 445062,
            "net_income_4q": null,
            "revenue": 15215563,
            "revenue_4q": null,
            "common_shares": 2523898,
            "book_valuer_per_share": 35.18,
            "book_valuer_per_share_4q_avg": 33.5,
            "equity": 8867016,
            "current_ratio": 140.48,
            "debt_ratio": 78.38,
            "inventory_turnover_ratio": 0.76,
            "account_receivable_turnover_ratio": 1.97,
            "reinvestment_rate": 33.59,
            "research_to_sale_ratio": 4.19,
            "price_fair": 142.98,
            "eps_avg_yearly": 4.09,
            "eps_latest_yearly": 7.16,
            "eps_growth_yearly": 90.9
        },
        "20223": {
            "year_quarter": 20223,
            "year": 2022,
            "quarter": 3,
            "eps": 2.09,
            "eps_growth_year": 186.3,
            "eps_4q": 6.49,
            "eps_4q_growth_year": 106.32,
            "roe": 5.69,
            "roe_4q": 19.14,
            "gross_profit": 2422614,
            "gross_margin": 13.26,
            "gross_margin_4q_avg": 12.96,
            "net_income": 526743,
            "net_income_4q": null,
            "revenue": 18276586,
            "revenue_4q": null,
            "common_shares": 2523898,
            "book_valuer_per_share": 37.28,
            "book_valuer_per_share_4q_avg": 35.09,
            "equity": 9634479,
            "current_ratio": 139.56,
            "debt_ratio": 78.64,
            "inventory_turnover_ratio": 0.88,
            "account_receivable_turnover_ratio": 1.98,
            "reinvestment_rate": 35.46,
            "research_to_sale_ratio": 4.43,
            "price_fair": 154.7,
            "eps_avg_yearly": 4.42,
            "eps_latest_yearly": 8.36,
            "eps_growth_yearly": 86.6
        },
        "20224": {
            "year_quarter": 20224,
            "year": 2022,
            "quarter": 4,
            "eps": 2.39,
            "eps_growth_year": 61.63,
            "eps_4q": 7.49,
            "eps_4q_growth_year": 119.57,
            "roe": 6.31,
            "roe_4q": 20.8,
            "gross_profit": 2548227,
            "gross_margin": 13.84,
            "gross_margin_4q_avg": 13.31,
            "net_income": 613266,
            "net_income_4q": null,
            "revenue": 18407152,
            "revenue_4q": null,
            "common_shares": 2587958,
            "book_valuer_per_share": 38.31,
            "book_valuer_per_share_4q_avg": 36.5,
            "equity": 9801442,
            "current_ratio": 140.14,
            "debt_ratio": 77.86,
            "inventory_turnover_ratio": 0.91,
            "account_receivable_turnover_ratio": 1.76,
            "reinvestment_rate": 34.63,
            "research_to_sale_ratio": 4.2,
            "price_fair": 164.76,
            "eps_avg_yearly": 4.71,
            "eps_latest_yearly": 9.56,
            "eps_growth_yearly": 73.86
        },
        "20231": {
            "year_quarter": 20231,
            "year": 2023,
            "quarter": 1,
            "eps": 1.97,
            "eps_growth_year": 52.71,
            "eps_4q": 8.15,
            "eps_4q_growth_year": 96.36,
            "roe": 5.29,
            "roe_4q": 22.31,
            "gross_profit": 2144382,
            "gross_margin": 13.69,
            "gross_margin_4q_avg": 13.49,
            "net_income": 506344,
            "net_income_4q": null,
            "revenue": 15659134,
            "revenue_4q": null,
            "common_shares": 2588758,
            "book_valuer_per_share": 36.32,
            "book_valuer_per_share_4q_avg": 36.77,
            "equity": 9334871,
            "current_ratio": 140.72,
            "debt_ratio": 77.64,
            "inventory_turnover_ratio": 0.8,
            "account_receivable_turnover_ratio": 1.65,
            "reinvestment_rate": 39.44,
            "research_to_sale_ratio": 4.42,
            "price_fair": 174.48,
            "eps_avg_yearly": 4.99,
            "eps_latest_yearly": 7.88,
            "eps_growth_yearly": 77.13
        },
        "20232": {
            "year_quarter": 20232,
            "year": 2023,
            "quarter": 2,
            "eps": 2.05,
            "eps_growth_year": 14.53,
            "eps_4q": 8.44,
            "eps_4q_growth_year": 59.57,
            "roe": 5.51,
            "roe_4q": 22.8,
            "gross_profit": 2291308,
            "gross_margin": 14.63,
            "gross_margin_4q_avg": 13.86,
            "net_income": 527270,
            "net_income_4q": null,
            "revenue": 15666399,
            "revenue_4q": null,
            "common_shares": 2588758,
            "book_valuer_per_share": 38.16,
            "book_valuer_per_share_4q_avg": 37.52,
            "equity": 9808655,
            "current_ratio": 141.61,
            "debt_ratio": 75.82,
            "inventory_turnover_ratio": 0.83,
            "account_receivable_turnover_ratio": 1.85,
            "reinvestment_rate": 37.63,
            "research_to_sale_ratio": 4.74,
            "price_fair": 186.03,
            "eps_avg_yearly": 5.32,
            "eps_latest_yearly": 8.2,
            "eps_growth_yearly": 81.92
        },
        "20233": {
            "year_quarter": 20233,
            "year": 2023,
            "quarter": 3,
            "eps": 2.53,
            "eps_growth_year": 21.05,
            "eps_4q": 8.63,
            "eps_4q_growth_year": 32.92,
            "roe": 6.17,
            "roe_4q": 23.279999999999998,
            "gross_profit": 2779501,
            "gross_margin": 17.79,
            "gross_margin_4q_avg": 14.99,
            "net_income": 656417,
            "net_income_4q": null,
            "revenue": 15625314,
            "revenue_4q": null,
            "common_shares": 2616392,
            "book_valuer_per_share": 43.03,
            "book_valuer_per_share_4q_avg": 38.96,
            "equity": 11463074,
            "current_ratio": 131.59,
            "debt_ratio": 74.27,
            "inventory_turnover_ratio": 0.8,
            "account_receivable_turnover_ratio": 1.52,
            "reinvestment_rate": 38.78,
            "research_to_sale_ratio": 5.27,
            "price_fair": 197.84,
            "eps_avg_yearly": 5.65,
            "eps_latest_yearly": 10.12,
            "eps_growth_yearly": 72.36
        }
    },
    "months": {
        "2001-06": {
            "month": "2001-06",
            "price": "23.56",
            "revenue": 61311
        },
        "2001-07": {
            "month": "2001-07",
            "price": "17.51",
            "revenue": 64307
        },
        "2001-08": {
            "month": "2001-08",
            "price": "16.83",
            "revenue": 66611
        },
        "2001-09": {
            "month": "2001-09",
            "price": "13.12",
            "revenue": 64829
        },
        "2001-10": {
            "month": "2001-10",
            "price": "12.10",
            "revenue": 73442
        },
        "2001-11": {
            "month": "2001-11",
            "price": "16.62",
            "revenue": 72680
        },
        "2001-12": {
            "month": "2001-12",
            "price": "25.02",
            "revenue": 76502
        },
        "2002-01": {
            "month": "2002-01",
            "price": "28.00",
            "revenue": 70839
        },
        "2002-02": {
            "month": "2002-02",
            "price": "29.36",
            "revenue": 75531
        },
        "2002-03": {
            "month": "2002-03",
            "price": "28.57",
            "revenue": 95729
        },
        "2002-04": {
            "month": "2002-04",
            "price": "32.90",
            "revenue": 102432
        },
        "2002-05": {
            "month": "2002-05",
            "price": "26.08",
            "revenue": 116884
        },
        "2002-06": {
            "month": "2002-06",
            "price": "23.26",
            "revenue": 124611
        },
        "2002-07": {
            "month": "2002-07",
            "price": "22.44",
            "revenue": 125890
        },
        "2002-08": {
            "month": "2002-08",
            "price": "26.04",
            "revenue": 177936
        },
        "2002-09": {
            "month": "2002-09",
            "price": "28.90",
            "revenue": 207830
        },
        "2002-10": {
            "month": "2002-10",
            "price": "28.58",
            "revenue": 260545
        },
        "2002-11": {
            "month": "2002-11",
            "price": "32.96",
            "revenue": 271298
        },
        "2002-12": {
            "month": "2002-12",
            "price": "32.36",
            "revenue": 256296
        },
        "2003-01": {
            "month": "2003-01",
            "price": "31.34",
            "revenue": 231795
        },
        "2003-02": {
            "month": "2003-02",
            "price": "28.69",
            "revenue": 204864
        },
        "2003-03": {
            "month": "2003-03",
            "price": "28.28",
            "revenue": 331535
        },
        "2003-04": {
            "month": "2003-04",
            "price": "30.24",
            "revenue": 357100
        },
        "2003-05": {
            "month": "2003-05",
            "price": "30.06",
            "revenue": 360718
        },
        "2003-06": {
            "month": "2003-06",
            "price": "32.16",
            "revenue": 327233
        },
        "2003-07": {
            "month": "2003-07",
            "price": "34.11",
            "revenue": 340226
        },
        "2003-08": {
            "month": "2003-08",
            "price": "31.38",
            "revenue": 240139
        },
        "2003-09": {
            "month": "2003-09",
            "price": "27.43",
            "revenue": 228690
        },
        "2003-10": {
            "month": "2003-10",
            "price": "26.87",
            "revenue": 369604
        },
        "2003-11": {
            "month": "2003-11",
            "price": "31.66",
            "revenue": 436283
        },
        "2003-12": {
            "month": "2003-12",
            "price": "33.82",
            "revenue": 431473
        },
        "2004-01": {
            "month": "2004-01",
            "price": "34.82",
            "revenue": 331758
        },
        "2004-02": {
            "month": "2004-02",
            "price": "34.50",
            "revenue": 422510
        },
        "2004-03": {
            "month": "2004-03",
            "price": "37.22",
            "revenue": 480506
        },
        "2004-04": {
            "month": "2004-04",
            "price": "39.35",
            "revenue": 423572
        },
        "2004-05": {
            "month": "2004-05",
            "price": "32.79",
            "revenue": 384481
        },
        "2004-06": {
            "month": "2004-06",
            "price": "28.39",
            "revenue": 506450
        },
        "2004-07": {
            "month": "2004-07",
            "price": "25.89",
            "revenue": 422632
        },
        "2004-08": {
            "month": "2004-08",
            "price": "22.28",
            "revenue": 366258
        },
        "2004-09": {
            "month": "2004-09",
            "price": "27.60",
            "revenue": 405501
        },
        "2004-10": {
            "month": "2004-10",
            "price": "26.20",
            "revenue": 405798
        },
        "2004-11": {
            "month": "2004-11",
            "price": "24.90",
            "revenue": 451348
        },
        "2004-12": {
            "month": "2004-12",
            "price": "27.00",
            "revenue": 410884
        },
        "2005-01": {
            "month": "2005-01",
            "price": "27.45",
            "revenue": 466365
        },
        "2005-02": {
            "month": "2005-02",
            "price": "30.58",
            "revenue": 325924
        },
        "2005-03": {
            "month": "2005-03",
            "price": "32.71",
            "revenue": 466617
        },
        "2005-04": {
            "month": "2005-04",
            "price": "32.49",
            "revenue": 513574
        },
        "2005-05": {
            "month": "2005-05",
            "price": "30.17",
            "revenue": 428024
        },
        "2005-06": {
            "month": "2005-06",
            "price": "28.52",
            "revenue": 382979
        },
        "2005-07": {
            "month": "2005-07",
            "price": "30.46",
            "revenue": 499546
        },
        "2005-08": {
            "month": "2005-08",
            "price": "31.25",
            "revenue": 525590
        },
        "2005-09": {
            "month": "2005-09",
            "price": "25.87",
            "revenue": 480057
        },
        "2005-10": {
            "month": "2005-10",
            "price": "24.10",
            "revenue": 481508
        },
        "2005-11": {
            "month": "2005-11",
            "price": "22.75",
            "revenue": 545165
        },
        "2005-12": {
            "month": "2005-12",
            "price": "25.38",
            "revenue": 525609
        },
        "2006-01": {
            "month": "2006-01",
            "price": "24.76",
            "revenue": 400272
        },
        "2006-02": {
            "month": "2006-02",
            "price": "23.25",
            "revenue": 389849
        },
        "2006-03": {
            "month": "2006-03",
            "price": "23.37",
            "revenue": 558238
        },
        "2006-04": {
            "month": "2006-04",
            "price": "25.21",
            "revenue": 622277
        },
        "2006-05": {
            "month": "2006-05",
            "price": "25.13",
            "revenue": 820320
        },
        "2006-06": {
            "month": "2006-06",
            "price": "24.20",
            "revenue": 839477
        },
        "2006-07": {
            "month": "2006-07",
            "price": "24.17",
            "revenue": 919628
        },
        "2006-08": {
            "month": "2006-08",
            "price": "24.25",
            "revenue": 954548
        },
        "2006-09": {
            "month": "2006-09",
            "price": "21.88",
            "revenue": 814307
        },
        "2006-10": {
            "month": "2006-10",
            "price": "22.80",
            "revenue": 1002020
        },
        "2006-11": {
            "month": "2006-11",
            "price": "24.79",
            "revenue": 1009015
        },
        "2006-12": {
            "month": "2006-12",
            "price": "26.55",
            "revenue": 801018
        },
        "2007-01": {
            "month": "2007-01",
            "price": "29.67",
            "revenue": 913225
        },
        "2007-02": {
            "month": "2007-02",
            "price": "31.90",
            "revenue": 609685
        },
        "2007-03": {
            "month": "2007-03",
            "price": "34.06",
            "revenue": 902464
        },
        "2007-04": {
            "month": "2007-04",
            "price": "37.57",
            "revenue": 1001574
        },
        "2007-05": {
            "month": "2007-05",
            "price": "40.69",
            "revenue": 863565
        },
        "2007-06": {
            "month": "2007-06",
            "price": "43.54",
            "revenue": 863880
        },
        "2007-07": {
            "month": "2007-07",
            "price": "46.57",
            "revenue": 928393
        },
        "2007-08": {
            "month": "2007-08",
            "price": "42.76",
            "revenue": 823525
        },
        "2007-09": {
            "month": "2007-09",
            "price": "40.82",
            "revenue": 744038
        },
        "2007-10": {
            "month": "2007-10",
            "price": "38.54",
            "revenue": 900881
        },
        "2007-11": {
            "month": "2007-11",
            "price": "32.12",
            "revenue": 778904
        },
        "2007-12": {
            "month": "2007-12",
            "price": "28.59",
            "revenue": 840640
        },
        "2008-01": {
            "month": "2008-01",
            "price": "26.41",
            "revenue": 819796
        },
        "2008-02": {
            "month": "2008-02",
            "price": "25.97",
            "revenue": 615472
        },
        "2008-03": {
            "month": "2008-03",
            "price": "29.53",
            "revenue": 741847
        },
        "2008-04": {
            "month": "2008-04",
            "price": "31.95",
            "revenue": 909000
        },
        "2008-05": {
            "month": "2008-05",
            "price": "32.88",
            "revenue": 691286
        },
        "2008-06": {
            "month": "2008-06",
            "price": "27.34",
            "revenue": 685173
        },
        "2008-07": {
            "month": "2008-07",
            "price": "21.43",
            "revenue": 625340
        },
        "2008-08": {
            "month": "2008-08",
            "price": "22.92",
            "revenue": 702007
        },
        "2008-09": {
            "month": "2008-09",
            "price": "16.72",
            "revenue": 621671
        },
        "2008-10": {
            "month": "2008-10",
            "price": "13.80",
            "revenue": 736100
        },
        "2008-11": {
            "month": "2008-11",
            "price": "11.78",
            "revenue": 611985
        },
        "2008-12": {
            "month": "2008-12",
            "price": "11.38",
            "revenue": 728974
        },
        "2009-01": {
            "month": "2009-01",
            "price": "12.11",
            "revenue": 515267
        },
        "2009-02": {
            "month": "2009-02",
            "price": "11.69",
            "revenue": 475523
        },
        "2009-03": {
            "month": "2009-03",
            "price": "14.18",
            "revenue": 552163
        },
        "2009-04": {
            "month": "2009-04",
            "price": "16.55",
            "revenue": 502246
        },
        "2009-05": {
            "month": "2009-05",
            "price": "17.86",
            "revenue": 476434
        },
        "2009-06": {
            "month": "2009-06",
            "price": "16.98",
            "revenue": 545513
        },
        "2009-07": {
            "month": "2009-07",
            "price": "16.08",
            "revenue": 605270
        },
        "2009-08": {
            "month": "2009-08",
            "price": "15.61",
            "revenue": 608173
        },
        "2009-09": {
            "month": "2009-09",
            "price": "17.21",
            "revenue": 607736
        },
        "2009-10": {
            "month": "2009-10",
            "price": "19.07",
            "revenue": 673441
        },
        "2009-11": {
            "month": "2009-11",
            "price": "20.18",
            "revenue": 723470
        },
        "2009-12": {
            "month": "2009-12",
            "price": "24.07",
            "revenue": 762519
        },
        "2010-01": {
            "month": "2010-01",
            "price": "25.40",
            "revenue": 571200
        },
        "2010-02": {
            "month": "2010-02",
            "price": "21.66",
            "revenue": 421473
        },
        "2010-03": {
            "month": "2010-03",
            "price": "23.10",
            "revenue": 763325
        },
        "2010-04": {
            "month": "2010-04",
            "price": "23.65",
            "revenue": 697132
        },
        "2010-05": {
            "month": "2010-05",
            "price": "20.47",
            "revenue": 584374
        },
        "2010-06": {
            "month": "2010-06",
            "price": "19.96",
            "revenue": 737812
        },
        "2010-07": {
            "month": "2010-07",
            "price": "21.54",
            "revenue": 621425
        },
        "2010-08": {
            "month": "2010-08",
            "price": "21.16",
            "revenue": 681577
        },
        "2010-09": {
            "month": "2010-09",
            "price": "25.80",
            "revenue": 717949
        },
        "2010-10": {
            "month": "2010-10",
            "price": "29.14",
            "revenue": 761745
        },
        "2010-11": {
            "month": "2010-11",
            "price": "28.72",
            "revenue": 857294
        },
        "2010-12": {
            "month": "2010-12",
            "price": "29.92",
            "revenue": 1219642
        },
        "2011-01": {
            "month": "2011-01",
            "price": "29.88",
            "revenue": 990768
        },
        "2011-02": {
            "month": "2011-02",
            "price": "30.70",
            "revenue": 732300
        },
        "2011-03": {
            "month": "2011-03",
            "price": "30.65",
            "revenue": 983592
        },
        "2011-04": {
            "month": "2011-04",
            "price": "34.48",
            "revenue": 1069808
        },
        "2011-05": {
            "month": "2011-05",
            "price": "39.09",
            "revenue": 1090351
        },
        "2011-06": {
            "month": "2011-06",
            "price": "43.90",
            "revenue": 1042807
        },
        "2011-07": {
            "month": "2011-07",
            "price": "40.31",
            "revenue": 1182940
        },
        "2011-08": {
            "month": "2011-08",
            "price": "36.87",
            "revenue": 1222852
        },
        "2011-09": {
            "month": "2011-09",
            "price": "35.85",
            "revenue": 1038414
        },
        "2011-10": {
            "month": "2011-10",
            "price": "31.93",
            "revenue": 1254358
        },
        "2011-11": {
            "month": "2011-11",
            "price": "33.18",
            "revenue": 1306877
        },
        "2011-12": {
            "month": "2011-12",
            "price": "30.44",
            "revenue": 1329158
        },
        "2012-01": {
            "month": "2012-01",
            "price": "32.79",
            "revenue": 1113298
        },
        "2012-02": {
            "month": "2012-02",
            "price": "37.24",
            "revenue": 1407975
        },
        "2012-03": {
            "month": "2012-03",
            "price": "42.67",
            "revenue": 1620010
        },
        "2012-04": {
            "month": "2012-04",
            "price": "43.31",
            "revenue": 1663618
        },
        "2012-05": {
            "month": "2012-05",
            "price": "42.58",
            "revenue": 1793956
        },
        "2012-06": {
            "month": "2012-06",
            "price": "42.40",
            "revenue": 1860404
        },
        "2012-07": {
            "month": "2012-07",
            "price": "44.36",
            "revenue": 1909664
        },
        "2012-08": {
            "month": "2012-08",
            "price": "46.27",
            "revenue": 1852314
        },
        "2012-09": {
            "month": "2012-09",
            "price": "45.73",
            "revenue": 1771237
        },
        "2012-10": {
            "month": "2012-10",
            "price": "42.58",
            "revenue": 1545835
        },
        "2012-11": {
            "month": "2012-11",
            "price": "38.48",
            "revenue": 1359280
        },
        "2012-12": {
            "month": "2012-12",
            "price": "40.12",
            "revenue": 1369078
        },
        "2013-01": {
            "month": "2013-01",
            "price": "42.47",
            "revenue": 1407245
        },
        "2013-02": {
            "month": "2013-02",
            "price": "44.53",
            "revenue": 1056588
        },
        "2013-03": {
            "month": "2013-03",
            "price": "43.47",
            "revenue": 1643571
        },
        "2013-04": {
            "month": "2013-04",
            "price": "41.00",
            "revenue": 1720539
        },
        "2013-05": {
            "month": "2013-05",
            "price": "41.29",
            "revenue": 1694484
        },
        "2013-06": {
            "month": "2013-06",
            "price": "39.53",
            "revenue": 1675272
        },
        "2013-07": {
            "month": "2013-07",
            "price": "39.19",
            "revenue": 1778748
        },
        "2013-08": {
            "month": "2013-08",
            "price": "39.46",
            "revenue": 1712621
        },
        "2013-09": {
            "month": "2013-09",
            "price": "41.92",
            "revenue": 1581811
        },
        "2013-10": {
            "month": "2013-10",
            "price": "41.04",
            "revenue": 1545105
        },
        "2013-11": {
            "month": "2013-11",
            "price": "43.64",
            "revenue": 1622611
        },
        "2013-12": {
            "month": "2013-12",
            "price": "46.54",
            "revenue": 1632315
        },
        "2014-01": {
            "month": "2014-01",
            "price": "56.34",
            "revenue": 1569147
        },
        "2014-02": {
            "month": "2014-02",
            "price": "60.15",
            "revenue": 1356491
        },
        "2014-03": {
            "month": "2014-03",
            "price": "67.88",
            "revenue": 1743606
        },
        "2014-04": {
            "month": "2014-04",
            "price": "63.75",
            "revenue": 1852487
        },
        "2014-05": {
            "month": "2014-05",
            "price": "62.30",
            "revenue": 2080068
        },
        "2014-06": {
            "month": "2014-06",
            "price": "70.50",
            "revenue": 2089893
        },
        "2014-07": {
            "month": "2014-07",
            "price": "72.46",
            "revenue": 2034845
        },
        "2014-08": {
            "month": "2014-08",
            "price": "69.79",
            "revenue": 2032407
        },
        "2014-09": {
            "month": "2014-09",
            "price": "67.89",
            "revenue": 2086067
        },
        "2014-10": {
            "month": "2014-10",
            "price": "64.91",
            "revenue": 2035301
        },
        "2014-11": {
            "month": "2014-11",
            "price": "64.97",
            "revenue": 2082813
        },
        "2014-12": {
            "month": "2014-12",
            "price": "68.11",
            "revenue": 2235678
        },
        "2015-01": {
            "month": "2015-01",
            "price": "69.44",
            "revenue": 2296628
        },
        "2015-02": {
            "month": "2015-02",
            "price": "68.52",
            "revenue": 1693826
        },
        "2015-03": {
            "month": "2015-03",
            "price": "70.11",
            "revenue": 2355117
        },
        "2015-04": {
            "month": "2015-04",
            "price": "67.99",
            "revenue": 2628169
        },
        "2015-05": {
            "month": "2015-05",
            "price": "65.30",
            "revenue": 2802709
        },
        "2015-06": {
            "month": "2015-06",
            "price": "64.69",
            "revenue": 3124100
        },
        "2015-07": {
            "month": "2015-07",
            "price": "65.49",
            "revenue": 3502108
        },
        "2015-08": {
            "month": "2015-08",
            "price": "69.19",
            "revenue": 3519616
        },
        "2015-09": {
            "month": "2015-09",
            "price": "73.64",
            "revenue": 3380441
        },
        "2015-10": {
            "month": "2015-10",
            "price": "78.90",
            "revenue": 3289510
        },
        "2015-11": {
            "month": "2015-11",
            "price": "77.86",
            "revenue": 3227368
        },
        "2015-12": {
            "month": "2015-12",
            "price": "86.27",
            "revenue": 3160163
        },
        "2016-01": {
            "month": "2016-01",
            "price": "81.70",
            "revenue": 3080075
        },
        "2016-02": {
            "month": "2016-02",
            "price": "82.73",
            "revenue": 2553733
        },
        "2016-03": {
            "month": "2016-03",
            "price": "82.99",
            "revenue": 3182045
        },
        "2016-04": {
            "month": "2016-04",
            "price": "77.25",
            "revenue": 3064067
        },
        "2016-05": {
            "month": "2016-05",
            "price": "77.09",
            "revenue": 3037217
        },
        "2016-06": {
            "month": "2016-06",
            "price": "75.33",
            "revenue": 3166745
        },
        "2016-07": {
            "month": "2016-07",
            "price": "68.72",
            "revenue": 3113218
        },
        "2016-08": {
            "month": "2016-08",
            "price": "69.67",
            "revenue": 3212472
        },
        "2016-09": {
            "month": "2016-09",
            "price": "72.82",
            "revenue": 3156280
        },
        "2016-10": {
            "month": "2016-10",
            "price": "72.80",
            "revenue": 3001648
        },
        "2016-11": {
            "month": "2016-11",
            "price": "74.89",
            "revenue": 3012958
        },
        "2016-12": {
            "month": "2016-12",
            "price": "78.89",
            "revenue": 3129637
        },
        "2017-01": {
            "month": "2017-01",
            "price": "79.49",
            "revenue": 2926059
        },
        "2017-02": {
            "month": "2017-02",
            "price": "80.71",
            "revenue": 2379555
        },
        "2017-03": {
            "month": "2017-03",
            "price": "79.75",
            "revenue": 3023039
        },
        "2017-04": {
            "month": "2017-04",
            "price": "76.82",
            "revenue": 3042497
        },
        "2017-05": {
            "month": "2017-05",
            "price": "75.13",
            "revenue": 3026391
        },
        "2017-06": {
            "month": "2017-06",
            "price": "77.65",
            "revenue": 3229976
        },
        "2017-07": {
            "month": "2017-07",
            "price": "79.14",
            "revenue": 3269580
        },
        "2017-08": {
            "month": "2017-08",
            "price": "78.51",
            "revenue": 3542783
        },
        "2017-09": {
            "month": "2017-09",
            "price": "80.55",
            "revenue": 3705754
        },
        "2017-10": {
            "month": "2017-10",
            "price": "84.71",
            "revenue": 3408807
        },
        "2017-11": {
            "month": "2017-11",
            "price": "81.83",
            "revenue": 3546382
        },
        "2017-12": {
            "month": "2017-12",
            "price": "82.64",
            "revenue": 3490936
        },
        "2018-01": {
            "month": "2018-01",
            "price": "84.52",
            "revenue": 3099549
        },
        "2018-02": {
            "month": "2018-02",
            "price": "83.49",
            "revenue": 2359652
        },
        "2018-03": {
            "month": "2018-03",
            "price": "81.19",
            "revenue": 2503570
        },
        "2018-04": {
            "month": "2018-04",
            "price": "81.38",
            "revenue": 2330702
        },
        "2018-05": {
            "month": "2018-05",
            "price": "72.26",
            "revenue": 2325832
        },
        "2018-06": {
            "month": "2018-06",
            "price": "71.48",
            "revenue": 2644412
        },
        "2018-07": {
            "month": "2018-07",
            "price": "67.68",
            "revenue": 2725214
        },
        "2018-08": {
            "month": "2018-08",
            "price": "58.67",
            "revenue": 3037685
        },
        "2018-09": {
            "month": "2018-09",
            "price": "51.04",
            "revenue": 2757554
        },
        "2018-10": {
            "month": "2018-10",
            "price": "47.96",
            "revenue": 2876943
        },
        "2018-11": {
            "month": "2018-11",
            "price": "56.32",
            "revenue": 3424039
        },
        "2018-12": {
            "month": "2018-12",
            "price": "64.02",
            "revenue": 3357680
        },
        "2019-01": {
            "month": "2019-01",
            "price": "64.56",
            "revenue": 2392580
        },
        "2019-02": {
            "month": "2019-02",
            "price": "63.24",
            "revenue": 1860687
        },
        "2019-03": {
            "month": "2019-03",
            "price": "67.58",
            "revenue": 2225374
        },
        "2019-04": {
            "month": "2019-04",
            "price": "68.74",
            "revenue": 2170943
        },
        "2019-05": {
            "month": "2019-05",
            "price": "65.07",
            "revenue": 2006601
        },
        "2019-06": {
            "month": "2019-06",
            "price": "66.94",
            "revenue": 2521213
        },
        "2019-07": {
            "month": "2019-07",
            "price": "69.67",
            "revenue": 2928439
        },
        "2019-08": {
            "month": "2019-08",
            "price": "79.43",
            "revenue": 2791135
        },
        "2019-09": {
            "month": "2019-09",
            "price": "79.33",
            "revenue": 3336089
        },
        "2019-10": {
            "month": "2019-10",
            "price": "81.44",
            "revenue": 2931924
        },
        "2019-11": {
            "month": "2019-11",
            "price": "77.56",
            "revenue": 3293766
        },
        "2019-12": {
            "month": "2019-12",
            "price": "76.10",
            "revenue": 3347215
        },
        "2020-01": {
            "month": "2020-01",
            "price": "75.91",
            "revenue": 2129587
        },
        "2020-02": {
            "month": "2020-02",
            "price": "75.13",
            "revenue": 2255788
        },
        "2020-03": {
            "month": "2020-03",
            "price": "65.27",
            "revenue": 2415307
        },
        "2020-04": {
            "month": "2020-04",
            "price": "69.81",
            "revenue": 2563146
        },
        "2020-05": {
            "month": "2020-05",
            "price": "72.70",
            "revenue": 3053975
        },
        "2020-06": {
            "month": "2020-06",
            "price": "76.23",
            "revenue": 3631259
        },
        "2020-07": {
            "month": "2020-07",
            "price": "81.77",
            "revenue": 3015737
        },
        "2020-08": {
            "month": "2020-08",
            "price": "79.42",
            "revenue": 2888565
        },
        "2020-09": {
            "month": "2020-09",
            "price": "75.15",
            "revenue": 3560186
        },
        "2020-10": {
            "month": "2020-10",
            "price": "74.10",
            "revenue": 3642896
        },
        "2020-11": {
            "month": "2020-11",
            "price": "76.23",
            "revenue": 3626506
        },
        "2020-12": {
            "month": "2020-12",
            "price": "78.72",
            "revenue": 3314044
        },
        "2021-01": {
            "month": "2021-01",
            "price": "75.95",
            "revenue": 3054064
        },
        "2021-02": {
            "month": "2021-02",
            "price": "73.05",
            "revenue": 3134015
        },
        "2021-03": {
            "month": "2021-03",
            "price": "72.30",
            "revenue": 3390381
        },
        "2021-04": {
            "month": "2021-04",
            "price": "75.24",
            "revenue": 3268553
        },
        "2021-05": {
            "month": "2021-05",
            "price": "65.88",
            "revenue": 3127606
        },
        "2021-06": {
            "month": "2021-06",
            "price": "66.36",
            "revenue": 3589606
        },
        "2021-07": {
            "month": "2021-07",
            "price": "67.46",
            "revenue": 3648827
        },
        "2021-08": {
            "month": "2021-08",
            "price": "64.16",
            "revenue": 3878588
        },
        "2021-09": {
            "month": "2021-09",
            "price": "64.66",
            "revenue": 3579223
        },
        "2021-10": {
            "month": "2021-10",
            "price": "62.07",
            "revenue": 3777391
        },
        "2021-11": {
            "month": "2021-11",
            "price": "66.72",
            "revenue": 4371663
        },
        "2021-12": {
            "month": "2021-12",
            "price": "68.62",
            "revenue": 5054675
        },
        "2022-01": {
            "month": "2022-01",
            "price": "72.01",
            "revenue": 4108285
        },
        "2022-02": {
            "month": "2022-02",
            "price": "74.93",
            "revenue": 3758187
        },
        "2022-03": {
            "month": "2022-03",
            "price": "76.10",
            "revenue": 4791587
        },
        "2022-04": {
            "month": "2022-04",
            "price": "80.61",
            "revenue": 4884362
        },
        "2022-05": {
            "month": "2022-05",
            "price": "77.68",
            "revenue": 4600905
        },
        "2022-06": {
            "month": "2022-06",
            "price": "80.31",
            "revenue": 5721230
        },
        "2022-07": {
            "month": "2022-07",
            "price": "84.66",
            "revenue": 6006754
        },
        "2022-08": {
            "month": "2022-08",
            "price": "96.71",
            "revenue": 5733889
        },
        "2022-09": {
            "month": "2022-09",
            "price": "90.08",
            "revenue": 6473690
        },
        "2022-10": {
            "month": "2022-10",
            "price": "79.90",
            "revenue": 6025450
        },
        "2022-11": {
            "month": "2022-11",
            "price": "79.10",
            "revenue": 5616663
        },
        "2022-12": {
            "month": "2022-12",
            "price": "79.91",
            "revenue": 6743605
        },
        "2023-01": {
            "month": "2023-01",
            "price": "78.62",
            "revenue": 4927962
        },
        "2023-02": {
            "month": "2023-02",
            "price": "83.04",
            "revenue": 5395122
        },
        "2023-03": {
            "month": "2023-03",
            "price": "90.27",
            "revenue": 5339472
        },
        "2023-04": {
            "month": "2023-04",
            "price": "87.58",
            "revenue": 5500624
        },
        "2023-05": {
            "month": "2023-05",
            "price": "87.81",
            "revenue": 5021728
        },
        "2023-06": {
            "month": "2023-06",
            "price": "97.36",
            "revenue": 5144047
        },
        "2023-07": {
            "month": "2023-07",
            "price": "113.31",
            "revenue": 4437995
        },
        "2023-08": {
            "month": "2023-08",
            "price": "116.14",
            "revenue": 5522105
        },
        "2023-09": {
            "month": "2023-09",
            "price": "126.30",
            "revenue": 5658434
        },
        "2023-10": {
            "month": "2023-10",
            "price": "117.52",
            "revenue": 4972105
        },
        "2023-11": {
            "month": "2023-11",
            "price": "120.43",
            "revenue": 5476826
        }
    }
}
