{
    "summary": {
        "stock_name": "能率",
        "stock_id": "5392",
        "category": "光電",
        "main_business": "鋁合金及塑膠壓鑄品模具之製造、加工買賣業務",
        "website_url": "http://www.avy.com.tw",
        "ceo": "胡湘麒",
        "pe_ratio": -177,
        "report_year_from": 2001,
        "report_year_to": 2023,
        "age": 23,
        "eps_negative_percentage": 26,
        "eps_growth_avg": {
            "last_all": -2.91,
            "last_2y": -100,
            "last_4y": -33.33,
            "last_8y": -10.88,
            "last_12y": -15.85,
            "last_16y": -5.23,
            "last_20y": -2.91,
            "at_2006_last_3y": 31.76,
            "at_2007_last_3y": 65.88,
            "at_2008_last_3y": 36.78,
            "at_2009_last_3y": 30.13,
            "at_2010_last_3y": 23.99,
            "at_2011_last_3y": -16.19,
            "at_2012_last_3y": -25.86,
            "at_2013_last_3y": -16.55,
            "at_2014_last_3y": -24.55,
            "at_2015_last_3y": -32.63,
            "at_2016_last_3y": 7.4,
            "at_2017_last_3y": 20.54,
            "at_2018_last_3y": 5.96,
            "at_2019_last_3y": 54.23,
            "at_2020_last_3y": 4.23,
            "at_2021_last_3y": -27.7,
            "at_2022_last_3y": -33.33,
            "at_2023_last_3y": -100,
            "at_2024_last_3y": -100,
            "at_2006_last_all": 31.76,
            "at_2007_last_all": 65.88,
            "at_2008_last_all": 36.78,
            "at_2009_last_all": 30.13,
            "at_2010_last_all": 25.55,
            "at_2011_last_all": 11.17,
            "at_2012_last_all": 0.98,
            "at_2013_last_all": 6.79,
            "at_2014_last_all": 3.28,
            "at_2015_last_all": -6.35,
            "at_2016_last_all": 3.32,
            "at_2017_last_all": 11.37,
            "at_2018_last_all": 4.11,
            "at_2019_last_all": 10.96,
            "at_2020_last_all": 3.56,
            "at_2021_last_all": 3.56,
            "at_2022_last_all": -2.91,
            "at_2023_last_all": -2.91,
            "at_2024_last_all": -2.91
        },
        "latest_eps": -0.14,
        "latest_price": 24.8,
        "latest_roe": 0.42,
        "latest_gross_margin": 17.63,
        "latest_equity": 7596612,
        "latest_revenue": 2554173,
        "latest_gross_profit": 450257,
        "latest_net_income": 47298,
        "latest_debt_ratio": 50.43,
        "latest_current_ratio": 180.8,
        "latest_account_receivable_turnover_ratio": 1.24,
        "latest_inventory_turnover_ratio": 1.46,
        "latest_reinvestment_rate": null,
        "latest_research_to_sale_ratio": 1.04
    },
    "eps_dividends": {
        "2001": {
            "cash": 0,
            "stock": 0,
            "eps": -1.45
        },
        "2002": {
            "cash": 0,
            "stock": 0,
            "eps": -4.14
        },
        "2003": {
            "cash": 0,
            "stock": 0,
            "eps": -4.35
        },
        "2004": {
            "cash": 0,
            "stock": 0,
            "eps": -4.92
        },
        "2005": {
            "cash": 0,
            "stock": 0,
            "eps": 3.18
        },
        "2006": {
            "cash": 0,
            "stock": 0,
            "eps": 4.19
        },
        "2007": {
            "cash": 1.97,
            "stock": 0.39,
            "eps": 10.73
        },
        "2008": {
            "cash": 4.5,
            "stock": 0.5,
            "eps": 8.43
        },
        "2009": {
            "cash": 1,
            "stock": 1,
            "eps": 9.29
        },
        "2010": {
            "cash": 5,
            "stock": 0,
            "eps": 9.96
        },
        "2011": {
            "cash": 3.5,
            "stock": 0.5,
            "eps": 3.91
        },
        "2012": {
            "cash": 2.5,
            "stock": 0,
            "eps": 1.56
        },
        "2013": {
            "cash": 1,
            "stock": 0,
            "eps": 2.3
        },
        "2014": {
            "cash": 0.99,
            "stock": 0,
            "eps": 1.73
        },
        "2015": {
            "cash": 0.1,
            "stock": 0.9,
            "eps": 0.12
        },
        "2016": {
            "cash": 1,
            "stock": 0,
            "eps": 0.74
        },
        "2017": {
            "cash": 0.44,
            "stock": 0.56,
            "eps": 2.13
        },
        "2018": {
            "cash": 1,
            "stock": 1.1,
            "eps": 0.36
        },
        "2019": {
            "cash": 0.6,
            "stock": 0.6,
            "eps": 1.42
        },
        "2020": {
            "cash": 0.5,
            "stock": 0.2,
            "eps": -0.75
        },
        "2021": {
            "cash": 0.3,
            "stock": 0,
            "eps": 0.36
        },
        "2022": {
            "cash": 0.3,
            "stock": 0,
            "eps": -0.57
        },
        "2023": {
            "cash": 0.3,
            "stock": 0,
            "eps": 0.42
        }
    },
    "dividends": {
        "2007-04-02": {
            "cash": 1.97,
            "stock": 0.39
        },
        "2008-03-24": {
            "cash": 4.5,
            "stock": 0.5
        },
        "2009-03-30": {
            "cash": 1,
            "stock": 1
        },
        "2010-04-23": {
            "cash": 5,
            "stock": 0
        },
        "2011-03-28": {
            "cash": 3.5,
            "stock": 0.5
        },
        "2012-06-12": {
            "cash": 2.5,
            "stock": 0
        },
        "2013-06-11": {
            "cash": 1,
            "stock": 0
        },
        "2014-08-27": {
            "cash": 0.99,
            "stock": 0
        },
        "2015-10-02": {
            "cash": 0.1,
            "stock": 0.9
        },
        "2016-08-17": {
            "cash": 1,
            "stock": 0
        },
        "2017-09-20": {
            "cash": 0.44,
            "stock": 0.56
        },
        "2018-09-13": {
            "cash": 1,
            "stock": 1.1
        },
        "2019-09-05": {
            "cash": 0.6,
            "stock": 0.6
        },
        "2020-08-31": {
            "cash": 0.5,
            "stock": 0.2
        },
        "2021-10-08": {
            "cash": 0.3,
            "stock": 0
        },
        "2022-09-23": {
            "cash": 0.3,
            "stock": 0
        },
        "2023-09-27": {
            "cash": 0.3,
            "stock": 0
        }
    },
    "prices": {
        "200101": "7.62",
        "200102": "8.26",
        "200103": "9.98",
        "200104": "8.70",
        "200105": "7.02",
        "200106": "6.46",
        "200107": "5.45",
        "200108": "5.06",
        "200109": "4.08",
        "200110": "3.30",
        "200111": "4.04",
        "200112": "無",
        "200201": "12.93",
        "200202": "11.03",
        "200203": "10.95",
        "200204": "14.23",
        "200205": "10.36",
        "200206": "10.10",
        "200207": "10.39",
        "200208": "9.25",
        "200209": "7.44",
        "200210": "5.70",
        "200211": "5.23",
        "200212": "4.03",
        "200301": "5.07",
        "200302": "5.23",
        "200303": "4.95",
        "200304": "6.12",
        "200305": "5.54",
        "200306": "7.52",
        "200307": "8.12",
        "200308": "7.91",
        "200309": "6.99",
        "200310": "7.53",
        "200311": "8.06",
        "200312": "7.53",
        "200401": "9.16",
        "200402": "10.67",
        "200403": "10.55",
        "200404": "15.75",
        "200405": "13.86",
        "200406": "15.55",
        "200407": "14.36",
        "200408": "13.82",
        "200409": "13.26",
        "200410": "12.86",
        "200411": "12.58",
        "200412": "21.78",
        "200501": "23.90",
        "200502": "24.02",
        "200503": "23.80",
        "200504": "23.56",
        "200505": "23.82",
        "200506": "24.99",
        "200507": "28.52",
        "200508": "32.01",
        "200509": "33.37",
        "200510": "40.25",
        "200511": "40.75",
        "200512": "45.20",
        "200601": "53.15",
        "200602": "49.63",
        "200603": "47.82",
        "200604": "50.80",
        "200605": "51.49",
        "200606": "44.80",
        "200607": "35.96",
        "200608": "39.80",
        "200609": "37.79",
        "200610": "39.90",
        "200611": "38.93",
        "200612": "39.26",
        "200701": "52.55",
        "200702": "56.98",
        "200703": "63.42",
        "200704": "85.72",
        "200705": "120.05",
        "200706": "176.82",
        "200707": "195.75",
        "200708": "218.04",
        "200709": "210.64",
        "200710": "188.84",
        "200711": "153.11",
        "200712": "134.24",
        "200801": "125.79",
        "200802": "107.26",
        "200803": "120.71",
        "200804": "153.07",
        "200805": "159.31",
        "200806": "131.29",
        "200807": "128.50",
        "200808": "129.40",
        "200809": "122.21",
        "200810": "96.79",
        "200811": "90.44",
        "200812": "72.03",
        "200901": "74.97",
        "200902": "75.18",
        "200903": "96.05",
        "200904": "111.59",
        "200905": "130.53",
        "200906": "121.85",
        "200907": "164.41",
        "200908": "184.12",
        "200909": "200.32",
        "200910": "172.91",
        "200911": "158.60",
        "200912": "181.48",
        "201001": "182.70",
        "201002": "147.86",
        "201003": "154.87",
        "201004": "153.64",
        "201005": "149.88",
        "201006": "138.88",
        "201007": "143.34",
        "201008": "155.05",
        "201009": "154.67",
        "201010": "138.86",
        "201011": "125.41",
        "201012": "135.54",
        "201101": "126.62",
        "201102": "116.04",
        "201103": "104.05",
        "201104": "94.71",
        "201105": "89.65",
        "201106": "97.96",
        "201107": "101.59",
        "201108": "77.36",
        "201109": "65.60",
        "201110": "71.38",
        "201111": "72.77",
        "201112": "54.80",
        "201201": "52.59",
        "201202": "69.09",
        "201203": "69.62",
        "201204": "59.84",
        "201205": "51.90",
        "201206": "47.85",
        "201207": "50.31",
        "201208": "50.16",
        "201209": "51.38",
        "201210": "54.20",
        "201211": "46.73",
        "201212": "47.91",
        "201301": "50.81",
        "201302": "50.82",
        "201303": "49.11",
        "201304": "46.48",
        "201305": "49.89",
        "201306": "49.29",
        "201307": "50.51",
        "201308": "49.69",
        "201309": "49.20",
        "201310": "50.30",
        "201311": "47.66",
        "201312": "47.51",
        "201401": "48.43",
        "201402": "47.93",
        "201403": "52.12",
        "201404": "48.40",
        "201405": "46.48",
        "201406": "48.90",
        "201407": "57.82",
        "201408": "69.35",
        "201409": "84.98",
        "201410": "88.60",
        "201411": "87.36",
        "201412": "78.25",
        "201501": "72.38",
        "201502": "72.15",
        "201503": "79.54",
        "201504": "79.00",
        "201505": "72.18",
        "201506": "61.84",
        "201507": "55.37",
        "201508": "52.93",
        "201509": "52.44",
        "201510": "53.92",
        "201511": "54.80",
        "201512": "52.60",
        "201601": "47.67",
        "201602": "48.97",
        "201603": "51.23",
        "201604": "48.24",
        "201605": "46.03",
        "201606": "50.28",
        "201607": "58.94",
        "201608": "61.51",
        "201609": "55.51",
        "201610": "51.50",
        "201611": "46.22",
        "201612": "46.66",
        "201701": "46.96",
        "201702": "49.16",
        "201703": "51.07",
        "201704": "49.07",
        "201705": "52.71",
        "201706": "53.83",
        "201707": "52.77",
        "201708": "52.30",
        "201709": "51.24",
        "201710": "49.66",
        "201711": "53.90",
        "201712": "59.19",
        "201801": "59.20",
        "201802": "51.85",
        "201803": "51.14",
        "201804": "48.73",
        "201805": "48.05",
        "201806": "52.92",
        "201807": "50.95",
        "201808": "43.59",
        "201809": "36.00",
        "201810": "30.89",
        "201811": "30.47",
        "201812": "31.29",
        "201901": "32.32",
        "201902": "34.71",
        "201903": "35.82",
        "201904": "34.55",
        "201905": "34.25",
        "201906": "34.74",
        "201907": "40.24",
        "201908": "33.78",
        "201909": "33.81",
        "201910": "33.21",
        "201911": "32.75",
        "201912": "33.29",
        "202001": "32.03",
        "202002": "29.58",
        "202003": "22.61",
        "202004": "21.78",
        "202005": "24.45",
        "202006": "24.50",
        "202007": "25.26",
        "202008": "24.33",
        "202009": "24.97",
        "202010": "24.20",
        "202011": "23.30",
        "202012": "23.72",
        "202101": "25.10",
        "202102": "26.60",
        "202103": "26.73",
        "202104": "29.79",
        "202105": "27.04",
        "202106": "28.67",
        "202107": "27.70",
        "202108": "25.29",
        "202109": "24.40",
        "202110": "24.51",
        "202111": "25.35",
        "202112": "25.42",
        "202201": "26.34",
        "202202": "25.30",
        "202203": "24.00",
        "202204": "23.04",
        "202205": "20.99",
        "202206": "20.78",
        "202207": "20.03",
        "202208": "21.06",
        "202209": "21.98",
        "202210": "19.82",
        "202211": "19.69",
        "202212": "20.60",
        "202301": "20.02",
        "202302": "21.99",
        "202303": "21.88",
        "202304": "21.36",
        "202305": "21.10",
        "202306": "21.98",
        "202307": "23.82",
        "202308": "24.47",
        "202309": "24.78",
        "202310": "24.68",
        "202311": "24.01",
        "202312": "24.59"
    },
    "quarters": {
        "20011": {
            "year_quarter": 20011,
            "year": 2001,
            "quarter": 1,
            "eps": -0.1,
            "eps_growth_year": null,
            "eps_4q": -0.82,
            "eps_4q_growth_year": null,
            "roe": -2.41,
            "roe_4q": -2.41,
            "gross_profit": 59,
            "gross_margin": 0.05,
            "gross_margin_4q_avg": 0.05,
            "net_income": -16273,
            "net_income_4q": null,
            "revenue": 108334,
            "revenue_4q": null,
            "common_shares": 1700200,
            "book_valuer_per_share": 5.39,
            "book_valuer_per_share_4q_avg": 5.39,
            "equity": 917074,
            "current_ratio": 225.19,
            "debt_ratio": 29.03,
            "inventory_turnover_ratio": 0.52,
            "account_receivable_turnover_ratio": null,
            "reinvestment_rate": null,
            "research_to_sale_ratio": null,
            "price_fair": 0,
            "eps_avg_yearly": 0,
            "eps_latest_yearly": 0,
            "eps_growth_yearly": 0
        },
        "20012": {
            "year_quarter": 20012,
            "year": 2001,
            "quarter": 2,
            "eps": -0.09,
            "eps_growth_year": null,
            "eps_4q": -0.64,
            "eps_4q_growth_year": null,
            "roe": -1.66,
            "roe_4q": -4.07,
            "gross_profit": 12070,
            "gross_margin": 7.95,
            "gross_margin_4q_avg": 4,
            "net_income": -15047,
            "net_income_4q": null,
            "revenue": 151861,
            "revenue_4q": null,
            "common_shares": 1700200,
            "book_valuer_per_share": 5.26,
            "book_valuer_per_share_4q_avg": 5.33,
            "equity": 893627,
            "current_ratio": 223.84,
            "debt_ratio": 28.68,
            "inventory_turnover_ratio": 0.87,
            "account_receivable_turnover_ratio": null,
            "reinvestment_rate": null,
            "research_to_sale_ratio": null,
            "price_fair": 0,
            "eps_avg_yearly": 0,
            "eps_latest_yearly": 0,
            "eps_growth_yearly": 0
        },
        "20013": {
            "year_quarter": 20013,
            "year": 2001,
            "quarter": 3,
            "eps": -0.21,
            "eps_growth_year": null,
            "eps_4q": -1.02,
            "eps_4q_growth_year": null,
            "roe": -2.3,
            "roe_4q": -6.37,
            "gross_profit": 19638,
            "gross_margin": 20.49,
            "gross_margin_4q_avg": 9.5,
            "net_income": -20321,
            "net_income_4q": null,
            "revenue": 95829,
            "revenue_4q": null,
            "common_shares": 969100,
            "book_valuer_per_share": 9,
            "book_valuer_per_share_4q_avg": 6.55,
            "equity": 872457,
            "current_ratio": 226.51,
            "debt_ratio": 27.62,
            "inventory_turnover_ratio": 0.54,
            "account_receivable_turnover_ratio": null,
            "reinvestment_rate": null,
            "research_to_sale_ratio": null,
            "price_fair": 0,
            "eps_avg_yearly": 0,
            "eps_latest_yearly": 0,
            "eps_growth_yearly": 0
        },
        "20014": {
            "year_quarter": 20014,
            "year": 2001,
            "quarter": 4,
            "eps": -1.05,
            "eps_growth_year": null,
            "eps_4q": -1.59,
            "eps_4q_growth_year": null,
            "roe": -12.22,
            "roe_4q": -18.59,
            "gross_profit": 9004,
            "gross_margin": 10.14,
            "gross_margin_4q_avg": 9.66,
            "net_income": -100357,
            "net_income_4q": null,
            "revenue": 88775,
            "revenue_4q": null,
            "common_shares": 969100,
            "book_valuer_per_share": 7.95,
            "book_valuer_per_share_4q_avg": 6.9,
            "equity": 770161,
            "current_ratio": 181.32,
            "debt_ratio": 29.63,
            "inventory_turnover_ratio": 0.6,
            "account_receivable_turnover_ratio": null,
            "reinvestment_rate": null,
            "research_to_sale_ratio": null,
            "price_fair": 0,
            "eps_avg_yearly": 0,
            "eps_latest_yearly": 0,
            "eps_growth_yearly": 0
        },
        "20021": {
            "year_quarter": 20021,
            "year": 2002,
            "quarter": 1,
            "eps": -1.13,
            "eps_growth_year": null,
            "eps_4q": -2.53,
            "eps_4q_growth_year": null,
            "roe": -15.29,
            "roe_4q": -31.47,
            "gross_profit": -29964,
            "gross_margin": -46.06,
            "gross_margin_4q_avg": -1.87,
            "net_income": -109599,
            "net_income_4q": null,
            "revenue": 65049,
            "revenue_4q": null,
            "common_shares": 969100,
            "book_valuer_per_share": 6.84,
            "book_valuer_per_share_4q_avg": 7.26,
            "equity": 663186,
            "current_ratio": 139.84,
            "debt_ratio": 31.55,
            "inventory_turnover_ratio": 0.95,
            "account_receivable_turnover_ratio": null,
            "reinvestment_rate": null,
            "research_to_sale_ratio": null,
            "price_fair": 0,
            "eps_avg_yearly": 0,
            "eps_latest_yearly": 0,
            "eps_growth_yearly": 0
        },
        "20022": {
            "year_quarter": 20022,
            "year": 2002,
            "quarter": 2,
            "eps": -0.84,
            "eps_growth_year": null,
            "eps_4q": -3.22,
            "eps_4q_growth_year": null,
            "roe": -13.09,
            "roe_4q": -42.9,
            "gross_profit": -12840,
            "gross_margin": -19.7,
            "gross_margin_4q_avg": -8.78,
            "net_income": -81289,
            "net_income_4q": null,
            "revenue": 65181,
            "revenue_4q": null,
            "common_shares": 969100,
            "book_valuer_per_share": 5.97,
            "book_valuer_per_share_4q_avg": 7.44,
            "equity": 578743,
            "current_ratio": 120.71,
            "debt_ratio": 29.22,
            "inventory_turnover_ratio": 1.25,
            "account_receivable_turnover_ratio": null,
            "reinvestment_rate": null,
            "research_to_sale_ratio": null,
            "price_fair": 0,
            "eps_avg_yearly": 0,
            "eps_latest_yearly": 0,
            "eps_growth_yearly": 0
        },
        "20023": {
            "year_quarter": 20023,
            "year": 2002,
            "quarter": 3,
            "eps": -0.77,
            "eps_growth_year": null,
            "eps_4q": -3.78,
            "eps_4q_growth_year": null,
            "roe": -13.83,
            "roe_4q": -54.43,
            "gross_profit": -15657,
            "gross_margin": -19.36,
            "gross_margin_4q_avg": -18.75,
            "net_income": -74891,
            "net_income_4q": null,
            "revenue": 80872,
            "revenue_4q": null,
            "common_shares": 969100,
            "book_valuer_per_share": 5.2,
            "book_valuer_per_share_4q_avg": 6.49,
            "equity": 504014,
            "current_ratio": 86.49,
            "debt_ratio": 34.11,
            "inventory_turnover_ratio": 1.74,
            "account_receivable_turnover_ratio": null,
            "reinvestment_rate": null,
            "research_to_sale_ratio": null,
            "price_fair": 0,
            "eps_avg_yearly": 0,
            "eps_latest_yearly": 0,
            "eps_growth_yearly": 0
        },
        "20024": {
            "year_quarter": 20024,
            "year": 2002,
            "quarter": 4,
            "eps": -1.4,
            "eps_growth_year": null,
            "eps_4q": -5.32,
            "eps_4q_growth_year": null,
            "roe": -20.14,
            "roe_4q": -62.35,
            "gross_profit": -44385,
            "gross_margin": -300.87,
            "gross_margin_4q_avg": -96.5,
            "net_income": -95020,
            "net_income_4q": null,
            "revenue": 14752,
            "revenue_4q": null,
            "common_shares": 678370,
            "book_valuer_per_share": 6.48,
            "book_valuer_per_share_4q_avg": 6.12,
            "equity": 439350,
            "current_ratio": 73.18,
            "debt_ratio": 37.41,
            "inventory_turnover_ratio": 1.61,
            "account_receivable_turnover_ratio": null,
            "reinvestment_rate": null,
            "research_to_sale_ratio": null,
            "price_fair": 0,
            "eps_avg_yearly": 0,
            "eps_latest_yearly": 0,
            "eps_growth_yearly": 0
        },
        "20031": {
            "year_quarter": 20031,
            "year": 2003,
            "quarter": 1,
            "eps": -0.23,
            "eps_growth_year": null,
            "eps_4q": -3.84,
            "eps_4q_growth_year": null,
            "roe": -3.69,
            "roe_4q": -50.75,
            "gross_profit": -5912,
            "gross_margin": -7.73,
            "gross_margin_4q_avg": -86.92,
            "net_income": -15990,
            "net_income_4q": null,
            "revenue": 76469,
            "revenue_4q": null,
            "common_shares": 683370,
            "book_valuer_per_share": 6.24,
            "book_valuer_per_share_4q_avg": 5.97,
            "equity": 426650,
            "current_ratio": 77.69,
            "debt_ratio": 41.07,
            "inventory_turnover_ratio": 2.01,
            "account_receivable_turnover_ratio": null,
            "reinvestment_rate": null,
            "research_to_sale_ratio": null,
            "price_fair": 0,
            "eps_avg_yearly": 0,
            "eps_latest_yearly": 0,
            "eps_growth_yearly": 0
        },
        "20032": {
            "year_quarter": 20032,
            "year": 2003,
            "quarter": 2,
            "eps": -0.6,
            "eps_growth_year": null,
            "eps_4q": -3.32,
            "eps_4q_growth_year": null,
            "roe": -10.17,
            "roe_4q": -47.83,
            "gross_profit": -3245,
            "gross_margin": -3.93,
            "gross_margin_4q_avg": -82.97,
            "net_income": -41071,
            "net_income_4q": null,
            "revenue": 82539,
            "revenue_4q": null,
            "common_shares": 683370,
            "book_valuer_per_share": 5.57,
            "book_valuer_per_share_4q_avg": 5.87,
            "equity": 380937,
            "current_ratio": 56.52,
            "debt_ratio": 38.57,
            "inventory_turnover_ratio": 1.56,
            "account_receivable_turnover_ratio": null,
            "reinvestment_rate": null,
            "research_to_sale_ratio": null,
            "price_fair": 0,
            "eps_avg_yearly": 0,
            "eps_latest_yearly": 0,
            "eps_growth_yearly": 0
        },
        "20033": {
            "year_quarter": 20033,
            "year": 2003,
            "quarter": 3,
            "eps": -0.37,
            "eps_growth_year": null,
            "eps_4q": -2.54,
            "eps_4q_growth_year": null,
            "roe": -6.92,
            "roe_4q": -40.92,
            "gross_profit": -5164,
            "gross_margin": -5.47,
            "gross_margin_4q_avg": -79.5,
            "net_income": -25644,
            "net_income_4q": null,
            "revenue": 94429,
            "revenue_4q": null,
            "common_shares": 699370,
            "book_valuer_per_share": 5.15,
            "book_valuer_per_share_4q_avg": 5.86,
            "equity": 360278,
            "current_ratio": 58.98,
            "debt_ratio": 43.44,
            "inventory_turnover_ratio": 1.98,
            "account_receivable_turnover_ratio": null,
            "reinvestment_rate": null,
            "research_to_sale_ratio": null,
            "price_fair": 0,
            "eps_avg_yearly": 0,
            "eps_latest_yearly": 0,
            "eps_growth_yearly": 0
        },
        "20034": {
            "year_quarter": 20034,
            "year": 2003,
            "quarter": 4,
            "eps": -3.15,
            "eps_growth_year": null,
            "eps_4q": -5.24,
            "eps_4q_growth_year": null,
            "roe": -41.42,
            "roe_4q": -62.2,
            "gross_profit": -19168,
            "gross_margin": -36.13,
            "gross_margin_4q_avg": -13.32,
            "net_income": -124908,
            "net_income_4q": null,
            "revenue": 53060,
            "revenue_4q": null,
            "common_shares": 401370,
            "book_valuer_per_share": 6.05,
            "book_valuer_per_share_4q_avg": 5.75,
            "equity": 242822,
            "current_ratio": 37.44,
            "debt_ratio": 52.24,
            "inventory_turnover_ratio": 2.42,
            "account_receivable_turnover_ratio": null,
            "reinvestment_rate": null,
            "research_to_sale_ratio": null,
            "price_fair": 0,
            "eps_avg_yearly": 0,
            "eps_latest_yearly": 0,
            "eps_growth_yearly": 0
        },
        "20041": {
            "year_quarter": 20041,
            "year": 2004,
            "quarter": 1,
            "eps": -0.14,
            "eps_growth_year": null,
            "eps_4q": -4.81,
            "eps_4q_growth_year": null,
            "roe": -2.36,
            "roe_4q": -60.870000000000005,
            "gross_profit": -112,
            "gross_margin": -0.39,
            "gross_margin_4q_avg": -11.48,
            "net_income": -5739,
            "net_income_4q": null,
            "revenue": 29032,
            "revenue_4q": null,
            "common_shares": 411370,
            "book_valuer_per_share": 5.91,
            "book_valuer_per_share_4q_avg": 5.67,
            "equity": 243083,
            "current_ratio": 38.03,
            "debt_ratio": 50.19,
            "inventory_turnover_ratio": 5.16,
            "account_receivable_turnover_ratio": null,
            "reinvestment_rate": null,
            "research_to_sale_ratio": null,
            "price_fair": 0,
            "eps_avg_yearly": 0,
            "eps_latest_yearly": 0,
            "eps_growth_yearly": 0
        },
        "20042": {
            "year_quarter": 20042,
            "year": 2004,
            "quarter": 2,
            "eps": -0.44,
            "eps_growth_year": null,
            "eps_4q": -4.24,
            "eps_4q_growth_year": null,
            "roe": -7.73,
            "roe_4q": -58.43000000000001,
            "gross_profit": -1832,
            "gross_margin": -4.2,
            "gross_margin_4q_avg": -11.55,
            "net_income": -18091,
            "net_income_4q": null,
            "revenue": 43640,
            "revenue_4q": null,
            "common_shares": 411370,
            "book_valuer_per_share": 5.47,
            "book_valuer_per_share_4q_avg": 5.65,
            "equity": 224992,
            "current_ratio": 54.16,
            "debt_ratio": 55.36,
            "inventory_turnover_ratio": null,
            "account_receivable_turnover_ratio": null,
            "reinvestment_rate": null,
            "research_to_sale_ratio": null,
            "price_fair": 0,
            "eps_avg_yearly": 0,
            "eps_latest_yearly": 0,
            "eps_growth_yearly": 0
        },
        "20043": {
            "year_quarter": 20043,
            "year": 2004,
            "quarter": 3,
            "eps": -0.46,
            "eps_growth_year": null,
            "eps_4q": -4.08,
            "eps_4q_growth_year": null,
            "roe": -8.79,
            "roe_4q": -60.3,
            "gross_profit": 891,
            "gross_margin": 3.06,
            "gross_margin_4q_avg": -9.42,
            "net_income": -18939,
            "net_income_4q": null,
            "revenue": 29075,
            "revenue_4q": null,
            "common_shares": 411370,
            "book_valuer_per_share": 5.01,
            "book_valuer_per_share_4q_avg": 5.61,
            "equity": 206053,
            "current_ratio": 126.02,
            "debt_ratio": 53.8,
            "inventory_turnover_ratio": 135.83,
            "account_receivable_turnover_ratio": null,
            "reinvestment_rate": null,
            "research_to_sale_ratio": null,
            "price_fair": 0,
            "eps_avg_yearly": 0,
            "eps_latest_yearly": 0,
            "eps_growth_yearly": 0
        },
        "20044": {
            "year_quarter": 20044,
            "year": 2004,
            "quarter": 4,
            "eps": -3.88,
            "eps_growth_year": null,
            "eps_4q": -5.25,
            "eps_4q_growth_year": null,
            "roe": -41.78,
            "roe_4q": -60.66,
            "gross_profit": 4027,
            "gross_margin": 5,
            "gross_margin_4q_avg": 0.87,
            "net_income": -121326,
            "net_income_4q": null,
            "revenue": 80621,
            "revenue_4q": null,
            "common_shares": 543000,
            "book_valuer_per_share": 6.9,
            "book_valuer_per_share_4q_avg": 5.82,
            "equity": 374727,
            "current_ratio": 293.74,
            "debt_ratio": 30.33,
            "inventory_turnover_ratio": 369.13,
            "account_receivable_turnover_ratio": null,
            "reinvestment_rate": null,
            "research_to_sale_ratio": null,
            "price_fair": 0,
            "eps_avg_yearly": 0,
            "eps_latest_yearly": 0,
            "eps_growth_yearly": 0
        },
        "20051": {
            "year_quarter": 20051,
            "year": 2005,
            "quarter": 1,
            "eps": 0.12,
            "eps_growth_year": null,
            "eps_4q": -2.79,
            "eps_4q_growth_year": null,
            "roe": 1.72,
            "roe_4q": -56.58,
            "gross_profit": 1267,
            "gross_margin": 3.04,
            "gross_margin_4q_avg": 1.73,
            "net_income": 6520,
            "net_income_4q": null,
            "revenue": 41689,
            "revenue_4q": null,
            "common_shares": 543000,
            "book_valuer_per_share": 7.02,
            "book_valuer_per_share_4q_avg": 6.1,
            "equity": 381247,
            "current_ratio": 315.65,
            "debt_ratio": 19.97,
            "inventory_turnover_ratio": null,
            "account_receivable_turnover_ratio": null,
            "reinvestment_rate": null,
            "research_to_sale_ratio": null,
            "price_fair": 0,
            "eps_avg_yearly": 0,
            "eps_latest_yearly": 0,
            "eps_growth_yearly": 0
        },
        "20052": {
            "year_quarter": 20052,
            "year": 2005,
            "quarter": 2,
            "eps": 0.56,
            "eps_growth_year": null,
            "eps_4q": -2.16,
            "eps_4q_growth_year": null,
            "roe": 7.3,
            "roe_4q": -41.550000000000004,
            "gross_profit": 19323,
            "gross_margin": 13.17,
            "gross_margin_4q_avg": 6.07,
            "net_income": 27561,
            "net_income_4q": null,
            "revenue": 146700,
            "revenue_4q": null,
            "common_shares": 543000,
            "book_valuer_per_share": 6.89,
            "book_valuer_per_share_4q_avg": 6.46,
            "equity": 374185,
            "current_ratio": 150.2,
            "debt_ratio": 31.61,
            "inventory_turnover_ratio": null,
            "account_receivable_turnover_ratio": null,
            "reinvestment_rate": null,
            "research_to_sale_ratio": null,
            "price_fair": 78.4,
            "eps_avg_yearly": 2.24,
            "eps_latest_yearly": 2.24,
            "eps_growth_yearly": 1466.67
        },
        "20053": {
            "year_quarter": 20053,
            "year": 2005,
            "quarter": 3,
            "eps": 1.51,
            "eps_growth_year": null,
            "eps_4q": -0.26,
            "eps_4q_growth_year": null,
            "roe": 18.11,
            "roe_4q": -14.650000000000002,
            "gross_profit": 44539,
            "gross_margin": 19.06,
            "gross_margin_4q_avg": 10.07,
            "net_income": 74493,
            "net_income_4q": null,
            "revenue": 233727,
            "revenue_4q": null,
            "common_shares": 543000,
            "book_valuer_per_share": 8.26,
            "book_valuer_per_share_4q_avg": 7.27,
            "equity": 448629,
            "current_ratio": 160.86,
            "debt_ratio": 35.37,
            "inventory_turnover_ratio": null,
            "account_receivable_turnover_ratio": null,
            "reinvestment_rate": null,
            "research_to_sale_ratio": null,
            "price_fair": 144.9,
            "eps_avg_yearly": 4.14,
            "eps_latest_yearly": 6.04,
            "eps_growth_yearly": 1072.62
        },
        "20054": {
            "year_quarter": 20054,
            "year": 2005,
            "quarter": 4,
            "eps": 0.99,
            "eps_growth_year": null,
            "eps_4q": 3.2,
            "eps_4q_growth_year": null,
            "roe": 7.76,
            "roe_4q": 34.88999999999999,
            "gross_profit": 40168,
            "gross_margin": 29.41,
            "gross_margin_4q_avg": 16.17,
            "net_income": 48554,
            "net_income_4q": null,
            "revenue": 136595,
            "revenue_4q": null,
            "common_shares": 543000,
            "book_valuer_per_share": 9.17,
            "book_valuer_per_share_4q_avg": 7.84,
            "equity": 803402,
            "current_ratio": 162,
            "debt_ratio": 47.43,
            "inventory_turnover_ratio": 1.47,
            "account_receivable_turnover_ratio": null,
            "reinvestment_rate": null,
            "research_to_sale_ratio": null,
            "price_fair": 142.8,
            "eps_avg_yearly": 4.08,
            "eps_latest_yearly": 3.96,
            "eps_growth_yearly": 669.16
        },
        "20061": {
            "year_quarter": 20061,
            "year": 2006,
            "quarter": 1,
            "eps": 1.06,
            "eps_growth_year": 783.33,
            "eps_4q": 4.1,
            "eps_4q_growth_year": null,
            "roe": 7.74,
            "roe_4q": 40.91,
            "gross_profit": 37343,
            "gross_margin": 27.67,
            "gross_margin_4q_avg": 22.33,
            "net_income": 52442,
            "net_income_4q": null,
            "revenue": 134959,
            "revenue_4q": null,
            "common_shares": 543000,
            "book_valuer_per_share": 10.15,
            "book_valuer_per_share_4q_avg": 8.62,
            "equity": 551063,
            "current_ratio": 183.09,
            "debt_ratio": 20.57,
            "inventory_turnover_ratio": 1.49,
            "account_receivable_turnover_ratio": null,
            "reinvestment_rate": null,
            "research_to_sale_ratio": null,
            "price_fair": 144.2,
            "eps_avg_yearly": 4.12,
            "eps_latest_yearly": 4.24,
            "eps_growth_yearly": 508.94
        },
        "20062": {
            "year_quarter": 20062,
            "year": 2006,
            "quarter": 2,
            "eps": 0.78,
            "eps_growth_year": 39.29,
            "eps_4q": 4.34,
            "eps_4q_growth_year": null,
            "roe": 6.75,
            "roe_4q": 40.36,
            "gross_profit": 27817,
            "gross_margin": 25.57,
            "gross_margin_4q_avg": 25.43,
            "net_income": 38397,
            "net_income_4q": null,
            "revenue": 108799,
            "revenue_4q": null,
            "common_shares": 543000,
            "book_valuer_per_share": 10.8,
            "book_valuer_per_share_4q_avg": 9.6,
            "equity": 586333,
            "current_ratio": 218.18,
            "debt_ratio": 16.51,
            "inventory_turnover_ratio": null,
            "account_receivable_turnover_ratio": null,
            "reinvestment_rate": null,
            "research_to_sale_ratio": null,
            "price_fair": 137.2,
            "eps_avg_yearly": 3.92,
            "eps_latest_yearly": 3.12,
            "eps_growth_yearly": 386.02
        },
        "20063": {
            "year_quarter": 20063,
            "year": 2006,
            "quarter": 3,
            "eps": 1.37,
            "eps_growth_year": -9.27,
            "eps_4q": 4.19,
            "eps_4q_growth_year": null,
            "roe": 11.14,
            "roe_4q": 33.39,
            "gross_profit": 43642,
            "gross_margin": 26.02,
            "gross_margin_4q_avg": 27.17,
            "net_income": 67794,
            "net_income_4q": null,
            "revenue": 167745,
            "revenue_4q": null,
            "common_shares": 543000,
            "book_valuer_per_share": 11.62,
            "book_valuer_per_share_4q_avg": 10.44,
            "equity": 631206,
            "current_ratio": 166.74,
            "debt_ratio": 20.68,
            "inventory_turnover_ratio": null,
            "account_receivable_turnover_ratio": null,
            "reinvestment_rate": null,
            "research_to_sale_ratio": null,
            "price_fair": 146.3,
            "eps_avg_yearly": 4.18,
            "eps_latest_yearly": 5.48,
            "eps_growth_yearly": 372.11
        },
        "20064": {
            "year_quarter": 20064,
            "year": 2006,
            "quarter": 4,
            "eps": 0.98,
            "eps_growth_year": -1.01,
            "eps_4q": 4.18,
            "eps_4q_growth_year": 30.39,
            "roe": 7.22,
            "roe_4q": 32.85,
            "gross_profit": 30373,
            "gross_margin": 27.23,
            "gross_margin_4q_avg": 26.62,
            "net_income": 48619,
            "net_income_4q": null,
            "revenue": 111557,
            "revenue_4q": null,
            "common_shares": 543000,
            "book_valuer_per_share": 12.71,
            "book_valuer_per_share_4q_avg": 11.32,
            "equity": 715935,
            "current_ratio": 104.5,
            "debt_ratio": 60.21,
            "inventory_turnover_ratio": 1.16,
            "account_receivable_turnover_ratio": null,
            "reinvestment_rate": null,
            "research_to_sale_ratio": null,
            "price_fair": 145,
            "eps_avg_yearly": 4.14,
            "eps_latest_yearly": 3.92,
            "eps_growth_yearly": 302.69
        },
        "20071": {
            "year_quarter": 20071,
            "year": 2007,
            "quarter": 1,
            "eps": 2.63,
            "eps_growth_year": 148.11,
            "eps_4q": 5.77,
            "eps_4q_growth_year": 40.56,
            "roe": 16.8,
            "roe_4q": 41.91,
            "gross_profit": 50525,
            "gross_margin": 28.26,
            "gross_margin_4q_avg": 26.77,
            "net_income": 129708,
            "net_income_4q": null,
            "revenue": 178799,
            "revenue_4q": null,
            "common_shares": 543000,
            "book_valuer_per_share": 15.25,
            "book_valuer_per_share_4q_avg": 12.6,
            "equity": 827954,
            "current_ratio": 65.88,
            "debt_ratio": 41.8,
            "inventory_turnover_ratio": 1.84,
            "account_receivable_turnover_ratio": null,
            "reinvestment_rate": -223.72,
            "research_to_sale_ratio": null,
            "price_fair": 172.9,
            "eps_avg_yearly": 4.94,
            "eps_latest_yearly": 10.52,
            "eps_growth_yearly": 349.03
        },
        "20072": {
            "year_quarter": 20072,
            "year": 2007,
            "quarter": 2,
            "eps": 2.31,
            "eps_growth_year": 196.15,
            "eps_4q": 7.29,
            "eps_4q_growth_year": 67.81,
            "roe": 13.61,
            "roe_4q": 48.77,
            "gross_profit": 41984,
            "gross_margin": 28.48,
            "gross_margin_4q_avg": 27.5,
            "net_income": 114134,
            "net_income_4q": null,
            "revenue": 147397,
            "revenue_4q": null,
            "common_shares": 543000,
            "book_valuer_per_share": 15.65,
            "book_valuer_per_share_4q_avg": 13.81,
            "equity": 849668,
            "current_ratio": 88.87,
            "debt_ratio": 43.73,
            "inventory_turnover_ratio": null,
            "account_receivable_turnover_ratio": null,
            "reinvestment_rate": -103.39,
            "research_to_sale_ratio": null,
            "price_fair": 189.62,
            "eps_avg_yearly": 5.42,
            "eps_latest_yearly": 9.24,
            "eps_growth_yearly": 304.85
        },
        "20073": {
            "year_quarter": 20073,
            "year": 2007,
            "quarter": 3,
            "eps": 3.77,
            "eps_growth_year": 175.18,
            "eps_4q": 9.19,
            "eps_4q_growth_year": 119.42,
            "roe": 21.07,
            "roe_4q": 58.7,
            "gross_profit": 135513,
            "gross_margin": 29.13,
            "gross_margin_4q_avg": 28.28,
            "net_income": 203541,
            "net_income_4q": null,
            "revenue": 465204,
            "revenue_4q": null,
            "common_shares": 585960,
            "book_valuer_per_share": 18.47,
            "book_valuer_per_share_4q_avg": 15.52,
            "equity": 1082254,
            "current_ratio": 107.63,
            "debt_ratio": 42.78,
            "inventory_turnover_ratio": null,
            "account_receivable_turnover_ratio": null,
            "reinvestment_rate": -41.38,
            "research_to_sale_ratio": null,
            "price_fair": 223.44,
            "eps_avg_yearly": 6.38,
            "eps_latest_yearly": 15.08,
            "eps_growth_yearly": 299.64
        },
        "20074": {
            "year_quarter": 20074,
            "year": 2007,
            "quarter": 4,
            "eps": 2.02,
            "eps_growth_year": 106.12,
            "eps_4q": 10.27,
            "eps_4q_growth_year": 145.92,
            "roe": 9.37,
            "roe_4q": 60.849999999999994,
            "gross_profit": 101973,
            "gross_margin": 28.41,
            "gross_margin_4q_avg": 28.57,
            "net_income": 109498,
            "net_income_4q": null,
            "revenue": 358900,
            "revenue_4q": null,
            "common_shares": 585960,
            "book_valuer_per_share": 21.12,
            "book_valuer_per_share_4q_avg": 17.62,
            "equity": 1255762,
            "current_ratio": 199.86,
            "debt_ratio": 55.15,
            "inventory_turnover_ratio": 2.52,
            "account_receivable_turnover_ratio": null,
            "reinvestment_rate": 85.39,
            "research_to_sale_ratio": null,
            "price_fair": 228.84,
            "eps_avg_yearly": 6.54,
            "eps_latest_yearly": 8.08,
            "eps_growth_yearly": 255.52
        },
        "20081": {
            "year_quarter": 20081,
            "year": 2008,
            "quarter": 1,
            "eps": 2.13,
            "eps_growth_year": -19.01,
            "eps_4q": 10.51,
            "eps_4q_growth_year": 82.24,
            "roe": 8.5,
            "roe_4q": 52.55,
            "gross_profit": 246298,
            "gross_margin": 32.78,
            "gross_margin_4q_avg": 29.7,
            "net_income": 110040,
            "net_income_4q": null,
            "revenue": 751404,
            "revenue_4q": null,
            "common_shares": 585960,
            "book_valuer_per_share": 22.78,
            "book_valuer_per_share_4q_avg": 19.51,
            "equity": 1334770,
            "current_ratio": 186.77,
            "debt_ratio": 52.68,
            "inventory_turnover_ratio": 2.78,
            "account_receivable_turnover_ratio": null,
            "reinvestment_rate": 71.93,
            "research_to_sale_ratio": null,
            "price_fair": 234.62,
            "eps_avg_yearly": 6.7,
            "eps_latest_yearly": 8.52,
            "eps_growth_yearly": 236.04
        },
        "20082": {
            "year_quarter": 20082,
            "year": 2008,
            "quarter": 2,
            "eps": 2.03,
            "eps_growth_year": -12.12,
            "eps_4q": 9.68,
            "eps_4q_growth_year": 32.82,
            "roe": 9.16,
            "roe_4q": 48.1,
            "gross_profit": 264036,
            "gross_margin": 36.35,
            "gross_margin_4q_avg": 31.67,
            "net_income": 113077,
            "net_income_4q": null,
            "revenue": 726281,
            "revenue_4q": null,
            "common_shares": 585960,
            "book_valuer_per_share": 19.35,
            "book_valuer_per_share_4q_avg": 20.43,
            "equity": 1133676,
            "current_ratio": 137.8,
            "debt_ratio": 63.56,
            "inventory_turnover_ratio": 2.55,
            "account_receivable_turnover_ratio": null,
            "reinvestment_rate": 67.57,
            "research_to_sale_ratio": null,
            "price_fair": 238.43,
            "eps_avg_yearly": 6.81,
            "eps_latest_yearly": 8.12,
            "eps_growth_yearly": 216.44
        },
        "20083": {
            "year_quarter": 20083,
            "year": 2008,
            "quarter": 3,
            "eps": 4.46,
            "eps_growth_year": 18.3,
            "eps_4q": 10.25,
            "eps_4q_growth_year": 11.59,
            "roe": 19.41,
            "roe_4q": 46.44,
            "gross_profit": 401220,
            "gross_margin": 43.14,
            "gross_margin_4q_avg": 35.17,
            "net_income": 259844,
            "net_income_4q": null,
            "revenue": 929952,
            "revenue_4q": null,
            "common_shares": 632058,
            "book_valuer_per_share": 24.43,
            "book_valuer_per_share_4q_avg": 21.92,
            "equity": 1544097,
            "current_ratio": 139.08,
            "debt_ratio": 58.23,
            "inventory_turnover_ratio": 2.63,
            "account_receivable_turnover_ratio": null,
            "reinvestment_rate": 55.06,
            "research_to_sale_ratio": null,
            "price_fair": 266,
            "eps_avg_yearly": 7.6,
            "eps_latest_yearly": 17.84,
            "eps_growth_yearly": 235.18
        },
        "20084": {
            "year_quarter": 20084,
            "year": 2008,
            "quarter": 4,
            "eps": -0.19,
            "eps_growth_year": -109.41,
            "eps_4q": 8.28,
            "eps_4q_growth_year": -19.44,
            "roe": -1.05,
            "roe_4q": 36.019999999999996,
            "gross_profit": 287743,
            "gross_margin": 32,
            "gross_margin_4q_avg": 36.07,
            "net_income": -16462,
            "net_income_4q": null,
            "revenue": 899159,
            "revenue_4q": null,
            "common_shares": 632058,
            "book_valuer_per_share": 25.23,
            "book_valuer_per_share_4q_avg": 22.95,
            "equity": 1594724,
            "current_ratio": 146.16,
            "debt_ratio": 54.92,
            "inventory_turnover_ratio": 3.28,
            "account_receivable_turnover_ratio": 1.7,
            "reinvestment_rate": 51.96,
            "research_to_sale_ratio": null,
            "price_fair": 266,
            "eps_avg_yearly": 7.6,
            "eps_latest_yearly": 17.84,
            "eps_growth_yearly": 235.18
        },
        "20091": {
            "year_quarter": 20091,
            "year": 2009,
            "quarter": 1,
            "eps": 2.46,
            "eps_growth_year": 15.49,
            "eps_4q": 8.26,
            "eps_4q_growth_year": -21.46,
            "roe": 8.18,
            "roe_4q": 35.7,
            "gross_profit": 194704,
            "gross_margin": 27.9,
            "gross_margin_4q_avg": 34.85,
            "net_income": 151549,
            "net_income_4q": null,
            "revenue": 697791,
            "revenue_4q": null,
            "common_shares": 632058,
            "book_valuer_per_share": 31.38,
            "book_valuer_per_share_4q_avg": 25.1,
            "equity": 2111761,
            "current_ratio": 164.47,
            "debt_ratio": 49.43,
            "inventory_turnover_ratio": 2.48,
            "account_receivable_turnover_ratio": 0.71,
            "reinvestment_rate": 60.51,
            "research_to_sale_ratio": null,
            "price_fair": 266,
            "eps_avg_yearly": 7.6,
            "eps_latest_yearly": 17.84,
            "eps_growth_yearly": 235.18
        },
        "20092": {
            "year_quarter": 20092,
            "year": 2009,
            "quarter": 2,
            "eps": 2.6,
            "eps_growth_year": 28.08,
            "eps_4q": 8.01,
            "eps_4q_growth_year": -17.33,
            "roe": 8.42,
            "roe_4q": 34.96,
            "gross_profit": 350894,
            "gross_margin": 38.29,
            "gross_margin_4q_avg": 35.33,
            "net_income": 180882,
            "net_income_4q": null,
            "revenue": 916387,
            "revenue_4q": null,
            "common_shares": 632058,
            "book_valuer_per_share": 32.25,
            "book_valuer_per_share_4q_avg": 28.32,
            "equity": 2184922,
            "current_ratio": 165.63,
            "debt_ratio": 48.69,
            "inventory_turnover_ratio": 2.16,
            "account_receivable_turnover_ratio": 0.94,
            "reinvestment_rate": 60.18,
            "research_to_sale_ratio": null,
            "price_fair": 286.4,
            "eps_avg_yearly": 8.18,
            "eps_latest_yearly": 10.4,
            "eps_growth_yearly": 132.05
        },
        "20093": {
            "year_quarter": 20093,
            "year": 2009,
            "quarter": 3,
            "eps": 3.85,
            "eps_growth_year": -13.68,
            "eps_4q": 7.58,
            "eps_4q_growth_year": -26.03,
            "roe": 11.19,
            "roe_4q": 26.74,
            "gross_profit": 349549,
            "gross_margin": 31.12,
            "gross_margin_4q_avg": 32.33,
            "net_income": 283450,
            "net_income_4q": null,
            "revenue": 1123225,
            "revenue_4q": null,
            "common_shares": 736094,
            "book_valuer_per_share": 36.89,
            "book_valuer_per_share_4q_avg": 31.44,
            "equity": 2882260,
            "current_ratio": 173.83,
            "debt_ratio": 37.86,
            "inventory_turnover_ratio": 2.65,
            "account_receivable_turnover_ratio": 0.97,
            "reinvestment_rate": 51.62,
            "research_to_sale_ratio": null,
            "price_fair": 309.8,
            "eps_avg_yearly": 8.85,
            "eps_latest_yearly": 15.4,
            "eps_growth_yearly": 97.31
        },
        "20094": {
            "year_quarter": 20094,
            "year": 2009,
            "quarter": 4,
            "eps": 0.38,
            "eps_growth_year": null,
            "eps_4q": 8.11,
            "eps_4q_growth_year": -1.96,
            "roe": 1.06,
            "roe_4q": 28.85,
            "gross_profit": 199567,
            "gross_margin": 23.18,
            "gross_margin_4q_avg": 30.12,
            "net_income": 31876,
            "net_income_4q": null,
            "revenue": 860770,
            "revenue_4q": null,
            "common_shares": 741388,
            "book_valuer_per_share": 40.5,
            "book_valuer_per_share_4q_avg": 35.26,
            "equity": 3143971,
            "current_ratio": 182.93,
            "debt_ratio": 35.76,
            "inventory_turnover_ratio": 2.21,
            "account_receivable_turnover_ratio": 1.52,
            "reinvestment_rate": 57.02,
            "research_to_sale_ratio": null,
            "price_fair": 303.7,
            "eps_avg_yearly": 8.68,
            "eps_latest_yearly": 1.52,
            "eps_growth_yearly": 81.4
        },
        "20101": {
            "year_quarter": 20101,
            "year": 2010,
            "quarter": 1,
            "eps": 2.27,
            "eps_growth_year": -7.72,
            "eps_4q": 8.37,
            "eps_4q_growth_year": 1.38,
            "roe": 5.39,
            "roe_4q": 26.060000000000002,
            "gross_profit": 257811,
            "gross_margin": 24.4,
            "gross_margin_4q_avg": 29.25,
            "net_income": 173839,
            "net_income_4q": null,
            "revenue": 1056611,
            "revenue_4q": null,
            "common_shares": 741388,
            "book_valuer_per_share": 42.54,
            "book_valuer_per_share_4q_avg": 38.05,
            "equity": 3301878,
            "current_ratio": 245.22,
            "debt_ratio": 37.14,
            "inventory_turnover_ratio": 2.53,
            "account_receivable_turnover_ratio": 0.93,
            "reinvestment_rate": 79.7,
            "research_to_sale_ratio": 0.16,
            "price_fair": 315.8,
            "eps_avg_yearly": 9.02,
            "eps_latest_yearly": 9.08,
            "eps_growth_yearly": 221.49
        },
        "20102": {
            "year_quarter": 20102,
            "year": 2010,
            "quarter": 2,
            "eps": 3.42,
            "eps_growth_year": 31.7,
            "eps_4q": 9.63,
            "eps_4q_growth_year": 20.33,
            "roe": 7.87,
            "roe_4q": 25.509999999999998,
            "gross_profit": 359995,
            "gross_margin": 30.87,
            "gross_margin_4q_avg": 27.39,
            "net_income": 257234,
            "net_income_4q": null,
            "revenue": 1166207,
            "revenue_4q": null,
            "common_shares": 741388,
            "book_valuer_per_share": 41.89,
            "book_valuer_per_share_4q_avg": 40.46,
            "equity": 3238652,
            "current_ratio": 212.24,
            "debt_ratio": 41.15,
            "inventory_turnover_ratio": 2.29,
            "account_receivable_turnover_ratio": 0.91,
            "reinvestment_rate": 75.38,
            "research_to_sale_ratio": null,
            "price_fair": 342.2,
            "eps_avg_yearly": 9.78,
            "eps_latest_yearly": 13.68,
            "eps_growth_yearly": 243.51
        },
        "20103": {
            "year_quarter": 20103,
            "year": 2010,
            "quarter": 3,
            "eps": 3,
            "eps_growth_year": -22.19,
            "eps_4q": 9.05,
            "eps_4q_growth_year": 19.4,
            "roe": 6.75,
            "roe_4q": 21.07,
            "gross_profit": 401651,
            "gross_margin": 29.5,
            "gross_margin_4q_avg": 26.99,
            "net_income": 221634,
            "net_income_4q": null,
            "revenue": 1361465,
            "revenue_4q": null,
            "common_shares": 741388,
            "book_valuer_per_share": 43.39,
            "book_valuer_per_share_4q_avg": 42.08,
            "equity": 3324954,
            "current_ratio": 192.4,
            "debt_ratio": 42.34,
            "inventory_turnover_ratio": 2.55,
            "account_receivable_turnover_ratio": 0.92,
            "reinvestment_rate": 82.95,
            "research_to_sale_ratio": null,
            "price_fair": 358.5,
            "eps_avg_yearly": 10.24,
            "eps_latest_yearly": 12,
            "eps_growth_yearly": 218.39
        },
        "20104": {
            "year_quarter": 20104,
            "year": 2010,
            "quarter": 4,
            "eps": 1.27,
            "eps_growth_year": 234.75,
            "eps_4q": 9.97,
            "eps_4q_growth_year": 22.82,
            "roe": 2.84,
            "roe_4q": 22.85,
            "gross_profit": 299800,
            "gross_margin": 25.66,
            "gross_margin_4q_avg": 27.61,
            "net_income": 93664,
            "net_income_4q": null,
            "revenue": 1168412,
            "revenue_4q": null,
            "common_shares": 741388,
            "book_valuer_per_share": 42.64,
            "book_valuer_per_share_4q_avg": 42.62,
            "equity": 3268961,
            "current_ratio": 211.38,
            "debt_ratio": 40.13,
            "inventory_turnover_ratio": 2.42,
            "account_receivable_turnover_ratio": 0.86,
            "reinvestment_rate": 50.19,
            "research_to_sale_ratio": null,
            "price_fair": 361.4,
            "eps_avg_yearly": 10.33,
            "eps_latest_yearly": 5.08,
            "eps_growth_yearly": 210.05
        },
        "20111": {
            "year_quarter": 20111,
            "year": 2011,
            "quarter": 1,
            "eps": 2.2,
            "eps_growth_year": -3.08,
            "eps_4q": 9.89,
            "eps_4q_growth_year": 18.19,
            "roe": 4.99,
            "roe_4q": 22.45,
            "gross_profit": 232802,
            "gross_margin": 22.81,
            "gross_margin_4q_avg": 27.21,
            "net_income": 167494,
            "net_income_4q": null,
            "revenue": 1020675,
            "revenue_4q": null,
            "common_shares": 741388,
            "book_valuer_per_share": 44.89,
            "book_valuer_per_share_4q_avg": 43.2,
            "equity": 3440492,
            "current_ratio": 240.8,
            "debt_ratio": 37.03,
            "inventory_turnover_ratio": 2.32,
            "account_receivable_turnover_ratio": 0.91,
            "reinvestment_rate": 71.79,
            "research_to_sale_ratio": 0.15,
            "price_fair": 357.1,
            "eps_avg_yearly": 10.2,
            "eps_latest_yearly": 8.8,
            "eps_growth_yearly": 182.86
        },
        "20112": {
            "year_quarter": 20112,
            "year": 2011,
            "quarter": 2,
            "eps": 0.13,
            "eps_growth_year": -96.13,
            "eps_4q": 6.29,
            "eps_4q_growth_year": -34.7,
            "roe": 0.35,
            "roe_4q": 14.93,
            "gross_profit": 230941,
            "gross_margin": 25.8,
            "gross_margin_4q_avg": 25.94,
            "net_income": 11772,
            "net_income_4q": null,
            "revenue": 894985,
            "revenue_4q": null,
            "common_shares": 741388,
            "book_valuer_per_share": 41.62,
            "book_valuer_per_share_4q_avg": 43.14,
            "equity": 3198675,
            "current_ratio": 265,
            "debt_ratio": 37.33,
            "inventory_turnover_ratio": 1.94,
            "account_receivable_turnover_ratio": 0.81,
            "reinvestment_rate": 59.4,
            "research_to_sale_ratio": 0.21,
            "price_fair": 335.3,
            "eps_avg_yearly": 9.58,
            "eps_latest_yearly": 0.52,
            "eps_growth_yearly": 159.46
        },
        "20113": {
            "year_quarter": 20113,
            "year": 2011,
            "quarter": 3,
            "eps": 1.39,
            "eps_growth_year": -53.6,
            "eps_4q": 4.8,
            "eps_4q_growth_year": -46.99,
            "roe": 3.33,
            "roe_4q": 11.51,
            "gross_profit": 272790,
            "gross_margin": 21.24,
            "gross_margin_4q_avg": 23.88,
            "net_income": 108674,
            "net_income_4q": null,
            "revenue": 1284339,
            "revenue_4q": null,
            "common_shares": 778457,
            "book_valuer_per_share": 42.33,
            "book_valuer_per_share_4q_avg": 42.87,
            "equity": 3328208,
            "current_ratio": 269.7,
            "debt_ratio": 38.95,
            "inventory_turnover_ratio": 2.9,
            "account_receivable_turnover_ratio": 0.96,
            "reinvestment_rate": 43.51,
            "research_to_sale_ratio": 0.14,
            "price_fair": 311.5,
            "eps_avg_yearly": 8.9,
            "eps_latest_yearly": 5.56,
            "eps_growth_yearly": 418.32
        },
        "20114": {
            "year_quarter": 20114,
            "year": 2011,
            "quarter": 4,
            "eps": 0.19,
            "eps_growth_year": -85.21,
            "eps_4q": 3.82,
            "eps_4q_growth_year": -61.66,
            "roe": -0.1,
            "roe_4q": 8.57,
            "gross_profit": 168623,
            "gross_margin": 19.69,
            "gross_margin_4q_avg": 22.39,
            "net_income": -3156,
            "net_income_4q": null,
            "revenue": 856471,
            "revenue_4q": null,
            "common_shares": 778457,
            "book_valuer_per_share": 42.94,
            "book_valuer_per_share_4q_avg": 42.95,
            "equity": 3311371,
            "current_ratio": 337.68,
            "debt_ratio": 34.71,
            "inventory_turnover_ratio": 1.8,
            "account_receivable_turnover_ratio": 0.63,
            "reinvestment_rate": 17.75,
            "research_to_sale_ratio": 0.19,
            "price_fair": 293.2,
            "eps_avg_yearly": 8.38,
            "eps_latest_yearly": 0.76,
            "eps_growth_yearly": 406.92
        },
        "20121": {
            "year_quarter": 20121,
            "year": 2012,
            "quarter": 1,
            "eps": 0.57,
            "eps_growth_year": -74.09,
            "eps_4q": 2.3,
            "eps_4q_growth_year": -76.78,
            "roe": 1.33,
            "roe_4q": 4.91,
            "gross_profit": 153366,
            "gross_margin": 16.12,
            "gross_margin_4q_avg": 20.71,
            "net_income": 44245,
            "net_income_4q": null,
            "revenue": 951129,
            "revenue_4q": null,
            "common_shares": 778457,
            "book_valuer_per_share": 43.15,
            "book_valuer_per_share_4q_avg": 42.51,
            "equity": 3328067,
            "current_ratio": 306.77,
            "debt_ratio": 33.56,
            "inventory_turnover_ratio": 2.16,
            "account_receivable_turnover_ratio": 0.88,
            "reinvestment_rate": 45.4,
            "research_to_sale_ratio": 0.15,
            "price_fair": 277.6,
            "eps_avg_yearly": 7.93,
            "eps_latest_yearly": 2.28,
            "eps_growth_yearly": 462.5
        },
        "20122": {
            "year_quarter": 20122,
            "year": 2012,
            "quarter": 2,
            "eps": 0.91,
            "eps_growth_year": 587.22,
            "eps_4q": 3.08,
            "eps_4q_growth_year": -51.12,
            "roe": 2.02,
            "roe_4q": 6.58,
            "gross_profit": 172333,
            "gross_margin": 19.82,
            "gross_margin_4q_avg": 19.22,
            "net_income": 70203,
            "net_income_4q": null,
            "revenue": 869601,
            "revenue_4q": null,
            "common_shares": 778457,
            "book_valuer_per_share": 41.74,
            "book_valuer_per_share_4q_avg": 42.54,
            "equity": 3637679,
            "current_ratio": 167.8,
            "debt_ratio": 40.13,
            "inventory_turnover_ratio": 1.52,
            "account_receivable_turnover_ratio": 0.76,
            "reinvestment_rate": 58.7,
            "research_to_sale_ratio": 0.17,
            "price_fair": 266.4,
            "eps_avg_yearly": 7.61,
            "eps_latest_yearly": 3.64,
            "eps_growth_yearly": 480.89
        },
        "20123": {
            "year_quarter": 20123,
            "year": 2012,
            "quarter": 3,
            "eps": 0.95,
            "eps_growth_year": -31.56,
            "eps_4q": 2.61,
            "eps_4q_growth_year": -45.66,
            "roe": 2.72,
            "roe_4q": 5.970000000000001,
            "gross_profit": 258158,
            "gross_margin": 17.22,
            "gross_margin_4q_avg": 18.21,
            "net_income": 99538,
            "net_income_4q": null,
            "revenue": 1499561,
            "revenue_4q": null,
            "common_shares": 778457,
            "book_valuer_per_share": 41.59,
            "book_valuer_per_share_4q_avg": 42.36,
            "equity": 3676454,
            "current_ratio": 165.12,
            "debt_ratio": 41.92,
            "inventory_turnover_ratio": 2.08,
            "account_receivable_turnover_ratio": 1.01,
            "reinvestment_rate": 61.03,
            "research_to_sale_ratio": 0.29,
            "price_fair": 231.3,
            "eps_avg_yearly": 6.61,
            "eps_latest_yearly": 3.8,
            "eps_growth_yearly": 447.94
        },
        "20124": {
            "year_quarter": 20124,
            "year": 2012,
            "quarter": 4,
            "eps": -0.87,
            "eps_growth_year": -563.76,
            "eps_4q": 1.57,
            "eps_4q_growth_year": -58.86,
            "roe": -2.48,
            "roe_4q": 3.5900000000000003,
            "gross_profit": 119969,
            "gross_margin": 11.02,
            "gross_margin_4q_avg": 16.05,
            "net_income": -90534,
            "net_income_4q": null,
            "revenue": 1088795,
            "revenue_4q": null,
            "common_shares": 778457,
            "book_valuer_per_share": 41.29,
            "book_valuer_per_share_4q_avg": 41.94,
            "equity": 3633202,
            "current_ratio": 184.7,
            "debt_ratio": 43.25,
            "inventory_turnover_ratio": 1.7,
            "account_receivable_turnover_ratio": 0.74,
            "reinvestment_rate": 74.62,
            "research_to_sale_ratio": 0.32,
            "price_fair": 231.3,
            "eps_avg_yearly": 6.61,
            "eps_latest_yearly": 3.8,
            "eps_growth_yearly": 447.94
        },
        "20131": {
            "year_quarter": 20131,
            "year": 2013,
            "quarter": 1,
            "eps": 0.71,
            "eps_growth_year": 24.56,
            "eps_4q": 1.7,
            "eps_4q_growth_year": -25.82,
            "roe": 1.71,
            "roe_4q": 3.97,
            "gross_profit": 94066,
            "gross_margin": 8.44,
            "gross_margin_4q_avg": 14.13,
            "net_income": 72557,
            "net_income_4q": null,
            "revenue": 1113953,
            "revenue_4q": null,
            "common_shares": 778457,
            "book_valuer_per_share": 53.83,
            "book_valuer_per_share_4q_avg": 44.61,
            "equity": 4855372,
            "current_ratio": 193.31,
            "debt_ratio": 34.97,
            "inventory_turnover_ratio": 1.98,
            "account_receivable_turnover_ratio": 0.9,
            "reinvestment_rate": 116.22,
            "research_to_sale_ratio": 0.42,
            "price_fair": 231.3,
            "eps_avg_yearly": 6.61,
            "eps_latest_yearly": 3.8,
            "eps_growth_yearly": 447.94
        },
        "20132": {
            "year_quarter": 20132,
            "year": 2013,
            "quarter": 2,
            "eps": 2.34,
            "eps_growth_year": 157.07,
            "eps_4q": 3.12,
            "eps_4q_growth_year": 1.56,
            "roe": 3.52,
            "roe_4q": 5.470000000000001,
            "gross_profit": 70519,
            "gross_margin": 8.68,
            "gross_margin_4q_avg": 11.34,
            "net_income": 169279,
            "net_income_4q": null,
            "revenue": 812090,
            "revenue_4q": null,
            "common_shares": 781214,
            "book_valuer_per_share": 52.09,
            "book_valuer_per_share_4q_avg": 47.2,
            "equity": 4752942,
            "current_ratio": 254.16,
            "debt_ratio": 36.06,
            "inventory_turnover_ratio": 1.42,
            "account_receivable_turnover_ratio": 0.74,
            "reinvestment_rate": 92.12,
            "research_to_sale_ratio": 0.84,
            "price_fair": 228.7,
            "eps_avg_yearly": 6.53,
            "eps_latest_yearly": 9.36,
            "eps_growth_yearly": 511.91
        },
        "20133": {
            "year_quarter": 20133,
            "year": 2013,
            "quarter": 3,
            "eps": 0.82,
            "eps_growth_year": -13.81,
            "eps_4q": 2.97,
            "eps_4q_growth_year": 13.86,
            "roe": 1.54,
            "roe_4q": 4.290000000000001,
            "gross_profit": 97680,
            "gross_margin": 8.99,
            "gross_margin_4q_avg": 9.28,
            "net_income": 73131,
            "net_income_4q": null,
            "revenue": 1086058,
            "revenue_4q": null,
            "common_shares": 785033,
            "book_valuer_per_share": 51.48,
            "book_valuer_per_share_4q_avg": 49.67,
            "equity": 4733260,
            "current_ratio": 268.1,
            "debt_ratio": 34.51,
            "inventory_turnover_ratio": 1.97,
            "account_receivable_turnover_ratio": 1.06,
            "reinvestment_rate": 105.03,
            "research_to_sale_ratio": 1.31,
            "price_fair": 198.4,
            "eps_avg_yearly": 5.67,
            "eps_latest_yearly": 3.28,
            "eps_growth_yearly": 479.62
        },
        "20134": {
            "year_quarter": 20134,
            "year": 2013,
            "quarter": 4,
            "eps": -1.57,
            "eps_growth_year": null,
            "eps_4q": 2.13,
            "eps_4q_growth_year": 35.59,
            "roe": -3.09,
            "roe_4q": 3.68,
            "gross_profit": 30637,
            "gross_margin": 3.59,
            "gross_margin_4q_avg": 7.43,
            "net_income": -146774,
            "net_income_4q": null,
            "revenue": 854094,
            "revenue_4q": null,
            "common_shares": 813483,
            "book_valuer_per_share": 50.1,
            "book_valuer_per_share_4q_avg": 51.88,
            "equity": 4752783,
            "current_ratio": 284.06,
            "debt_ratio": 32.17,
            "inventory_turnover_ratio": 1.94,
            "account_receivable_turnover_ratio": 0.91,
            "reinvestment_rate": 65.18,
            "research_to_sale_ratio": 1.14,
            "price_fair": 209.57,
            "eps_avg_yearly": 5.99,
            "eps_latest_yearly": 3.28,
            "eps_growth_yearly": 544.24
        },
        "20141": {
            "year_quarter": 20141,
            "year": 2014,
            "quarter": 1,
            "eps": 1.33,
            "eps_growth_year": 87.32,
            "eps_4q": 2.71,
            "eps_4q_growth_year": 58.92,
            "roe": 1.91,
            "roe_4q": 3.88,
            "gross_profit": 57828,
            "gross_margin": 7.55,
            "gross_margin_4q_avg": 7.2,
            "net_income": 92195,
            "net_income_4q": null,
            "revenue": 765689,
            "revenue_4q": null,
            "common_shares": 836082,
            "book_valuer_per_share": 50.43,
            "book_valuer_per_share_4q_avg": 51.03,
            "equity": 4878839,
            "current_ratio": 328.56,
            "debt_ratio": 30.01,
            "inventory_turnover_ratio": 1.84,
            "account_receivable_turnover_ratio": 0.98,
            "reinvestment_rate": 21.72,
            "research_to_sale_ratio": 1.29,
            "price_fair": 200.55,
            "eps_avg_yearly": 5.73,
            "eps_latest_yearly": 3.28,
            "eps_growth_yearly": 423.81
        },
        "20142": {
            "year_quarter": 20142,
            "year": 2014,
            "quarter": 2,
            "eps": 0.16,
            "eps_growth_year": -93.16,
            "eps_4q": 0.69,
            "eps_4q_growth_year": -77.79,
            "roe": -0.04,
            "roe_4q": 0.32000000000000006,
            "gross_profit": 75520,
            "gross_margin": 9.12,
            "gross_margin_4q_avg": 7.31,
            "net_income": -1873,
            "net_income_4q": null,
            "revenue": 828245,
            "revenue_4q": null,
            "common_shares": 836171,
            "book_valuer_per_share": 48.53,
            "book_valuer_per_share_4q_avg": 50.14,
            "equity": 4702650,
            "current_ratio": 255.24,
            "debt_ratio": 31.21,
            "inventory_turnover_ratio": 1.95,
            "account_receivable_turnover_ratio": 1.04,
            "reinvestment_rate": 15.18,
            "research_to_sale_ratio": 1.18,
            "price_fair": 162.52,
            "eps_avg_yearly": 4.64,
            "eps_latest_yearly": 0.64,
            "eps_growth_yearly": 377.59
        },
        "20143": {
            "year_quarter": 20143,
            "year": 2014,
            "quarter": 3,
            "eps": 0.64,
            "eps_growth_year": -21.95,
            "eps_4q": 0.54,
            "eps_4q_growth_year": -81.78,
            "roe": 1.41,
            "roe_4q": 0.18999999999999995,
            "gross_profit": 112919,
            "gross_margin": 10.55,
            "gross_margin_4q_avg": 7.7,
            "net_income": 72489,
            "net_income_4q": null,
            "revenue": 1070512,
            "revenue_4q": null,
            "common_shares": 913428,
            "book_valuer_per_share": 48.17,
            "book_valuer_per_share_4q_avg": 49.31,
            "equity": 5596192,
            "current_ratio": 294.23,
            "debt_ratio": 26.7,
            "inventory_turnover_ratio": 2.39,
            "account_receivable_turnover_ratio": 1.18,
            "reinvestment_rate": 34.82,
            "research_to_sale_ratio": 0.86,
            "price_fair": 134.98,
            "eps_avg_yearly": 3.86,
            "eps_latest_yearly": 2.56,
            "eps_growth_yearly": 481.69
        },
        "20144": {
            "year_quarter": 20144,
            "year": 2014,
            "quarter": 4,
            "eps": -0.4,
            "eps_growth_year": null,
            "eps_4q": 1.54,
            "eps_4q_growth_year": -27.84,
            "roe": -0.98,
            "roe_4q": 2.3,
            "gross_profit": 119765,
            "gross_margin": 11.38,
            "gross_margin_4q_avg": 9.65,
            "net_income": -54887,
            "net_income_4q": null,
            "revenue": 1052643,
            "revenue_4q": null,
            "common_shares": 913610,
            "book_valuer_per_share": 48.71,
            "book_valuer_per_share_4q_avg": 48.96,
            "equity": 5653407,
            "current_ratio": 261.15,
            "debt_ratio": 28.03,
            "inventory_turnover_ratio": 2.22,
            "account_receivable_turnover_ratio": 0.96,
            "reinvestment_rate": 65.96,
            "research_to_sale_ratio": 0.79,
            "price_fair": 131.09,
            "eps_avg_yearly": 3.75,
            "eps_latest_yearly": 2.56,
            "eps_growth_yearly": 546.45
        },
        "20151": {
            "year_quarter": 20151,
            "year": 2015,
            "quarter": 1,
            "eps": 0.42,
            "eps_growth_year": -68.42,
            "eps_4q": 0.78,
            "eps_4q_growth_year": -71.34,
            "roe": 0.73,
            "roe_4q": 1.1199999999999999,
            "gross_profit": 66790,
            "gross_margin": 7.29,
            "gross_margin_4q_avg": 9.59,
            "net_income": 42110,
            "net_income_4q": null,
            "revenue": 916186,
            "revenue_4q": null,
            "common_shares": 913610,
            "book_valuer_per_share": 47.94,
            "book_valuer_per_share_4q_avg": 48.34,
            "equity": 5956481,
            "current_ratio": 208.35,
            "debt_ratio": 37.35,
            "inventory_turnover_ratio": 1.47,
            "account_receivable_turnover_ratio": 0.6,
            "reinvestment_rate": 266.61,
            "research_to_sale_ratio": 1.02,
            "price_fair": 113.4,
            "eps_avg_yearly": 3.24,
            "eps_latest_yearly": 2.56,
            "eps_growth_yearly": 571.8
        },
        "20152": {
            "year_quarter": 20152,
            "year": 2015,
            "quarter": 2,
            "eps": 0.16,
            "eps_growth_year": 0,
            "eps_4q": 0.72,
            "eps_4q_growth_year": 4.25,
            "roe": 0.62,
            "roe_4q": 1.78,
            "gross_profit": 185727,
            "gross_margin": 11.92,
            "gross_margin_4q_avg": 10.29,
            "net_income": 36635,
            "net_income_4q": null,
            "revenue": 1558558,
            "revenue_4q": null,
            "common_shares": 913610,
            "book_valuer_per_share": 47.28,
            "book_valuer_per_share_4q_avg": 48.03,
            "equity": 5873183,
            "current_ratio": 201.68,
            "debt_ratio": 37.35,
            "inventory_turnover_ratio": 1.87,
            "account_receivable_turnover_ratio": 0.89,
            "reinvestment_rate": 340.77,
            "research_to_sale_ratio": 0.56,
            "price_fair": 113.82,
            "eps_avg_yearly": 3.25,
            "eps_latest_yearly": 0.64,
            "eps_growth_yearly": 584.68
        },
        "20153": {
            "year_quarter": 20153,
            "year": 2015,
            "quarter": 3,
            "eps": -0.35,
            "eps_growth_year": -154.69,
            "eps_4q": -0.18,
            "eps_4q_growth_year": -132.84,
            "roe": -0.54,
            "roe_4q": -0.17000000000000004,
            "gross_profit": 188756,
            "gross_margin": 11.14,
            "gross_margin_4q_avg": 10.43,
            "net_income": -31424,
            "net_income_4q": null,
            "revenue": 1694627,
            "revenue_4q": null,
            "common_shares": 995835,
            "book_valuer_per_share": 43.2,
            "book_valuer_per_share_4q_avg": 46.78,
            "equity": 5854428,
            "current_ratio": 178.58,
            "debt_ratio": 39.92,
            "inventory_turnover_ratio": 1.9,
            "account_receivable_turnover_ratio": 1.01,
            "reinvestment_rate": 583.05,
            "research_to_sale_ratio": 0.5,
            "price_fair": 104.84,
            "eps_avg_yearly": 3,
            "eps_latest_yearly": 0.64,
            "eps_growth_yearly": 218.87
        },
        "20154": {
            "year_quarter": 20154,
            "year": 2015,
            "quarter": 4,
            "eps": -0.11,
            "eps_growth_year": null,
            "eps_4q": 0.08,
            "eps_4q_growth_year": -95.08,
            "roe": 1.69,
            "roe_4q": 2.5,
            "gross_profit": 208108,
            "gross_margin": 11.66,
            "gross_margin_4q_avg": 10.5,
            "net_income": 99983,
            "net_income_4q": null,
            "revenue": 1784782,
            "revenue_4q": null,
            "common_shares": 995835,
            "book_valuer_per_share": 43.66,
            "book_valuer_per_share_4q_avg": 45.52,
            "equity": 6001993,
            "current_ratio": 217.99,
            "debt_ratio": 47.27,
            "inventory_turnover_ratio": 1.81,
            "account_receivable_turnover_ratio": 1.08,
            "reinvestment_rate": 677.09,
            "research_to_sale_ratio": 0.47,
            "price_fair": 114.63,
            "eps_avg_yearly": 3.28,
            "eps_latest_yearly": 0.64,
            "eps_growth_yearly": 289.4
        },
        "20161": {
            "year_quarter": 20161,
            "year": 2016,
            "quarter": 1,
            "eps": 0.59,
            "eps_growth_year": 40.48,
            "eps_4q": 0.28,
            "eps_4q_growth_year": -63.82,
            "roe": 0.74,
            "roe_4q": 2.51,
            "gross_profit": 264910,
            "gross_margin": 17.24,
            "gross_margin_4q_avg": 12.99,
            "net_income": 44359,
            "net_income_4q": null,
            "revenue": 1536516,
            "revenue_4q": null,
            "common_shares": 995835,
            "book_valuer_per_share": 44.23,
            "book_valuer_per_share_4q_avg": 44.59,
            "equity": 6062493,
            "current_ratio": 206.25,
            "debt_ratio": 46.94,
            "inventory_turnover_ratio": 1.43,
            "account_receivable_turnover_ratio": 0.99,
            "reinvestment_rate": 641.58,
            "research_to_sale_ratio": 0.96,
            "price_fair": 119.6,
            "eps_avg_yearly": 3.42,
            "eps_latest_yearly": 0.64,
            "eps_growth_yearly": 216.45
        },
        "20162": {
            "year_quarter": 20162,
            "year": 2016,
            "quarter": 2,
            "eps": 0.46,
            "eps_growth_year": 187.5,
            "eps_4q": 0.59,
            "eps_4q_growth_year": -18.62,
            "roe": 0.88,
            "roe_4q": 2.77,
            "gross_profit": 259400,
            "gross_margin": 14.93,
            "gross_margin_4q_avg": 13.74,
            "net_income": 52158,
            "net_income_4q": null,
            "revenue": 1737229,
            "revenue_4q": null,
            "common_shares": 995835,
            "book_valuer_per_share": 42.23,
            "book_valuer_per_share_4q_avg": 43.33,
            "equity": 5780613,
            "current_ratio": 182.12,
            "debt_ratio": 49.56,
            "inventory_turnover_ratio": 1.53,
            "account_receivable_turnover_ratio": 1.14,
            "reinvestment_rate": 667.12,
            "research_to_sale_ratio": 0.88,
            "price_fair": 110.6,
            "eps_avg_yearly": 3.16,
            "eps_latest_yearly": 1.84,
            "eps_growth_yearly": 169.78
        },
        "20163": {
            "year_quarter": 20163,
            "year": 2016,
            "quarter": 3,
            "eps": 0.18,
            "eps_growth_year": null,
            "eps_4q": 1.08,
            "eps_4q_growth_year": null,
            "roe": 0.12,
            "roe_4q": 3.4299999999999997,
            "gross_profit": 386614,
            "gross_margin": 15.92,
            "gross_margin_4q_avg": 14.94,
            "net_income": 7113,
            "net_income_4q": null,
            "revenue": 2427859,
            "revenue_4q": null,
            "common_shares": 1027865,
            "book_valuer_per_share": 41.16,
            "book_valuer_per_share_4q_avg": 42.82,
            "equity": 5760874,
            "current_ratio": 174.06,
            "debt_ratio": 50.3,
            "inventory_turnover_ratio": 1.88,
            "account_receivable_turnover_ratio": 1.33,
            "reinvestment_rate": 753.93,
            "research_to_sale_ratio": 0.63,
            "price_fair": 95.2,
            "eps_avg_yearly": 2.72,
            "eps_latest_yearly": 0.72,
            "eps_growth_yearly": 132.48
        },
        "20164": {
            "year_quarter": 20164,
            "year": 2016,
            "quarter": 4,
            "eps": -0.49,
            "eps_growth_year": null,
            "eps_4q": 0.7,
            "eps_4q_growth_year": 822.93,
            "roe": 0.12,
            "roe_4q": 1.86,
            "gross_profit": 277307,
            "gross_margin": 13.2,
            "gross_margin_4q_avg": 15.32,
            "net_income": 6704,
            "net_income_4q": null,
            "revenue": 2100623,
            "revenue_4q": null,
            "common_shares": 1027865,
            "book_valuer_per_share": 40.69,
            "book_valuer_per_share_4q_avg": 42.08,
            "equity": 5751550,
            "current_ratio": 176.29,
            "debt_ratio": 48.93,
            "inventory_turnover_ratio": 1.65,
            "account_receivable_turnover_ratio": 0.99,
            "reinvestment_rate": 637.61,
            "research_to_sale_ratio": 0.73,
            "price_fair": 95.2,
            "eps_avg_yearly": 2.72,
            "eps_latest_yearly": 0.72,
            "eps_growth_yearly": 132.48
        },
        "20171": {
            "year_quarter": 20171,
            "year": 2017,
            "quarter": 1,
            "eps": 0.71,
            "eps_growth_year": 20.34,
            "eps_4q": 0.84,
            "eps_4q_growth_year": 199.18,
            "roe": 1.61,
            "roe_4q": 2.73,
            "gross_profit": 290771,
            "gross_margin": 15.52,
            "gross_margin_4q_avg": 14.89,
            "net_income": 90872,
            "net_income_4q": null,
            "revenue": 1873839,
            "revenue_4q": null,
            "common_shares": 1027865,
            "book_valuer_per_share": 39.28,
            "book_valuer_per_share_4q_avg": 40.84,
            "equity": 5564553,
            "current_ratio": 197.74,
            "debt_ratio": 46.94,
            "inventory_turnover_ratio": 1.55,
            "account_receivable_turnover_ratio": 1.01,
            "reinvestment_rate": 355.71,
            "research_to_sale_ratio": 0.74,
            "price_fair": 95.2,
            "eps_avg_yearly": 2.72,
            "eps_latest_yearly": 0.72,
            "eps_growth_yearly": 132.48
        },
        "20172": {
            "year_quarter": 20172,
            "year": 2017,
            "quarter": 2,
            "eps": 0.1,
            "eps_growth_year": -78.26,
            "eps_4q": 0.46,
            "eps_4q_growth_year": -21,
            "roe": 0.13,
            "roe_4q": 1.9800000000000004,
            "gross_profit": 164426,
            "gross_margin": 9.8,
            "gross_margin_4q_avg": 13.61,
            "net_income": 7359,
            "net_income_4q": null,
            "revenue": 1677952,
            "revenue_4q": null,
            "common_shares": 1027865,
            "book_valuer_per_share": 39.01,
            "book_valuer_per_share_4q_avg": 40.04,
            "equity": 5402606,
            "current_ratio": 184.98,
            "debt_ratio": 48.69,
            "inventory_turnover_ratio": 1.45,
            "account_receivable_turnover_ratio": 1.08,
            "reinvestment_rate": 740.47,
            "research_to_sale_ratio": 0.78,
            "price_fair": 4.32,
            "eps_avg_yearly": 1.44,
            "eps_latest_yearly": 0.4,
            "eps_growth_yearly": -47.8
        },
        "20173": {
            "year_quarter": 20173,
            "year": 2017,
            "quarter": 3,
            "eps": 1.02,
            "eps_growth_year": 466.67,
            "eps_4q": 1.31,
            "eps_4q_growth_year": 21.24,
            "roe": 2.27,
            "roe_4q": 4.13,
            "gross_profit": 332897,
            "gross_margin": 14.37,
            "gross_margin_4q_avg": 13.22,
            "net_income": 124338,
            "net_income_4q": null,
            "revenue": 2316887,
            "revenue_4q": null,
            "common_shares": 1085597,
            "book_valuer_per_share": 38.28,
            "book_valuer_per_share_4q_avg": 39.32,
            "equity": 5556307,
            "current_ratio": 183.87,
            "debt_ratio": 49.18,
            "inventory_turnover_ratio": 1.75,
            "account_receivable_turnover_ratio": 1.27,
            "reinvestment_rate": 614.99,
            "research_to_sale_ratio": 0.59,
            "price_fair": 54.4,
            "eps_avg_yearly": 1.55,
            "eps_latest_yearly": 4.08,
            "eps_growth_yearly": 515.03
        },
        "20174": {
            "year_quarter": 20174,
            "year": 2017,
            "quarter": 4,
            "eps": 0.3,
            "eps_growth_year": null,
            "eps_4q": 2.02,
            "eps_4q_growth_year": 189.44,
            "roe": 2.46,
            "roe_4q": 6.470000000000001,
            "gross_profit": 1107724,
            "gross_margin": 17.1,
            "gross_margin_4q_avg": 14.2,
            "net_income": 151176,
            "net_income_4q": null,
            "revenue": 6478455,
            "revenue_4q": null,
            "common_shares": 1123543,
            "book_valuer_per_share": 38.75,
            "book_valuer_per_share_4q_avg": 38.83,
            "equity": 6746965,
            "current_ratio": 131.3,
            "debt_ratio": 51.81,
            "inventory_turnover_ratio": 4.11,
            "account_receivable_turnover_ratio": 2.46,
            "reinvestment_rate": 609.04,
            "research_to_sale_ratio": 0.6,
            "price_fair": 52.85,
            "eps_avg_yearly": 1.51,
            "eps_latest_yearly": 1.2,
            "eps_growth_yearly": 415.36
        },
        "20181": {
            "year_quarter": 20181,
            "year": 2018,
            "quarter": 1,
            "eps": 0.42,
            "eps_growth_year": -40.85,
            "eps_4q": 1.78,
            "eps_4q_growth_year": 111.39,
            "roe": 1.1,
            "roe_4q": 5.96,
            "gross_profit": 469982,
            "gross_margin": 16.73,
            "gross_margin_4q_avg": 14.5,
            "net_income": 74513,
            "net_income_4q": null,
            "revenue": 2809205,
            "revenue_4q": null,
            "common_shares": 1130418,
            "book_valuer_per_share": 39.23,
            "book_valuer_per_share_4q_avg": 38.82,
            "equity": 6851213,
            "current_ratio": 135.58,
            "debt_ratio": 49.84,
            "inventory_turnover_ratio": 1.58,
            "account_receivable_turnover_ratio": 1.03,
            "reinvestment_rate": 782.1,
            "research_to_sale_ratio": 0.71,
            "price_fair": 53.51,
            "eps_avg_yearly": 1.53,
            "eps_latest_yearly": 1.68,
            "eps_growth_yearly": 386.99
        },
        "20182": {
            "year_quarter": 20182,
            "year": 2018,
            "quarter": 2,
            "eps": 0.22,
            "eps_growth_year": 120,
            "eps_4q": 1.72,
            "eps_4q_growth_year": 270.29,
            "roe": 1.05,
            "roe_4q": 6.880000000000001,
            "gross_profit": 433731,
            "gross_margin": 14.25,
            "gross_margin_4q_avg": 15.61,
            "net_income": 72458,
            "net_income_4q": null,
            "revenue": 3044131,
            "revenue_4q": null,
            "common_shares": 1130418,
            "book_valuer_per_share": 38.68,
            "book_valuer_per_share_4q_avg": 38.74,
            "equity": 6924909,
            "current_ratio": 135.45,
            "debt_ratio": 51.01,
            "inventory_turnover_ratio": 1.74,
            "account_receivable_turnover_ratio": 1.25,
            "reinvestment_rate": 778.37,
            "research_to_sale_ratio": 0.63,
            "price_fair": 54.44,
            "eps_avg_yearly": 1.56,
            "eps_latest_yearly": 0.88,
            "eps_growth_yearly": 404.92
        },
        "20183": {
            "year_quarter": 20183,
            "year": 2018,
            "quarter": 3,
            "eps": 0.24,
            "eps_growth_year": -76.47,
            "eps_4q": 1.08,
            "eps_4q_growth_year": -17.83,
            "roe": 1.12,
            "roe_4q": 5.73,
            "gross_profit": 458175,
            "gross_margin": 15.24,
            "gross_margin_4q_avg": 15.83,
            "net_income": 77094,
            "net_income_4q": null,
            "revenue": 3005810,
            "revenue_4q": null,
            "common_shares": 1254764,
            "book_valuer_per_share": 34.26,
            "book_valuer_per_share_4q_avg": 37.73,
            "equity": 6859144,
            "current_ratio": 140.71,
            "debt_ratio": 49.81,
            "inventory_turnover_ratio": 1.66,
            "account_receivable_turnover_ratio": 1.23,
            "reinvestment_rate": 646.42,
            "research_to_sale_ratio": 0.73,
            "price_fair": 48.22,
            "eps_avg_yearly": 1.38,
            "eps_latest_yearly": 0.96,
            "eps_growth_yearly": 275.63
        },
        "20184": {
            "year_quarter": 20184,
            "year": 2018,
            "quarter": 4,
            "eps": -0.52,
            "eps_growth_year": -272.93,
            "eps_4q": 0.29,
            "eps_4q_growth_year": -85.86,
            "roe": -0.4,
            "roe_4q": 2.87,
            "gross_profit": 497113,
            "gross_margin": 15.14,
            "gross_margin_4q_avg": 15.34,
            "net_income": -27143,
            "net_income_4q": null,
            "revenue": 3283053,
            "revenue_4q": null,
            "common_shares": 1254764,
            "book_valuer_per_share": 33.85,
            "book_valuer_per_share_4q_avg": 36.51,
            "equity": 6811764,
            "current_ratio": 165.93,
            "debt_ratio": 51.24,
            "inventory_turnover_ratio": 1.73,
            "account_receivable_turnover_ratio": 1.39,
            "reinvestment_rate": 654.42,
            "research_to_sale_ratio": 0.51,
            "price_fair": 48.22,
            "eps_avg_yearly": 1.38,
            "eps_latest_yearly": 0.96,
            "eps_growth_yearly": 275.63
        },
        "20191": {
            "year_quarter": 20191,
            "year": 2019,
            "quarter": 1,
            "eps": 0.85,
            "eps_growth_year": 102.38,
            "eps_4q": 0.77,
            "eps_4q_growth_year": -56.88,
            "roe": 3.09,
            "roe_4q": 4.86,
            "gross_profit": 434292,
            "gross_margin": 14.21,
            "gross_margin_4q_avg": 14.71,
            "net_income": 214812,
            "net_income_4q": null,
            "revenue": 3057176,
            "revenue_4q": null,
            "common_shares": 1254764,
            "book_valuer_per_share": 35.1,
            "book_valuer_per_share_4q_avg": 35.47,
            "equity": 7110357,
            "current_ratio": 170.34,
            "debt_ratio": 51.34,
            "inventory_turnover_ratio": 1.58,
            "account_receivable_turnover_ratio": 1.37,
            "reinvestment_rate": 339.14,
            "research_to_sale_ratio": 0.51,
            "price_fair": 48.22,
            "eps_avg_yearly": 1.38,
            "eps_latest_yearly": 0.96,
            "eps_growth_yearly": 275.63
        },
        "20192": {
            "year_quarter": 20192,
            "year": 2019,
            "quarter": 2,
            "eps": 0.19,
            "eps_growth_year": -13.64,
            "eps_4q": 0.71,
            "eps_4q_growth_year": -58.51,
            "roe": 1.64,
            "roe_4q": 5.449999999999999,
            "gross_profit": 436576,
            "gross_margin": 14.09,
            "gross_margin_4q_avg": 14.67,
            "net_income": 115702,
            "net_income_4q": null,
            "revenue": 3098149,
            "revenue_4q": null,
            "common_shares": 1254764,
            "book_valuer_per_share": 34.73,
            "book_valuer_per_share_4q_avg": 34.49,
            "equity": 6995643,
            "current_ratio": 164.34,
            "debt_ratio": 52.46,
            "inventory_turnover_ratio": 1.6,
            "account_receivable_turnover_ratio": 1.42,
            "reinvestment_rate": 312.14,
            "research_to_sale_ratio": 0.53,
            "price_fair": 48.69,
            "eps_avg_yearly": 1.39,
            "eps_latest_yearly": 0.76,
            "eps_growth_yearly": 268.63
        },
        "20193": {
            "year_quarter": 20193,
            "year": 2019,
            "quarter": 3,
            "eps": 0.31,
            "eps_growth_year": 29.17,
            "eps_4q": 0.68,
            "eps_4q_growth_year": -37.38,
            "roe": 1.2,
            "roe_4q": 5.529999999999999,
            "gross_profit": 478958,
            "gross_margin": 16.3,
            "gross_margin_4q_avg": 14.94,
            "net_income": 84686,
            "net_income_4q": null,
            "revenue": 2938093,
            "revenue_4q": null,
            "common_shares": 1666314,
            "book_valuer_per_share": 33.14,
            "book_valuer_per_share_4q_avg": 34.21,
            "equity": 7134543,
            "current_ratio": 162.36,
            "debt_ratio": 53.29,
            "inventory_turnover_ratio": 1.5,
            "account_receivable_turnover_ratio": 1.28,
            "reinvestment_rate": 215.16,
            "research_to_sale_ratio": 0.52,
            "price_fair": 48.16,
            "eps_avg_yearly": 1.38,
            "eps_latest_yearly": 1.24,
            "eps_growth_yearly": 267.03
        },
        "20194": {
            "year_quarter": 20194,
            "year": 2019,
            "quarter": 4,
            "eps": 0.07,
            "eps_growth_year": null,
            "eps_4q": 1.14,
            "eps_4q_growth_year": 299.47,
            "roe": 0.11,
            "roe_4q": 6.04,
            "gross_profit": 445663,
            "gross_margin": 14.84,
            "gross_margin_4q_avg": 14.86,
            "net_income": 7437,
            "net_income_4q": null,
            "revenue": 3002979,
            "revenue_4q": null,
            "common_shares": 1666314,
            "book_valuer_per_share": 32.48,
            "book_valuer_per_share_4q_avg": 33.86,
            "equity": 6940609,
            "current_ratio": 145.99,
            "debt_ratio": 53.65,
            "inventory_turnover_ratio": 1.63,
            "account_receivable_turnover_ratio": 1.29,
            "reinvestment_rate": 67.22,
            "research_to_sale_ratio": 0.55,
            "price_fair": 44.67,
            "eps_avg_yearly": 1.28,
            "eps_latest_yearly": 0.28,
            "eps_growth_yearly": 214.6
        },
        "20201": {
            "year_quarter": 20201,
            "year": 2020,
            "quarter": 1,
            "eps": -1.27,
            "eps_growth_year": -249.41,
            "eps_4q": -0.77,
            "eps_4q_growth_year": -200.3,
            "roe": -3.7,
            "roe_4q": -0.7500000000000007,
            "gross_profit": 377975,
            "gross_margin": 15.71,
            "gross_margin_4q_avg": 15.24,
            "net_income": -250129,
            "net_income_4q": null,
            "revenue": 2405341,
            "revenue_4q": null,
            "common_shares": 1666314,
            "book_valuer_per_share": 30.77,
            "book_valuer_per_share_4q_avg": 32.78,
            "equity": 6598286,
            "current_ratio": 137.02,
            "debt_ratio": 53.73,
            "inventory_turnover_ratio": 1.34,
            "account_receivable_turnover_ratio": 1.13,
            "reinvestment_rate": -170.76,
            "research_to_sale_ratio": 0.54,
            "price_fair": 44.67,
            "eps_avg_yearly": 1.28,
            "eps_latest_yearly": 0.28,
            "eps_growth_yearly": 214.6
        },
        "20202": {
            "year_quarter": 20202,
            "year": 2020,
            "quarter": 2,
            "eps": 0.71,
            "eps_growth_year": 273.68,
            "eps_4q": -0.2,
            "eps_4q_growth_year": -127.57,
            "roe": 2.31,
            "roe_4q": -0.08000000000000007,
            "gross_profit": 354188,
            "gross_margin": 14.18,
            "gross_margin_4q_avg": 15.26,
            "net_income": 153496,
            "net_income_4q": null,
            "revenue": 2496966,
            "revenue_4q": null,
            "common_shares": 1666314,
            "book_valuer_per_share": 31.28,
            "book_valuer_per_share_4q_avg": 31.92,
            "equity": 6681742,
            "current_ratio": 135.55,
            "debt_ratio": 55.07,
            "inventory_turnover_ratio": 1.41,
            "account_receivable_turnover_ratio": 1.3,
            "reinvestment_rate": -225.31,
            "research_to_sale_ratio": 0.55,
            "price_fair": 42.7,
            "eps_avg_yearly": 1.22,
            "eps_latest_yearly": 0.28,
            "eps_growth_yearly": 244.88
        },
        "20203": {
            "year_quarter": 20203,
            "year": 2020,
            "quarter": 3,
            "eps": -0.23,
            "eps_growth_year": -174.19,
            "eps_4q": -0.7,
            "eps_4q_growth_year": -204.27,
            "roe": -0.35,
            "roe_4q": -1.6300000000000001,
            "gross_profit": 460788,
            "gross_margin": 15.87,
            "gross_margin_4q_avg": 15.15,
            "net_income": -23890,
            "net_income_4q": null,
            "revenue": 2903333,
            "revenue_4q": null,
            "common_shares": 1699640,
            "book_valuer_per_share": 30.71,
            "book_valuer_per_share_4q_avg": 31.31,
            "equity": 6910722,
            "current_ratio": 136.42,
            "debt_ratio": 54.44,
            "inventory_turnover_ratio": 1.64,
            "account_receivable_turnover_ratio": 1.36,
            "reinvestment_rate": -156.32,
            "research_to_sale_ratio": 0.44,
            "price_fair": 44.64,
            "eps_avg_yearly": 1.28,
            "eps_latest_yearly": 0.28,
            "eps_growth_yearly": 299.14
        },
        "20204": {
            "year_quarter": 20204,
            "year": 2020,
            "quarter": 4,
            "eps": 0.04,
            "eps_growth_year": -39.68,
            "eps_4q": -0.73,
            "eps_4q_growth_year": -164.15,
            "roe": 0.55,
            "roe_4q": -1.19,
            "gross_profit": 510105,
            "gross_margin": 16.49,
            "gross_margin_4q_avg": 15.56,
            "net_income": 37875,
            "net_income_4q": null,
            "revenue": 3092861,
            "revenue_4q": null,
            "common_shares": 1699640,
            "book_valuer_per_share": 30.73,
            "book_valuer_per_share_4q_avg": 30.87,
            "equity": 6931651,
            "current_ratio": 164.32,
            "debt_ratio": 55.46,
            "inventory_turnover_ratio": 1.75,
            "account_receivable_turnover_ratio": 1.31,
            "reinvestment_rate": -98.52,
            "research_to_sale_ratio": 1.53,
            "price_fair": 44.64,
            "eps_avg_yearly": 1.28,
            "eps_latest_yearly": 0.28,
            "eps_growth_yearly": 299.14
        },
        "20211": {
            "year_quarter": 20211,
            "year": 2021,
            "quarter": 1,
            "eps": 0.31,
            "eps_growth_year": null,
            "eps_4q": 0.82,
            "eps_4q_growth_year": null,
            "roe": 1.52,
            "roe_4q": 4.03,
            "gross_profit": 462226,
            "gross_margin": 16.53,
            "gross_margin_4q_avg": 15.77,
            "net_income": 105325,
            "net_income_4q": null,
            "revenue": 2796544,
            "revenue_4q": null,
            "common_shares": 1699640,
            "book_valuer_per_share": 30.67,
            "book_valuer_per_share_4q_avg": 30.85,
            "equity": 6971601,
            "current_ratio": 169.22,
            "debt_ratio": 54.56,
            "inventory_turnover_ratio": 1.51,
            "account_receivable_turnover_ratio": 1.24,
            "reinvestment_rate": 29.37,
            "research_to_sale_ratio": 0.75,
            "price_fair": 44.52,
            "eps_avg_yearly": 1.27,
            "eps_latest_yearly": 1.24,
            "eps_growth_yearly": 539.22
        },
        "20212": {
            "year_quarter": 20212,
            "year": 2021,
            "quarter": 2,
            "eps": 0.22,
            "eps_growth_year": -69.01,
            "eps_4q": 0.34,
            "eps_4q_growth_year": null,
            "roe": 0.95,
            "roe_4q": 2.6699999999999995,
            "gross_profit": 479927,
            "gross_margin": 16.47,
            "gross_margin_4q_avg": 16.34,
            "net_income": 67916,
            "net_income_4q": null,
            "revenue": 2913412,
            "revenue_4q": null,
            "common_shares": 1699640,
            "book_valuer_per_share": 31.12,
            "book_valuer_per_share_4q_avg": 30.81,
            "equity": 7362721,
            "current_ratio": 175.82,
            "debt_ratio": 53.9,
            "inventory_turnover_ratio": 1.44,
            "account_receivable_turnover_ratio": 1.34,
            "reinvestment_rate": -15.04,
            "research_to_sale_ratio": 0.91,
            "price_fair": 46.2,
            "eps_avg_yearly": 1.32,
            "eps_latest_yearly": 0.88,
            "eps_growth_yearly": 561.98
        },
        "20213": {
            "year_quarter": 20213,
            "year": 2021,
            "quarter": 3,
            "eps": -0.15,
            "eps_growth_year": null,
            "eps_4q": 0.41,
            "eps_4q_growth_year": null,
            "roe": -0.04,
            "roe_4q": 2.9799999999999995,
            "gross_profit": 406668,
            "gross_margin": 13.95,
            "gross_margin_4q_avg": 15.86,
            "net_income": -2764,
            "net_income_4q": null,
            "revenue": 2915625,
            "revenue_4q": null,
            "common_shares": 1699640,
            "book_valuer_per_share": 30.31,
            "book_valuer_per_share_4q_avg": 30.71,
            "equity": 7313340,
            "current_ratio": 176.76,
            "debt_ratio": 53.3,
            "inventory_turnover_ratio": 1.37,
            "account_receivable_turnover_ratio": 1.33,
            "reinvestment_rate": -51.91,
            "research_to_sale_ratio": 0.83,
            "price_fair": 35.47,
            "eps_avg_yearly": 1.01,
            "eps_latest_yearly": 0.88,
            "eps_growth_yearly": 215.53
        },
        "20214": {
            "year_quarter": 20214,
            "year": 2021,
            "quarter": 4,
            "eps": -0.02,
            "eps_growth_year": -150.52,
            "eps_4q": 0.35,
            "eps_4q_growth_year": null,
            "roe": 0.78,
            "roe_4q": 3.21,
            "gross_profit": 478805,
            "gross_margin": 14.86,
            "gross_margin_4q_avg": 15.45,
            "net_income": 57161,
            "net_income_4q": null,
            "revenue": 3222944,
            "revenue_4q": null,
            "common_shares": 1699640,
            "book_valuer_per_share": 30.82,
            "book_valuer_per_share_4q_avg": 30.73,
            "equity": 7399021,
            "current_ratio": 172.08,
            "debt_ratio": 53.53,
            "inventory_turnover_ratio": 1.44,
            "account_receivable_turnover_ratio": 1.39,
            "reinvestment_rate": -568.34,
            "research_to_sale_ratio": 0.74,
            "price_fair": 34.65,
            "eps_avg_yearly": 0.99,
            "eps_latest_yearly": 0.88,
            "eps_growth_yearly": 277.77
        },
        "20221": {
            "year_quarter": 20221,
            "year": 2022,
            "quarter": 1,
            "eps": 0.05,
            "eps_growth_year": -83.87,
            "eps_4q": 0.09,
            "eps_4q_growth_year": -89.22,
            "roe": 0.69,
            "roe_4q": 2.38,
            "gross_profit": 419842,
            "gross_margin": 15.22,
            "gross_margin_4q_avg": 15.13,
            "net_income": 51713,
            "net_income_4q": null,
            "revenue": 2759102,
            "revenue_4q": null,
            "common_shares": 1699640,
            "book_valuer_per_share": 31.73,
            "book_valuer_per_share_4q_avg": 31,
            "equity": 7628176,
            "current_ratio": 180.44,
            "debt_ratio": 51.57,
            "inventory_turnover_ratio": 1.23,
            "account_receivable_turnover_ratio": 1.16,
            "reinvestment_rate": -448.33,
            "research_to_sale_ratio": 0.84,
            "price_fair": 31.2,
            "eps_avg_yearly": 0.89,
            "eps_latest_yearly": 0.88,
            "eps_growth_yearly": 294.59
        },
        "20222": {
            "year_quarter": 20222,
            "year": 2022,
            "quarter": 2,
            "eps": 0.02,
            "eps_growth_year": -90.91,
            "eps_4q": -0.11,
            "eps_4q_growth_year": -132.7,
            "roe": 0.35,
            "roe_4q": 1.78,
            "gross_profit": 358149,
            "gross_margin": 13.99,
            "gross_margin_4q_avg": 14.51,
            "net_income": 26570,
            "net_income_4q": null,
            "revenue": 2560194,
            "revenue_4q": null,
            "common_shares": 1699640,
            "book_valuer_per_share": 31.1,
            "book_valuer_per_share_4q_avg": 30.99,
            "equity": 7440085,
            "current_ratio": 176.67,
            "debt_ratio": 51.96,
            "inventory_turnover_ratio": 1.19,
            "account_receivable_turnover_ratio": 1.14,
            "reinvestment_rate": -686.64,
            "research_to_sale_ratio": 1.05,
            "price_fair": 27.2,
            "eps_avg_yearly": 0.78,
            "eps_latest_yearly": 0.08,
            "eps_growth_yearly": 287.51
        },
        "20223": {
            "year_quarter": 20223,
            "year": 2022,
            "quarter": 3,
            "eps": -0.08,
            "eps_growth_year": null,
            "eps_4q": -0.04,
            "eps_4q_growth_year": -109.99,
            "roe": 0.27,
            "roe_4q": 2.09,
            "gross_profit": 406007,
            "gross_margin": 15.3,
            "gross_margin_4q_avg": 14.84,
            "net_income": 20406,
            "net_income_4q": null,
            "revenue": 2653189,
            "revenue_4q": null,
            "common_shares": 1699640,
            "book_valuer_per_share": 33.3,
            "book_valuer_per_share_4q_avg": 31.74,
            "equity": 7712182,
            "current_ratio": 180.21,
            "debt_ratio": 50.42,
            "inventory_turnover_ratio": 1.26,
            "account_receivable_turnover_ratio": 1.21,
            "reinvestment_rate": -698.97,
            "research_to_sale_ratio": 0.82,
            "price_fair": 26.13,
            "eps_avg_yearly": 0.75,
            "eps_latest_yearly": 0.08,
            "eps_growth_yearly": 329.37
        },
        "20224": {
            "year_quarter": 20224,
            "year": 2022,
            "quarter": 4,
            "eps": -0.56,
            "eps_growth_year": null,
            "eps_4q": -0.58,
            "eps_4q_growth_year": -265.06,
            "roe": -0.95,
            "roe_4q": 0.36,
            "gross_profit": 419797,
            "gross_margin": 16.49,
            "gross_margin_4q_avg": 15.25,
            "net_income": -72231,
            "net_income_4q": null,
            "revenue": 2545772,
            "revenue_4q": null,
            "common_shares": 1699640,
            "book_valuer_per_share": 32.09,
            "book_valuer_per_share_4q_avg": 32.06,
            "equity": 7456313,
            "current_ratio": 174.49,
            "debt_ratio": 51.47,
            "inventory_turnover_ratio": 1.29,
            "account_receivable_turnover_ratio": 1.2,
            "reinvestment_rate": -1124.85,
            "research_to_sale_ratio": 0.85,
            "price_fair": 26.13,
            "eps_avg_yearly": 0.75,
            "eps_latest_yearly": 0.08,
            "eps_growth_yearly": 329.37
        },
        "20231": {
            "year_quarter": 20231,
            "year": 2023,
            "quarter": 1,
            "eps": -0.25,
            "eps_growth_year": -600,
            "eps_4q": -0.87,
            "eps_4q_growth_year": -1077.83,
            "roe": -0.75,
            "roe_4q": -1.08,
            "gross_profit": 252517,
            "gross_margin": 12.34,
            "gross_margin_4q_avg": 14.53,
            "net_income": -56724,
            "net_income_4q": null,
            "revenue": 2046716,
            "revenue_4q": null,
            "common_shares": 1699640,
            "book_valuer_per_share": 33.39,
            "book_valuer_per_share_4q_avg": 32.47,
            "equity": 7653327,
            "current_ratio": 181.65,
            "debt_ratio": 49.83,
            "inventory_turnover_ratio": 1.15,
            "account_receivable_turnover_ratio": 1.04,
            "reinvestment_rate": null,
            "research_to_sale_ratio": 1.24,
            "price_fair": 26.13,
            "eps_avg_yearly": 0.75,
            "eps_latest_yearly": 0.08,
            "eps_growth_yearly": 329.37
        },
        "20232": {
            "year_quarter": 20232,
            "year": 2023,
            "quarter": 2,
            "eps": 0.56,
            "eps_growth_year": 2700,
            "eps_4q": -0.33,
            "eps_4q_growth_year": null,
            "roe": 1.5,
            "roe_4q": 0.07000000000000006,
            "gross_profit": 352921,
            "gross_margin": 15.51,
            "gross_margin_4q_avg": 14.91,
            "net_income": 113842,
            "net_income_4q": null,
            "revenue": 2276097,
            "revenue_4q": null,
            "common_shares": 1689590,
            "book_valuer_per_share": 33.42,
            "book_valuer_per_share_4q_avg": 33.05,
            "equity": 7487742,
            "current_ratio": 175.02,
            "debt_ratio": 50.86,
            "inventory_turnover_ratio": 1.27,
            "account_receivable_turnover_ratio": 1.19,
            "reinvestment_rate": null,
            "research_to_sale_ratio": 1.11,
            "price_fair": 26.04,
            "eps_avg_yearly": 0.74,
            "eps_latest_yearly": 0.08,
            "eps_growth_yearly": 457.37
        },
        "20233": {
            "year_quarter": 20233,
            "year": 2023,
            "quarter": 3,
            "eps": 0.11,
            "eps_growth_year": null,
            "eps_4q": -0.14,
            "eps_4q_growth_year": null,
            "roe": 0.63,
            "roe_4q": 0.42999999999999994,
            "gross_profit": 450257,
            "gross_margin": 17.63,
            "gross_margin_4q_avg": 15.49,
            "net_income": 47298,
            "net_income_4q": null,
            "revenue": 2554173,
            "revenue_4q": null,
            "common_shares": 1689590,
            "book_valuer_per_share": 33.72,
            "book_valuer_per_share_4q_avg": 33.16,
            "equity": 7596612,
            "current_ratio": 180.8,
            "debt_ratio": 50.43,
            "inventory_turnover_ratio": 1.46,
            "account_receivable_turnover_ratio": 1.24,
            "reinvestment_rate": null,
            "research_to_sale_ratio": 1.04,
            "price_fair": 20.44,
            "eps_avg_yearly": 0.58,
            "eps_latest_yearly": 0.44,
            "eps_growth_yearly": 342.55
        }
    },
    "months": {
        "2001-06": {
            "month": "2001-06",
            "price": "6.46",
            "revenue": 42477
        },
        "2001-07": {
            "month": "2001-07",
            "price": "5.45",
            "revenue": 36192
        },
        "2001-08": {
            "month": "2001-08",
            "price": "5.06",
            "revenue": 33180
        },
        "2001-09": {
            "month": "2001-09",
            "price": "4.08",
            "revenue": 26457
        },
        "2001-10": {
            "month": "2001-10",
            "price": "3.30",
            "revenue": 33823
        },
        "2001-11": {
            "month": "2001-11",
            "price": "4.04",
            "revenue": 17389
        },
        "2002-01": {
            "month": "2002-01",
            "price": "12.93",
            "revenue": 21598
        },
        "2002-02": {
            "month": "2002-02",
            "price": "11.03",
            "revenue": 24807
        },
        "2002-03": {
            "month": "2002-03",
            "price": "10.95",
            "revenue": 18643
        },
        "2002-04": {
            "month": "2002-04",
            "price": "14.23",
            "revenue": 16983
        },
        "2002-05": {
            "month": "2002-05",
            "price": "10.36",
            "revenue": 26357
        },
        "2002-06": {
            "month": "2002-06",
            "price": "10.10",
            "revenue": 21841
        },
        "2002-07": {
            "month": "2002-07",
            "price": "10.39",
            "revenue": 22514
        },
        "2002-08": {
            "month": "2002-08",
            "price": "9.25",
            "revenue": 28613
        },
        "2002-09": {
            "month": "2002-09",
            "price": "7.44",
            "revenue": 29745
        },
        "2002-10": {
            "month": "2002-10",
            "price": "5.70",
            "revenue": 30867
        },
        "2002-11": {
            "month": "2002-11",
            "price": "5.23",
            "revenue": 23680
        },
        "2002-12": {
            "month": "2002-12",
            "price": "4.03",
            "revenue": -39795
        },
        "2003-01": {
            "month": "2003-01",
            "price": "5.07",
            "revenue": 25477
        },
        "2003-02": {
            "month": "2003-02",
            "price": "5.23",
            "revenue": 24118
        },
        "2003-03": {
            "month": "2003-03",
            "price": "4.95",
            "revenue": 26874
        },
        "2003-04": {
            "month": "2003-04",
            "price": "6.12",
            "revenue": 26562
        },
        "2003-05": {
            "month": "2003-05",
            "price": "5.54",
            "revenue": 30766
        },
        "2003-06": {
            "month": "2003-06",
            "price": "7.52",
            "revenue": 25212
        },
        "2003-07": {
            "month": "2003-07",
            "price": "8.12",
            "revenue": 42747
        },
        "2003-08": {
            "month": "2003-08",
            "price": "7.91",
            "revenue": 40907
        },
        "2003-09": {
            "month": "2003-09",
            "price": "6.99",
            "revenue": 10774
        },
        "2003-10": {
            "month": "2003-10",
            "price": "7.53",
            "revenue": 24249
        },
        "2003-11": {
            "month": "2003-11",
            "price": "8.06",
            "revenue": 18858
        },
        "2003-12": {
            "month": "2003-12",
            "price": "7.53",
            "revenue": 9952
        },
        "2004-01": {
            "month": "2004-01",
            "price": "9.16",
            "revenue": 12253
        },
        "2004-02": {
            "month": "2004-02",
            "price": "10.67",
            "revenue": 4736
        },
        "2004-03": {
            "month": "2004-03",
            "price": "10.55",
            "revenue": 12043
        },
        "2004-04": {
            "month": "2004-04",
            "price": "15.75",
            "revenue": 17112
        },
        "2004-05": {
            "month": "2004-05",
            "price": "13.86",
            "revenue": 13874
        },
        "2004-06": {
            "month": "2004-06",
            "price": "15.55",
            "revenue": 13357
        },
        "2004-07": {
            "month": "2004-07",
            "price": "14.36",
            "revenue": 6484
        },
        "2004-08": {
            "month": "2004-08",
            "price": "13.82",
            "revenue": 8226
        },
        "2004-09": {
            "month": "2004-09",
            "price": "13.26",
            "revenue": 13662
        },
        "2004-10": {
            "month": "2004-10",
            "price": "12.86",
            "revenue": 29386
        },
        "2004-11": {
            "month": "2004-11",
            "price": "12.58",
            "revenue": 20277
        },
        "2004-12": {
            "month": "2004-12",
            "price": "21.78",
            "revenue": 30344
        },
        "2005-01": {
            "month": "2005-01",
            "price": "23.90",
            "revenue": 7976
        },
        "2005-02": {
            "month": "2005-02",
            "price": "24.02",
            "revenue": 11367
        },
        "2005-03": {
            "month": "2005-03",
            "price": "23.80",
            "revenue": 22346
        },
        "2005-04": {
            "month": "2005-04",
            "price": "23.56",
            "revenue": 36945
        },
        "2005-05": {
            "month": "2005-05",
            "price": "23.82",
            "revenue": 53987
        },
        "2005-06": {
            "month": "2005-06",
            "price": "24.99",
            "revenue": 55769
        },
        "2005-07": {
            "month": "2005-07",
            "price": "28.52",
            "revenue": 62273
        },
        "2005-08": {
            "month": "2005-08",
            "price": "32.01",
            "revenue": 74985
        },
        "2005-09": {
            "month": "2005-09",
            "price": "33.37",
            "revenue": 96470
        },
        "2005-10": {
            "month": "2005-10",
            "price": "40.25",
            "revenue": 76039
        },
        "2005-11": {
            "month": "2005-11",
            "price": "40.75",
            "revenue": 51326
        },
        "2005-12": {
            "month": "2005-12",
            "price": "45.20",
            "revenue": 41119
        },
        "2006-01": {
            "month": "2006-01",
            "price": "53.15",
            "revenue": 49073
        },
        "2006-02": {
            "month": "2006-02",
            "price": "49.63",
            "revenue": 54473
        },
        "2006-03": {
            "month": "2006-03",
            "price": "47.82",
            "revenue": 37079
        },
        "2006-04": {
            "month": "2006-04",
            "price": "50.80",
            "revenue": 39373
        },
        "2006-05": {
            "month": "2006-05",
            "price": "51.49",
            "revenue": 39454
        },
        "2006-06": {
            "month": "2006-06",
            "price": "44.80",
            "revenue": 98095
        },
        "2006-07": {
            "month": "2006-07",
            "price": "35.96",
            "revenue": 107753
        },
        "2006-08": {
            "month": "2006-08",
            "price": "39.80",
            "revenue": 140161
        },
        "2006-09": {
            "month": "2006-09",
            "price": "37.79",
            "revenue": 196031
        },
        "2006-10": {
            "month": "2006-10",
            "price": "39.90",
            "revenue": 149613
        },
        "2006-11": {
            "month": "2006-11",
            "price": "38.93",
            "revenue": 152352
        },
        "2006-12": {
            "month": "2006-12",
            "price": "39.26",
            "revenue": 123633
        },
        "2007-01": {
            "month": "2007-01",
            "price": "52.55",
            "revenue": 156174
        },
        "2007-02": {
            "month": "2007-02",
            "price": "56.98",
            "revenue": 127951
        },
        "2007-03": {
            "month": "2007-03",
            "price": "63.42",
            "revenue": 190430
        },
        "2007-04": {
            "month": "2007-04",
            "price": "85.72",
            "revenue": 159565
        },
        "2007-05": {
            "month": "2007-05",
            "price": "120.05",
            "revenue": 126225
        },
        "2007-06": {
            "month": "2007-06",
            "price": "176.82",
            "revenue": 156135
        },
        "2007-07": {
            "month": "2007-07",
            "price": "195.75",
            "revenue": 210887
        },
        "2007-08": {
            "month": "2007-08",
            "price": "218.04",
            "revenue": 313590
        },
        "2007-09": {
            "month": "2007-09",
            "price": "210.64",
            "revenue": 340755
        },
        "2007-10": {
            "month": "2007-10",
            "price": "188.84",
            "revenue": 328192
        },
        "2007-11": {
            "month": "2007-11",
            "price": "153.11",
            "revenue": 192119
        },
        "2007-12": {
            "month": "2007-12",
            "price": "134.24",
            "revenue": 167811
        },
        "2008-01": {
            "month": "2008-01",
            "price": "125.79",
            "revenue": 227289
        },
        "2008-02": {
            "month": "2008-02",
            "price": "107.26",
            "revenue": 201979
        },
        "2008-03": {
            "month": "2008-03",
            "price": "120.71",
            "revenue": 282695
        },
        "2008-04": {
            "month": "2008-04",
            "price": "153.07",
            "revenue": 258053
        },
        "2008-05": {
            "month": "2008-05",
            "price": "159.31",
            "revenue": 234840
        },
        "2008-06": {
            "month": "2008-06",
            "price": "131.29",
            "revenue": 206470
        },
        "2008-07": {
            "month": "2008-07",
            "price": "128.50",
            "revenue": 256599
        },
        "2008-08": {
            "month": "2008-08",
            "price": "129.40",
            "revenue": 358878
        },
        "2008-09": {
            "month": "2008-09",
            "price": "122.21",
            "revenue": 376796
        },
        "2008-10": {
            "month": "2008-10",
            "price": "96.79",
            "revenue": 396779
        },
        "2008-11": {
            "month": "2008-11",
            "price": "90.44",
            "revenue": 229581
        },
        "2008-12": {
            "month": "2008-12",
            "price": "72.03",
            "revenue": 166531
        },
        "2009-01": {
            "month": "2009-01",
            "price": "74.97",
            "revenue": 152307
        },
        "2009-02": {
            "month": "2009-02",
            "price": "75.18",
            "revenue": 206144
        },
        "2009-03": {
            "month": "2009-03",
            "price": "96.05",
            "revenue": 334347
        },
        "2009-04": {
            "month": "2009-04",
            "price": "111.59",
            "revenue": 365230
        },
        "2009-05": {
            "month": "2009-05",
            "price": "130.53",
            "revenue": 280399
        },
        "2009-06": {
            "month": "2009-06",
            "price": "121.85",
            "revenue": 268537
        },
        "2009-07": {
            "month": "2009-07",
            "price": "164.41",
            "revenue": 300678
        },
        "2009-08": {
            "month": "2009-08",
            "price": "184.12",
            "revenue": 402056
        },
        "2009-09": {
            "month": "2009-09",
            "price": "200.32",
            "revenue": 419162
        },
        "2009-10": {
            "month": "2009-10",
            "price": "172.91",
            "revenue": 349004
        },
        "2009-11": {
            "month": "2009-11",
            "price": "158.60",
            "revenue": 288852
        },
        "2009-12": {
            "month": "2009-12",
            "price": "181.48",
            "revenue": 211309
        },
        "2010-01": {
            "month": "2010-01",
            "price": "182.70",
            "revenue": 313112
        },
        "2010-02": {
            "month": "2010-02",
            "price": "147.86",
            "revenue": 297896
        },
        "2010-03": {
            "month": "2010-03",
            "price": "154.87",
            "revenue": 436373
        },
        "2010-04": {
            "month": "2010-04",
            "price": "153.64",
            "revenue": 445051
        },
        "2010-05": {
            "month": "2010-05",
            "price": "149.88",
            "revenue": 388493
        },
        "2010-06": {
            "month": "2010-06",
            "price": "138.88",
            "revenue": 337246
        },
        "2010-07": {
            "month": "2010-07",
            "price": "143.34",
            "revenue": 403951
        },
        "2010-08": {
            "month": "2010-08",
            "price": "155.05",
            "revenue": 448779
        },
        "2010-09": {
            "month": "2010-09",
            "price": "154.67",
            "revenue": 514098
        },
        "2010-10": {
            "month": "2010-10",
            "price": "138.86",
            "revenue": 462866
        },
        "2010-11": {
            "month": "2010-11",
            "price": "125.41",
            "revenue": 450438
        },
        "2010-12": {
            "month": "2010-12",
            "price": "135.54",
            "revenue": 267510
        },
        "2011-01": {
            "month": "2011-01",
            "price": "126.62",
            "revenue": 339444
        },
        "2011-02": {
            "month": "2011-02",
            "price": "116.04",
            "revenue": 286453
        },
        "2011-03": {
            "month": "2011-03",
            "price": "104.05",
            "revenue": 399752
        },
        "2011-04": {
            "month": "2011-04",
            "price": "94.71",
            "revenue": 287551
        },
        "2011-05": {
            "month": "2011-05",
            "price": "89.65",
            "revenue": 308494
        },
        "2011-06": {
            "month": "2011-06",
            "price": "97.96",
            "revenue": 301305
        },
        "2011-07": {
            "month": "2011-07",
            "price": "101.59",
            "revenue": 371772
        },
        "2011-08": {
            "month": "2011-08",
            "price": "77.36",
            "revenue": 443245
        },
        "2011-09": {
            "month": "2011-09",
            "price": "65.60",
            "revenue": 465723
        },
        "2011-10": {
            "month": "2011-10",
            "price": "71.38",
            "revenue": 360799
        },
        "2011-11": {
            "month": "2011-11",
            "price": "72.77",
            "revenue": 306404
        },
        "2011-12": {
            "month": "2011-12",
            "price": "54.80",
            "revenue": 172304
        },
        "2012-01": {
            "month": "2012-01",
            "price": "52.59",
            "revenue": 266086
        },
        "2012-02": {
            "month": "2012-02",
            "price": "69.09",
            "revenue": 321826
        },
        "2012-03": {
            "month": "2012-03",
            "price": "69.62",
            "revenue": 361863
        },
        "2012-04": {
            "month": "2012-04",
            "price": "59.84",
            "revenue": 291886
        },
        "2012-05": {
            "month": "2012-05",
            "price": "51.90",
            "revenue": 290573
        },
        "2012-06": {
            "month": "2012-06",
            "price": "47.85",
            "revenue": 280884
        },
        "2012-07": {
            "month": "2012-07",
            "price": "50.31",
            "revenue": 462143
        },
        "2012-08": {
            "month": "2012-08",
            "price": "50.16",
            "revenue": 558921
        },
        "2012-09": {
            "month": "2012-09",
            "price": "51.38",
            "revenue": 482256
        },
        "2012-10": {
            "month": "2012-10",
            "price": "54.20",
            "revenue": 376534
        },
        "2012-11": {
            "month": "2012-11",
            "price": "46.73",
            "revenue": 381546
        },
        "2012-12": {
            "month": "2012-12",
            "price": "47.91",
            "revenue": 300368
        },
        "2013-01": {
            "month": "2013-01",
            "price": "50.81",
            "revenue": 395735
        },
        "2013-02": {
            "month": "2013-02",
            "price": "50.82",
            "revenue": 290185
        },
        "2013-03": {
            "month": "2013-03",
            "price": "49.11",
            "revenue": 414572
        },
        "2013-04": {
            "month": "2013-04",
            "price": "46.48",
            "revenue": 318447
        },
        "2013-05": {
            "month": "2013-05",
            "price": "49.89",
            "revenue": 271943
        },
        "2013-06": {
            "month": "2013-06",
            "price": "49.29",
            "revenue": 230234
        },
        "2013-07": {
            "month": "2013-07",
            "price": "50.51",
            "revenue": 340009
        },
        "2013-08": {
            "month": "2013-08",
            "price": "49.69",
            "revenue": 383500
        },
        "2013-09": {
            "month": "2013-09",
            "price": "49.20",
            "revenue": 363706
        },
        "2013-10": {
            "month": "2013-10",
            "price": "50.30",
            "revenue": 261214
        },
        "2013-11": {
            "month": "2013-11",
            "price": "47.66",
            "revenue": 333973
        },
        "2013-12": {
            "month": "2013-12",
            "price": "47.51",
            "revenue": 258386
        },
        "2014-01": {
            "month": "2014-01",
            "price": "48.43",
            "revenue": 250593
        },
        "2014-02": {
            "month": "2014-02",
            "price": "47.93",
            "revenue": 195494
        },
        "2014-03": {
            "month": "2014-03",
            "price": "52.12",
            "revenue": 317726
        },
        "2014-04": {
            "month": "2014-04",
            "price": "48.40",
            "revenue": 263925
        },
        "2014-05": {
            "month": "2014-05",
            "price": "46.48",
            "revenue": 270944
        },
        "2014-06": {
            "month": "2014-06",
            "price": "48.90",
            "revenue": 295424
        },
        "2014-07": {
            "month": "2014-07",
            "price": "57.82",
            "revenue": 342632
        },
        "2014-08": {
            "month": "2014-08",
            "price": "69.35",
            "revenue": 371272
        },
        "2014-09": {
            "month": "2014-09",
            "price": "84.98",
            "revenue": 349538
        },
        "2014-10": {
            "month": "2014-10",
            "price": "88.60",
            "revenue": 391847
        },
        "2014-11": {
            "month": "2014-11",
            "price": "87.36",
            "revenue": 406674
        },
        "2014-12": {
            "month": "2014-12",
            "price": "78.25",
            "revenue": 266310
        },
        "2015-01": {
            "month": "2015-01",
            "price": "72.38",
            "revenue": 376111
        },
        "2015-02": {
            "month": "2015-02",
            "price": "72.15",
            "revenue": 215581
        },
        "2015-03": {
            "month": "2015-03",
            "price": "79.54",
            "revenue": 328962
        },
        "2015-04": {
            "month": "2015-04",
            "price": "79.00",
            "revenue": 569600
        },
        "2015-05": {
            "month": "2015-05",
            "price": "72.18",
            "revenue": 491870
        },
        "2015-06": {
            "month": "2015-06",
            "price": "61.84",
            "revenue": 495505
        },
        "2015-07": {
            "month": "2015-07",
            "price": "55.37",
            "revenue": 564604
        },
        "2015-08": {
            "month": "2015-08",
            "price": "52.93",
            "revenue": 573741
        },
        "2015-09": {
            "month": "2015-09",
            "price": "52.44",
            "revenue": 555344
        },
        "2015-10": {
            "month": "2015-10",
            "price": "53.92",
            "revenue": 622874
        },
        "2015-11": {
            "month": "2015-11",
            "price": "54.80",
            "revenue": 576527
        },
        "2015-12": {
            "month": "2015-12",
            "price": "52.60",
            "revenue": 589231
        },
        "2016-01": {
            "month": "2016-01",
            "price": "47.67",
            "revenue": 594210
        },
        "2016-02": {
            "month": "2016-02",
            "price": "48.97",
            "revenue": 426987
        },
        "2016-03": {
            "month": "2016-03",
            "price": "51.23",
            "revenue": 519206
        },
        "2016-04": {
            "month": "2016-04",
            "price": "48.24",
            "revenue": 520419
        },
        "2016-05": {
            "month": "2016-05",
            "price": "46.03",
            "revenue": 575026
        },
        "2016-06": {
            "month": "2016-06",
            "price": "50.28",
            "revenue": 636044
        },
        "2016-07": {
            "month": "2016-07",
            "price": "58.94",
            "revenue": 697847
        },
        "2016-08": {
            "month": "2016-08",
            "price": "61.51",
            "revenue": 835990
        },
        "2016-09": {
            "month": "2016-09",
            "price": "55.51",
            "revenue": 868791
        },
        "2016-10": {
            "month": "2016-10",
            "price": "51.50",
            "revenue": 684875
        },
        "2016-11": {
            "month": "2016-11",
            "price": "46.22",
            "revenue": 688952
        },
        "2016-12": {
            "month": "2016-12",
            "price": "46.66",
            "revenue": 696334
        },
        "2017-01": {
            "month": "2017-01",
            "price": "46.96",
            "revenue": 655990
        },
        "2017-02": {
            "month": "2017-02",
            "price": "49.16",
            "revenue": 606969
        },
        "2017-03": {
            "month": "2017-03",
            "price": "51.07",
            "revenue": 581935
        },
        "2017-04": {
            "month": "2017-04",
            "price": "49.07",
            "revenue": 563654
        },
        "2017-05": {
            "month": "2017-05",
            "price": "52.71",
            "revenue": 579588
        },
        "2017-06": {
            "month": "2017-06",
            "price": "53.83",
            "revenue": 568313
        },
        "2017-07": {
            "month": "2017-07",
            "price": "52.77",
            "revenue": 604070
        },
        "2017-08": {
            "month": "2017-08",
            "price": "52.30",
            "revenue": 880075
        },
        "2017-09": {
            "month": "2017-09",
            "price": "51.24",
            "revenue": 822909
        },
        "2017-10": {
            "month": "2017-10",
            "price": "49.66",
            "revenue": 749849
        },
        "2017-11": {
            "month": "2017-11",
            "price": "53.90",
            "revenue": 1122117
        },
        "2017-12": {
            "month": "2017-12",
            "price": "59.19",
            "revenue": 1075058
        },
        "2018-01": {
            "month": "2018-01",
            "price": "59.20",
            "revenue": 1064023
        },
        "2018-02": {
            "month": "2018-02",
            "price": "51.85",
            "revenue": 759825
        },
        "2018-03": {
            "month": "2018-03",
            "price": "51.14",
            "revenue": 984755
        },
        "2018-04": {
            "month": "2018-04",
            "price": "48.73",
            "revenue": 969274
        },
        "2018-05": {
            "month": "2018-05",
            "price": "48.05",
            "revenue": 1054229
        },
        "2018-06": {
            "month": "2018-06",
            "price": "52.92",
            "revenue": 1052421
        },
        "2018-07": {
            "month": "2018-07",
            "price": "50.95",
            "revenue": 1016298
        },
        "2018-08": {
            "month": "2018-08",
            "price": "43.59",
            "revenue": 1053556
        },
        "2018-09": {
            "month": "2018-09",
            "price": "36.00",
            "revenue": 938675
        },
        "2018-10": {
            "month": "2018-10",
            "price": "30.89",
            "revenue": 1079873
        },
        "2018-11": {
            "month": "2018-11",
            "price": "30.47",
            "revenue": 1096676
        },
        "2018-12": {
            "month": "2018-12",
            "price": "31.29",
            "revenue": 1103140
        },
        "2019-01": {
            "month": "2019-01",
            "price": "32.32",
            "revenue": 1160180
        },
        "2019-02": {
            "month": "2019-02",
            "price": "34.71",
            "revenue": 831645
        },
        "2019-03": {
            "month": "2019-03",
            "price": "35.82",
            "revenue": 1085350
        },
        "2019-04": {
            "month": "2019-04",
            "price": "34.55",
            "revenue": 1078929
        },
        "2019-05": {
            "month": "2019-05",
            "price": "34.25",
            "revenue": 1108195
        },
        "2019-06": {
            "month": "2019-06",
            "price": "34.74",
            "revenue": 963080
        },
        "2019-07": {
            "month": "2019-07",
            "price": "40.24",
            "revenue": 1026539
        },
        "2019-08": {
            "month": "2019-08",
            "price": "33.78",
            "revenue": 919753
        },
        "2019-09": {
            "month": "2019-09",
            "price": "33.81",
            "revenue": 1042388
        },
        "2019-10": {
            "month": "2019-10",
            "price": "33.21",
            "revenue": 1044785
        },
        "2019-11": {
            "month": "2019-11",
            "price": "32.75",
            "revenue": 1009753
        },
        "2019-12": {
            "month": "2019-12",
            "price": "33.29",
            "revenue": 1038474
        },
        "2020-01": {
            "month": "2020-01",
            "price": "32.03",
            "revenue": 812344
        },
        "2020-02": {
            "month": "2020-02",
            "price": "29.58",
            "revenue": 665578
        },
        "2020-03": {
            "month": "2020-03",
            "price": "22.61",
            "revenue": 900360
        },
        "2020-04": {
            "month": "2020-04",
            "price": "21.78",
            "revenue": 881371
        },
        "2020-05": {
            "month": "2020-05",
            "price": "24.45",
            "revenue": 805596
        },
        "2020-06": {
            "month": "2020-06",
            "price": "24.50",
            "revenue": 796578
        },
        "2020-07": {
            "month": "2020-07",
            "price": "25.26",
            "revenue": 913108
        },
        "2020-08": {
            "month": "2020-08",
            "price": "24.33",
            "revenue": 929756
        },
        "2020-09": {
            "month": "2020-09",
            "price": "24.97",
            "revenue": 1049708
        },
        "2020-10": {
            "month": "2020-10",
            "price": "24.20",
            "revenue": 987232
        },
        "2020-11": {
            "month": "2020-11",
            "price": "23.30",
            "revenue": 1025394
        },
        "2020-12": {
            "month": "2020-12",
            "price": "23.72",
            "revenue": 1099991
        },
        "2021-01": {
            "month": "2021-01",
            "price": "25.10",
            "revenue": 990527
        },
        "2021-02": {
            "month": "2021-02",
            "price": "26.60",
            "revenue": 773149
        },
        "2021-03": {
            "month": "2021-03",
            "price": "26.73",
            "revenue": 1036675
        },
        "2021-04": {
            "month": "2021-04",
            "price": "29.79",
            "revenue": 951157
        },
        "2021-05": {
            "month": "2021-05",
            "price": "27.04",
            "revenue": 943688
        },
        "2021-06": {
            "month": "2021-06",
            "price": "28.67",
            "revenue": 999854
        },
        "2021-07": {
            "month": "2021-07",
            "price": "27.70",
            "revenue": 974993
        },
        "2021-08": {
            "month": "2021-08",
            "price": "25.29",
            "revenue": 974608
        },
        "2021-09": {
            "month": "2021-09",
            "price": "24.40",
            "revenue": 973006
        },
        "2021-10": {
            "month": "2021-10",
            "price": "24.51",
            "revenue": 989997
        },
        "2021-11": {
            "month": "2021-11",
            "price": "25.35",
            "revenue": 1119141
        },
        "2021-12": {
            "month": "2021-12",
            "price": "25.42",
            "revenue": 1133923
        },
        "2022-01": {
            "month": "2022-01",
            "price": "26.34",
            "revenue": 934855
        },
        "2022-02": {
            "month": "2022-02",
            "price": "25.30",
            "revenue": 842009
        },
        "2022-03": {
            "month": "2022-03",
            "price": "24.00",
            "revenue": 981951
        },
        "2022-04": {
            "month": "2022-04",
            "price": "23.04",
            "revenue": 844745
        },
        "2022-05": {
            "month": "2022-05",
            "price": "20.99",
            "revenue": 805320
        },
        "2022-06": {
            "month": "2022-06",
            "price": "20.78",
            "revenue": 919655
        },
        "2022-07": {
            "month": "2022-07",
            "price": "20.03",
            "revenue": 874437
        },
        "2022-08": {
            "month": "2022-08",
            "price": "21.06",
            "revenue": 876873
        },
        "2022-09": {
            "month": "2022-09",
            "price": "21.98",
            "revenue": 892692
        },
        "2022-10": {
            "month": "2022-10",
            "price": "19.82",
            "revenue": 830823
        },
        "2022-11": {
            "month": "2022-11",
            "price": "19.69",
            "revenue": 882320
        },
        "2022-12": {
            "month": "2022-12",
            "price": "20.60",
            "revenue": 825623
        },
        "2023-01": {
            "month": "2023-01",
            "price": "20.02",
            "revenue": 605203
        },
        "2023-02": {
            "month": "2023-02",
            "price": "21.99",
            "revenue": 657654
        },
        "2023-03": {
            "month": "2023-03",
            "price": "21.88",
            "revenue": 788071
        },
        "2023-04": {
            "month": "2023-04",
            "price": "21.36",
            "revenue": 720363
        },
        "2023-05": {
            "month": "2023-05",
            "price": "21.10",
            "revenue": 759974
        },
        "2023-06": {
            "month": "2023-06",
            "price": "21.98",
            "revenue": 797628
        },
        "2023-07": {
            "month": "2023-07",
            "price": "23.82",
            "revenue": 838489
        },
        "2023-08": {
            "month": "2023-08",
            "price": "24.47",
            "revenue": 863708
        },
        "2023-09": {
            "month": "2023-09",
            "price": "24.78",
            "revenue": 844637
        },
        "2023-10": {
            "month": "2023-10",
            "price": "24.68",
            "revenue": 849247
        },
        "2023-11": {
            "month": "2023-11",
            "price": "24.01",
            "revenue": 870730
        },
        "2023-12": {
            "month": "2023-12",
            "price": "24.59",
            "revenue": 826562
        }
    }
}
