{
    "summary": {
        "stock_name": "圓方",
        "stock_id": "5395",
        "category": "光電",
        "main_business": "住宅及大樓開發租售業<BR>不動產租賃業<BR>不動產買賣業",
        "website_url": "",
        "ceo": "邱坤洋",
        "pe_ratio": 56,
        "report_year_from": 2001,
        "report_year_to": 2017,
        "age": 22,
        "eps_negative_percentage": 69,
        "eps_growth_avg": {
            "last_all": -86.24,
            "last_2y": -79.08,
            "last_4y": -79.08,
            "last_8y": -86.24,
            "last_12y": -86.24,
            "last_16y": null,
            "last_20y": null,
            "at_2006_last_3y": null,
            "at_2007_last_3y": null,
            "at_2008_last_3y": null,
            "at_2009_last_3y": null,
            "at_2010_last_3y": -86.79,
            "at_2011_last_3y": -93.4,
            "at_2012_last_3y": -93.4,
            "at_2013_last_3y": -93.4,
            "at_2014_last_3y": -100,
            "at_2015_last_3y": -96.15,
            "at_2016_last_3y": -79.08,
            "at_2017_last_3y": -79.08,
            "at_2018_last_3y": -79.08,
            "at_2019_last_3y": -79.08,
            "at_2020_last_3y": -79.08,
            "at_2021_last_3y": -79.08,
            "at_2022_last_3y": -79.08,
            "at_2023_last_3y": -79.08,
            "at_2006_last_all": null,
            "at_2007_last_all": null,
            "at_2008_last_all": null,
            "at_2009_last_all": null,
            "at_2010_last_all": -86.79,
            "at_2011_last_all": -93.4,
            "at_2012_last_all": -93.4,
            "at_2013_last_all": -93.4,
            "at_2014_last_all": -93.4,
            "at_2015_last_all": -94.31,
            "at_2016_last_all": -86.24,
            "at_2017_last_all": -86.24,
            "at_2018_last_all": -86.24,
            "at_2019_last_all": -86.24,
            "at_2020_last_all": -86.24,
            "at_2021_last_all": -86.24,
            "at_2022_last_all": -86.24,
            "at_2023_last_all": -86.24
        },
        "latest_eps": 0.45,
        "latest_price": 25.2,
        "latest_roe": 1.17,
        "latest_gross_margin": 19.41,
        "latest_equity": 2943629,
        "latest_revenue": 142497,
        "latest_gross_profit": 27653,
        "latest_net_income": 7692,
        "latest_debt_ratio": 18.98,
        "latest_current_ratio": 140.23,
        "latest_account_receivable_turnover_ratio": 0.8,
        "latest_inventory_turnover_ratio": 0.2,
        "latest_reinvestment_rate": 195.82,
        "latest_research_to_sale_ratio": null
    },
    "eps_dividends": {
        "2001": {
            "cash": 0,
            "stock": 0,
            "eps": -4.43
        },
        "2002": {
            "cash": 0,
            "stock": 0,
            "eps": -4.63
        },
        "2003": {
            "cash": 0,
            "stock": 0,
            "eps": -3.82
        },
        "2004": {
            "cash": 0,
            "stock": 0,
            "eps": -3.87
        },
        "2005": {
            "cash": 0,
            "stock": 0,
            "eps": -2.22
        },
        "2006": {
            "cash": 0,
            "stock": 0,
            "eps": -4.65
        },
        "2007": {
            "cash": 0,
            "stock": 0,
            "eps": -4.48
        },
        "2008": {
            "cash": 0,
            "stock": 0,
            "eps": -1.9
        },
        "2009": {
            "cash": 0,
            "stock": 0,
            "eps": 0.53
        },
        "2010": {
            "cash": 0,
            "stock": 0,
            "eps": 0.07
        },
        "2011": {
            "cash": 0,
            "stock": 0,
            "eps": -2.69
        },
        "2012": {
            "cash": 0,
            "stock": 0,
            "eps": -2.86
        },
        "2013": {
            "cash": 0,
            "stock": 0,
            "eps": -5.93
        },
        "2014": {
            "cash": 0,
            "stock": 0,
            "eps": 12.99
        },
        "2015": {
            "cash": 0,
            "stock": 0,
            "eps": 0.5
        },
        "2016": {
            "cash": 0,
            "stock": 0,
            "eps": 0.19
        }
    },
    "dividends": [],
    "prices": {
        "200101": "29.18",
        "200102": "38.12",
        "200103": "48.53",
        "200104": "47.26",
        "200105": "31.90",
        "200106": "30.06",
        "200107": "20.34",
        "200108": "15.10",
        "200109": "10.10",
        "200110": "8.23",
        "200111": "10.77",
        "200112": "12.60",
        "200201": "14.45",
        "200202": "14.81",
        "200203": "14.62",
        "200204": "15.15",
        "200205": "11.23",
        "200206": "9.90",
        "200207": "10.30",
        "200208": "10.17",
        "200209": "9.48",
        "200210": "9.66",
        "200211": "9.38",
        "200212": "7.99",
        "200301": "9.13",
        "200302": "9.04",
        "200303": "7.83",
        "200304": "6.17",
        "200305": "5.22",
        "200306": "7.14",
        "200307": "6.90",
        "200308": "6.65",
        "200309": "5.51",
        "200310": "7.66",
        "200311": "7.34",
        "200312": "7.27",
        "200401": "7.66",
        "200402": "8.07",
        "200403": "7.53",
        "200404": "8.26",
        "200405": "7.72",
        "200406": "6.90",
        "200407": "5.99",
        "200408": "5.73",
        "200409": "8.13",
        "200410": "7.28",
        "200411": "6.68",
        "200412": "5.88",
        "200501": "6.23",
        "200502": "6.01",
        "200503": "6.34",
        "200504": "6.81",
        "200505": "6.52",
        "200506": "7.01",
        "200507": "7.01",
        "200508": "6.83",
        "200509": "6.71",
        "200510": "6.26",
        "200511": "6.71",
        "200512": "6.88",
        "200601": "8.09",
        "200602": "8.93",
        "200603": "8.92",
        "200604": "9.16",
        "200605": "9.12",
        "200606": "8.52",
        "200607": "8.96",
        "200608": "8.94",
        "200609": "9.08",
        "200610": "8.54",
        "200611": "8.34",
        "200612": "9.47",
        "200701": "41.22",
        "200702": "40.00",
        "200703": "40.40",
        "200704": "37.02",
        "200705": "36.47",
        "200706": "37.43",
        "200707": "39.25",
        "200708": "34.06",
        "200709": "25.49",
        "200710": "24.65",
        "200711": "13.95",
        "200712": "8.32",
        "200801": "6.86",
        "200802": "6.09",
        "200803": "4.95",
        "200804": "3.32",
        "200805": "4.41",
        "200806": "無",
        "200807": "無",
        "200808": "3.38",
        "200809": "無",
        "200810": "無",
        "200811": "2.06",
        "200812": "1.62",
        "200901": "1.02",
        "200902": "1.52",
        "200903": "3.15",
        "200904": "4.94",
        "200905": "4.03",
        "200906": "4.34",
        "200907": "4.45",
        "200908": "4.20",
        "200909": "無",
        "200910": "3.34",
        "200911": "3.24",
        "200912": "3.54",
        "201001": "6.50",
        "201002": "6.26",
        "201003": "5.86",
        "201004": "25.11",
        "201005": "27.52",
        "201006": "24.16",
        "201007": "24.92",
        "201008": "23.56",
        "201009": "24.79",
        "201010": "26.12",
        "201011": "25.94",
        "201012": "24.37",
        "201101": "22.61",
        "201102": "22.40",
        "201103": "22.20",
        "201104": "21.14",
        "201105": "20.68",
        "201106": "19.60",
        "201107": "19.62",
        "201108": "22.13",
        "201109": "19.26",
        "201110": "19.27",
        "201111": "17.72",
        "201112": "15.99",
        "201201": "13.94",
        "201202": "13.96",
        "201203": "14.85",
        "201204": "18.88",
        "201205": "無",
        "201206": "無",
        "201207": "無",
        "201208": "11.95",
        "201209": "13.20",
        "201210": "13.14",
        "201211": "12.98",
        "201212": "14.45",
        "201301": "無",
        "201302": "11.94",
        "201303": "9.44",
        "201304": "10.44",
        "201305": "11.70",
        "201306": "11.07",
        "201307": "無",
        "201308": "11.94",
        "201309": "13.00",
        "201310": "12.12",
        "201311": "12.51",
        "201312": "9.16",
        "201401": "14.10",
        "201402": "15.25",
        "201403": "13.58",
        "201404": "16.74",
        "201405": "18.69",
        "201406": "19.93",
        "201407": "17.36",
        "201408": "15.49",
        "201409": "19.33",
        "201410": "19.00",
        "201411": "21.54",
        "201412": "20.63",
        "201501": "20.00",
        "201502": "25.16",
        "201503": "36.81",
        "201504": "37.94",
        "201505": "34.81",
        "201506": "33.92",
        "201507": "30.73",
        "201508": "31.70",
        "201509": "28.40",
        "201510": "33.15",
        "201511": "32.64",
        "201512": "31.55",
        "201601": "33.04",
        "201602": "34.10",
        "201603": "32.26",
        "201604": "29.64",
        "201605": "32.17",
        "201606": "29.20",
        "201607": "25.20",
        "201608": "無",
        "201609": "無",
        "201610": "無",
        "201611": "無",
        "201612": "無",
        "201701": "無",
        "201702": "無",
        "201703": "無",
        "201704": "無",
        "201705": "無",
        "201706": "無",
        "201707": "無",
        "201708": "無",
        "201709": "無",
        "201710": "無",
        "201711": "無",
        "201712": "無",
        "201801": "無",
        "201802": "無",
        "201803": "無",
        "201804": "無",
        "201805": "無",
        "201806": "無",
        "201807": "無",
        "201808": "無",
        "201809": "無",
        "201810": "無",
        "201811": "無",
        "201812": "無",
        "201901": "無",
        "201902": "無",
        "201903": "無",
        "201904": "無",
        "201905": "無",
        "201906": "無",
        "201907": "無",
        "201908": "無",
        "201909": "無",
        "201910": "無",
        "201911": "無",
        "201912": "無",
        "202001": "無",
        "202002": "無",
        "202003": "無",
        "202004": "無",
        "202005": "無",
        "202006": "無",
        "202007": "無",
        "202008": "無",
        "202009": "無",
        "202010": "無",
        "202011": "無",
        "202012": "無",
        "202101": "無",
        "202102": "無",
        "202103": "無",
        "202104": "無",
        "202105": "無",
        "202106": "無",
        "202107": "無",
        "202108": "無",
        "202109": "無",
        "202110": "無",
        "202111": "無",
        "202112": "無",
        "202201": "無",
        "202202": "無",
        "202203": "無",
        "202204": "無",
        "202205": "無",
        "202206": "無",
        "202207": "無",
        "202208": "無",
        "202209": "無",
        "202210": "無",
        "202211": "無",
        "202212": "無",
        "202301": "無",
        "202302": "無",
        "202303": "無",
        "202304": "無",
        "202305": "無"
    },
    "quarters": {
        "20011": {
            "year_quarter": 20011,
            "year": 2001,
            "quarter": 1,
            "eps": 0.22,
            "eps_growth_year": -93.21,
            "eps_4q": -0.23,
            "eps_4q_growth_year": -104.6,
            "roe": 0.92,
            "roe_4q": 0.92,
            "gross_profit": 44590,
            "gross_margin": 21.79,
            "gross_margin_4q_avg": 21.79,
            "net_income": 7480,
            "revenue": 204600,
            "common_shares": 337657,
            "book_valuer_per_share": 24.23,
            "book_valuer_per_share_4q_avg": 24.23,
            "equity": 818186,
            "current_ratio": 238.3,
            "debt_ratio": 20.91,
            "inventory_turnover_ratio": 1.7,
            "account_receivable_turnover_ratio": null,
            "reinvestment_rate": null,
            "research_to_sale_ratio": null,
            "price_fair": 0,
            "eps_avg_yearly": 0,
            "eps_latest_yearly": 0,
            "eps_growth_yearly": 0
        },
        "20012": {
            "year_quarter": 20012,
            "year": 2001,
            "quarter": 2,
            "eps": -1.19,
            "eps_growth_year": -450,
            "eps_4q": -1.93,
            "eps_4q_growth_year": -139.22,
            "roe": -5.98,
            "roe_4q": -5.0600000000000005,
            "gross_profit": 20368,
            "gross_margin": 14.28,
            "gross_margin_4q_avg": 18.04,
            "net_income": -47003,
            "revenue": 142616,
            "common_shares": 337657,
            "book_valuer_per_share": 22.34,
            "book_valuer_per_share_4q_avg": 23.29,
            "equity": 754395,
            "current_ratio": 236.3,
            "debt_ratio": 19.68,
            "inventory_turnover_ratio": 1.14,
            "account_receivable_turnover_ratio": null,
            "reinvestment_rate": null,
            "research_to_sale_ratio": null,
            "price_fair": 0,
            "eps_avg_yearly": 0,
            "eps_latest_yearly": 0,
            "eps_growth_yearly": 0
        },
        "20013": {
            "year_quarter": 20013,
            "year": 2001,
            "quarter": 3,
            "eps": -0.6,
            "eps_growth_year": -314.29,
            "eps_4q": -2.47,
            "eps_4q_growth_year": -159.32,
            "roe": -3.17,
            "roe_4q": -8.23,
            "gross_profit": 10297,
            "gross_margin": 15.97,
            "gross_margin_4q_avg": 17.35,
            "net_income": -23520,
            "revenue": 64472,
            "common_shares": 395260,
            "book_valuer_per_share": 18.51,
            "book_valuer_per_share_4q_avg": 21.69,
            "equity": 731653,
            "current_ratio": 326.94,
            "debt_ratio": 13.01,
            "inventory_turnover_ratio": 0.6,
            "account_receivable_turnover_ratio": null,
            "reinvestment_rate": null,
            "research_to_sale_ratio": null,
            "price_fair": 0,
            "eps_avg_yearly": 0,
            "eps_latest_yearly": 0,
            "eps_growth_yearly": 0
        },
        "20014": {
            "year_quarter": 20014,
            "year": 2001,
            "quarter": 4,
            "eps": -2.86,
            "eps_growth_year": null,
            "eps_4q": -4.45,
            "eps_4q_growth_year": -282.38,
            "roe": -16.72,
            "roe_4q": -24.95,
            "gross_profit": -29158,
            "gross_margin": -51.41,
            "gross_margin_4q_avg": 0.16,
            "net_income": -112990,
            "revenue": 56720,
            "common_shares": 395260,
            "book_valuer_per_share": 15.69,
            "book_valuer_per_share_4q_avg": 20.19,
            "equity": 619976,
            "current_ratio": 265.11,
            "debt_ratio": 12.31,
            "inventory_turnover_ratio": 1.58,
            "account_receivable_turnover_ratio": null,
            "reinvestment_rate": null,
            "research_to_sale_ratio": null,
            "price_fair": 0,
            "eps_avg_yearly": 0,
            "eps_latest_yearly": 0,
            "eps_growth_yearly": 0
        },
        "20021": {
            "year_quarter": 20021,
            "year": 2002,
            "quarter": 1,
            "eps": -0.75,
            "eps_growth_year": -440.91,
            "eps_4q": -5.38,
            "eps_4q_growth_year": null,
            "roe": -4.92,
            "roe_4q": -30.790000000000003,
            "gross_profit": -3540,
            "gross_margin": -12.94,
            "gross_margin_4q_avg": -8.53,
            "net_income": -29755,
            "revenue": 27349,
            "common_shares": 395260,
            "book_valuer_per_share": 14.94,
            "book_valuer_per_share_4q_avg": 17.87,
            "equity": 590635,
            "current_ratio": 271.24,
            "debt_ratio": 10.34,
            "inventory_turnover_ratio": 1.29,
            "account_receivable_turnover_ratio": null,
            "reinvestment_rate": null,
            "research_to_sale_ratio": null,
            "price_fair": 0,
            "eps_avg_yearly": 0,
            "eps_latest_yearly": 0,
            "eps_growth_yearly": 0
        },
        "20022": {
            "year_quarter": 20022,
            "year": 2002,
            "quarter": 2,
            "eps": -0.7,
            "eps_growth_year": null,
            "eps_4q": -4.91,
            "eps_4q_growth_year": null,
            "roe": -4.82,
            "roe_4q": -29.630000000000003,
            "gross_profit": 4535,
            "gross_margin": 8.24,
            "gross_margin_4q_avg": -10.04,
            "net_income": -27790,
            "revenue": 55043,
            "common_shares": 395260,
            "book_valuer_per_share": 14.23,
            "book_valuer_per_share_4q_avg": 15.84,
            "equity": 562645,
            "current_ratio": 255.53,
            "debt_ratio": 10.93,
            "inventory_turnover_ratio": 2.61,
            "account_receivable_turnover_ratio": null,
            "reinvestment_rate": null,
            "research_to_sale_ratio": null,
            "price_fair": 0,
            "eps_avg_yearly": 0,
            "eps_latest_yearly": 0,
            "eps_growth_yearly": 0
        },
        "20023": {
            "year_quarter": 20023,
            "year": 2002,
            "quarter": 3,
            "eps": -0.31,
            "eps_growth_year": null,
            "eps_4q": -4.62,
            "eps_4q_growth_year": null,
            "roe": -2.18,
            "roe_4q": -28.64,
            "gross_profit": 9451,
            "gross_margin": 17.71,
            "gross_margin_4q_avg": -9.6,
            "net_income": -12146,
            "revenue": 53362,
            "common_shares": 395260,
            "book_valuer_per_share": 13.94,
            "book_valuer_per_share_4q_avg": 14.7,
            "equity": 551086,
            "current_ratio": 248.15,
            "debt_ratio": 10.67,
            "inventory_turnover_ratio": 2.54,
            "account_receivable_turnover_ratio": null,
            "reinvestment_rate": null,
            "research_to_sale_ratio": null,
            "price_fair": 0,
            "eps_avg_yearly": 0,
            "eps_latest_yearly": 0,
            "eps_growth_yearly": 0
        },
        "20024": {
            "year_quarter": 20024,
            "year": 2002,
            "quarter": 4,
            "eps": -2.87,
            "eps_growth_year": null,
            "eps_4q": -4.52,
            "eps_4q_growth_year": null,
            "roe": -22.85,
            "roe_4q": -34.77,
            "gross_profit": 5466,
            "gross_margin": 13.96,
            "gross_margin_4q_avg": 6.74,
            "net_income": -113530,
            "revenue": 39158,
            "common_shares": 395260,
            "book_valuer_per_share": 11.08,
            "book_valuer_per_share_4q_avg": 13.55,
            "equity": 442684,
            "current_ratio": 275.46,
            "debt_ratio": 11.04,
            "inventory_turnover_ratio": 2.02,
            "account_receivable_turnover_ratio": null,
            "reinvestment_rate": null,
            "research_to_sale_ratio": null,
            "price_fair": 0,
            "eps_avg_yearly": 0,
            "eps_latest_yearly": 0,
            "eps_growth_yearly": 0
        },
        "20031": {
            "year_quarter": 20031,
            "year": 2003,
            "quarter": 1,
            "eps": -0.54,
            "eps_growth_year": null,
            "eps_4q": -4.41,
            "eps_4q_growth_year": null,
            "roe": -5.01,
            "roe_4q": -34.86,
            "gross_profit": 17,
            "gross_margin": 0.11,
            "gross_margin_4q_avg": 10.01,
            "net_income": -21418,
            "revenue": 15306,
            "common_shares": 395260,
            "book_valuer_per_share": 10.45,
            "book_valuer_per_share_4q_avg": 12.43,
            "equity": 413045,
            "current_ratio": 330.13,
            "debt_ratio": 7.12,
            "inventory_turnover_ratio": 1.09,
            "account_receivable_turnover_ratio": null,
            "reinvestment_rate": null,
            "research_to_sale_ratio": null,
            "price_fair": 0,
            "eps_avg_yearly": 0,
            "eps_latest_yearly": 0,
            "eps_growth_yearly": 0
        },
        "20032": {
            "year_quarter": 20032,
            "year": 2003,
            "quarter": 2,
            "eps": -0.5,
            "eps_growth_year": null,
            "eps_4q": -4.22,
            "eps_4q_growth_year": null,
            "roe": -4.85,
            "roe_4q": -34.89,
            "gross_profit": 122,
            "gross_margin": 0.65,
            "gross_margin_4q_avg": 8.11,
            "net_income": -19526,
            "revenue": 18724,
            "common_shares": 395260,
            "book_valuer_per_share": 9.92,
            "book_valuer_per_share_4q_avg": 11.35,
            "equity": 392143,
            "current_ratio": 290.56,
            "debt_ratio": 6.94,
            "inventory_turnover_ratio": 1.48,
            "account_receivable_turnover_ratio": null,
            "reinvestment_rate": null,
            "research_to_sale_ratio": null,
            "price_fair": 0,
            "eps_avg_yearly": 0,
            "eps_latest_yearly": 0,
            "eps_growth_yearly": 0
        },
        "20033": {
            "year_quarter": 20033,
            "year": 2003,
            "quarter": 3,
            "eps": -0.66,
            "eps_growth_year": null,
            "eps_4q": -4.57,
            "eps_4q_growth_year": null,
            "roe": -6.9,
            "roe_4q": -39.61,
            "gross_profit": 5472,
            "gross_margin": 13.36,
            "gross_margin_4q_avg": 7.02,
            "net_income": -26161,
            "revenue": 40966,
            "common_shares": 395260,
            "book_valuer_per_share": 9.26,
            "book_valuer_per_share_4q_avg": 10.18,
            "equity": 365816,
            "current_ratio": 236.46,
            "debt_ratio": 8.38,
            "inventory_turnover_ratio": 3.07,
            "account_receivable_turnover_ratio": null,
            "reinvestment_rate": null,
            "research_to_sale_ratio": null,
            "price_fair": 0,
            "eps_avg_yearly": 0,
            "eps_latest_yearly": 0,
            "eps_growth_yearly": 0
        },
        "20034": {
            "year_quarter": 20034,
            "year": 2003,
            "quarter": 4,
            "eps": -2.12,
            "eps_growth_year": null,
            "eps_4q": -3.75,
            "eps_4q_growth_year": null,
            "roe": -25.84,
            "roe_4q": -42.6,
            "gross_profit": 3931,
            "gross_margin": 25.76,
            "gross_margin_4q_avg": 9.97,
            "net_income": -83947,
            "revenue": 15260,
            "common_shares": 395260,
            "book_valuer_per_share": 7.13,
            "book_valuer_per_share_4q_avg": 9.19,
            "equity": 283994,
            "current_ratio": 267.37,
            "debt_ratio": 12.71,
            "inventory_turnover_ratio": 1.05,
            "account_receivable_turnover_ratio": null,
            "reinvestment_rate": null,
            "research_to_sale_ratio": null,
            "price_fair": 0,
            "eps_avg_yearly": 0,
            "eps_latest_yearly": 0,
            "eps_growth_yearly": 0
        },
        "20041": {
            "year_quarter": 20041,
            "year": 2004,
            "quarter": 1,
            "eps": -0.52,
            "eps_growth_year": null,
            "eps_4q": -3.77,
            "eps_4q_growth_year": null,
            "roe": -7.63,
            "roe_4q": -45.22,
            "gross_profit": -1325,
            "gross_margin": -15.58,
            "gross_margin_4q_avg": 6.05,
            "net_income": -20747,
            "revenue": 8506,
            "common_shares": 395260,
            "book_valuer_per_share": 6.58,
            "book_valuer_per_share_4q_avg": 8.22,
            "equity": 260000,
            "current_ratio": 187.7,
            "debt_ratio": 16.47,
            "inventory_turnover_ratio": 0.55,
            "account_receivable_turnover_ratio": null,
            "reinvestment_rate": null,
            "research_to_sale_ratio": null,
            "price_fair": 0,
            "eps_avg_yearly": 0,
            "eps_latest_yearly": 0,
            "eps_growth_yearly": 0
        },
        "20042": {
            "year_quarter": 20042,
            "year": 2004,
            "quarter": 2,
            "eps": -0.59,
            "eps_growth_year": null,
            "eps_4q": -4.81,
            "eps_4q_growth_year": null,
            "roe": -7.27,
            "roe_4q": -47.63999999999999,
            "gross_profit": -858,
            "gross_margin": -1.81,
            "gross_margin_4q_avg": 5.43,
            "net_income": -18229,
            "revenue": 47533,
            "common_shares": 310000,
            "book_valuer_per_share": 7.8,
            "book_valuer_per_share_4q_avg": 7.69,
            "equity": 241771,
            "current_ratio": 198.76,
            "debt_ratio": 14.41,
            "inventory_turnover_ratio": 3.69,
            "account_receivable_turnover_ratio": null,
            "reinvestment_rate": null,
            "research_to_sale_ratio": null,
            "price_fair": 0,
            "eps_avg_yearly": 0,
            "eps_latest_yearly": 0,
            "eps_growth_yearly": 0
        },
        "20043": {
            "year_quarter": 20043,
            "year": 2004,
            "quarter": 3,
            "eps": -0.33,
            "eps_growth_year": null,
            "eps_4q": -4.25,
            "eps_4q_growth_year": null,
            "roe": -3.39,
            "roe_4q": -44.129999999999995,
            "gross_profit": -970,
            "gross_margin": -9.39,
            "gross_margin_4q_avg": -0.26,
            "net_income": -8972,
            "revenue": 10325,
            "common_shares": 310000,
            "book_valuer_per_share": 9.29,
            "book_valuer_per_share_4q_avg": 7.7,
            "equity": 288051,
            "current_ratio": 245.58,
            "debt_ratio": 15.32,
            "inventory_turnover_ratio": 1.56,
            "account_receivable_turnover_ratio": null,
            "reinvestment_rate": null,
            "research_to_sale_ratio": null,
            "price_fair": 0,
            "eps_avg_yearly": 0,
            "eps_latest_yearly": 0,
            "eps_growth_yearly": 0
        },
        "20044": {
            "year_quarter": 20044,
            "year": 2004,
            "quarter": 4,
            "eps": -2.43,
            "eps_growth_year": null,
            "eps_4q": -3.9,
            "eps_4q_growth_year": null,
            "roe": -32.12,
            "roe_4q": -50.410000000000004,
            "gross_profit": -2671,
            "gross_margin": -10.06,
            "gross_margin_4q_avg": -9.21,
            "net_income": -79712,
            "revenue": 26559,
            "common_shares": 379500,
            "book_valuer_per_share": 5.49,
            "book_valuer_per_share_4q_avg": 7.29,
            "equity": 208340,
            "current_ratio": 329.73,
            "debt_ratio": 14.91,
            "inventory_turnover_ratio": 1.67,
            "account_receivable_turnover_ratio": null,
            "reinvestment_rate": null,
            "research_to_sale_ratio": null,
            "price_fair": 0,
            "eps_avg_yearly": 0,
            "eps_latest_yearly": 0,
            "eps_growth_yearly": 0
        },
        "20051": {
            "year_quarter": 20051,
            "year": 2005,
            "quarter": 1,
            "eps": -0.1,
            "eps_growth_year": null,
            "eps_4q": -2.89,
            "eps_4q_growth_year": null,
            "roe": -1.86,
            "roe_4q": -44.64,
            "gross_profit": -1326,
            "gross_margin": -4.04,
            "gross_margin_4q_avg": -6.33,
            "net_income": -3831,
            "revenue": 32834,
            "common_shares": 379500,
            "book_valuer_per_share": 5.39,
            "book_valuer_per_share_4q_avg": 6.99,
            "equity": 204467,
            "current_ratio": 351.9,
            "debt_ratio": 13.8,
            "inventory_turnover_ratio": 1.63,
            "account_receivable_turnover_ratio": null,
            "reinvestment_rate": null,
            "research_to_sale_ratio": null,
            "price_fair": 0,
            "eps_avg_yearly": 0,
            "eps_latest_yearly": 0,
            "eps_growth_yearly": 0
        },
        "20052": {
            "year_quarter": 20052,
            "year": 2005,
            "quarter": 2,
            "eps": -0.19,
            "eps_growth_year": null,
            "eps_4q": -2.63,
            "eps_4q_growth_year": null,
            "roe": -3.58,
            "roe_4q": -40.949999999999996,
            "gross_profit": 43,
            "gross_margin": 0.14,
            "gross_margin_4q_avg": -5.84,
            "net_income": -7183,
            "revenue": 30683,
            "common_shares": 379500,
            "book_valuer_per_share": 5.19,
            "book_valuer_per_share_4q_avg": 6.34,
            "equity": 196838,
            "current_ratio": 675.61,
            "debt_ratio": 8.69,
            "inventory_turnover_ratio": 1.58,
            "account_receivable_turnover_ratio": null,
            "reinvestment_rate": null,
            "research_to_sale_ratio": null,
            "price_fair": 0,
            "eps_avg_yearly": 0,
            "eps_latest_yearly": 0,
            "eps_growth_yearly": 0
        },
        "20053": {
            "year_quarter": 20053,
            "year": 2005,
            "quarter": 3,
            "eps": -0.16,
            "eps_growth_year": null,
            "eps_4q": -2.55,
            "eps_4q_growth_year": null,
            "roe": -3.15,
            "roe_4q": -40.709999999999994,
            "gross_profit": -1818,
            "gross_margin": -12.72,
            "gross_margin_4q_avg": -6.67,
            "net_income": -6102,
            "revenue": 14289,
            "common_shares": 379500,
            "book_valuer_per_share": 5.03,
            "book_valuer_per_share_4q_avg": 5.28,
            "equity": 190736,
            "current_ratio": 725.94,
            "debt_ratio": 7.31,
            "inventory_turnover_ratio": 1.08,
            "account_receivable_turnover_ratio": null,
            "reinvestment_rate": null,
            "research_to_sale_ratio": null,
            "price_fair": 0,
            "eps_avg_yearly": 0,
            "eps_latest_yearly": 0,
            "eps_growth_yearly": 0
        },
        "20054": {
            "year_quarter": 20054,
            "year": 2005,
            "quarter": 4,
            "eps": -1.77,
            "eps_growth_year": null,
            "eps_4q": -2.22,
            "eps_4q_growth_year": null,
            "roe": -42.78,
            "roe_4q": -51.37,
            "gross_profit": 3801,
            "gross_margin": 5.6,
            "gross_margin_4q_avg": -2.76,
            "net_income": -67186,
            "revenue": 67872,
            "common_shares": 379500,
            "book_valuer_per_share": 3.25,
            "book_valuer_per_share_4q_avg": 4.72,
            "equity": 123341,
            "current_ratio": 279.4,
            "debt_ratio": 23.11,
            "inventory_turnover_ratio": 8.11,
            "account_receivable_turnover_ratio": null,
            "reinvestment_rate": null,
            "research_to_sale_ratio": null,
            "price_fair": 0,
            "eps_avg_yearly": 0,
            "eps_latest_yearly": 0,
            "eps_growth_yearly": 0
        },
        "20061": {
            "year_quarter": 20061,
            "year": 2006,
            "quarter": 1,
            "eps": 0.24,
            "eps_growth_year": null,
            "eps_4q": -1.92,
            "eps_4q_growth_year": null,
            "roe": 7,
            "roe_4q": -42.51,
            "gross_profit": -6341,
            "gross_margin": -200.47,
            "gross_margin_4q_avg": -51.86,
            "net_income": 8946,
            "revenue": 3163,
            "common_shares": 379500,
            "book_valuer_per_share": 3.49,
            "book_valuer_per_share_4q_avg": 4.24,
            "equity": 132287,
            "current_ratio": 449.2,
            "debt_ratio": 13.02,
            "inventory_turnover_ratio": 2.46,
            "account_receivable_turnover_ratio": null,
            "reinvestment_rate": null,
            "research_to_sale_ratio": null,
            "price_fair": 0,
            "eps_avg_yearly": 0,
            "eps_latest_yearly": 0,
            "eps_growth_yearly": 0
        },
        "20062": {
            "year_quarter": 20062,
            "year": 2006,
            "quarter": 2,
            "eps": -0.17,
            "eps_growth_year": null,
            "eps_4q": -1.87,
            "eps_4q_growth_year": null,
            "roe": -5.14,
            "roe_4q": -44.07,
            "gross_profit": 72,
            "gross_margin": 63.16,
            "gross_margin_4q_avg": -36.11,
            "net_income": -6624,
            "revenue": 114,
            "common_shares": 379500,
            "book_valuer_per_share": 3.31,
            "book_valuer_per_share_4q_avg": 3.77,
            "equity": 125663,
            "current_ratio": 331.25,
            "debt_ratio": 14.85,
            "inventory_turnover_ratio": 0.01,
            "account_receivable_turnover_ratio": null,
            "reinvestment_rate": null,
            "research_to_sale_ratio": null,
            "price_fair": 0,
            "eps_avg_yearly": 0,
            "eps_latest_yearly": 0,
            "eps_growth_yearly": 0
        },
        "20063": {
            "year_quarter": 20063,
            "year": 2006,
            "quarter": 3,
            "eps": -0.23,
            "eps_growth_year": null,
            "eps_4q": -1.94,
            "eps_4q_growth_year": null,
            "roe": -7.09,
            "roe_4q": -48.010000000000005,
            "gross_profit": 497,
            "gross_margin": 12.66,
            "gross_margin_4q_avg": -29.76,
            "net_income": -8608,
            "revenue": 3926,
            "common_shares": 379500,
            "book_valuer_per_share": 3.08,
            "book_valuer_per_share_4q_avg": 3.28,
            "equity": 117054,
            "current_ratio": 87.2,
            "debt_ratio": 33.83,
            "inventory_turnover_ratio": 0.44,
            "account_receivable_turnover_ratio": null,
            "reinvestment_rate": null,
            "research_to_sale_ratio": null,
            "price_fair": 0,
            "eps_avg_yearly": 0,
            "eps_latest_yearly": 0,
            "eps_growth_yearly": 0
        },
        "20064": {
            "year_quarter": 20064,
            "year": 2006,
            "quarter": 4,
            "eps": -4.49,
            "eps_growth_year": null,
            "eps_4q": -4.82,
            "eps_4q_growth_year": null,
            "roe": -36.99,
            "roe_4q": -42.22,
            "gross_profit": 37,
            "gross_margin": 0.26,
            "gross_margin_4q_avg": -31.1,
            "net_income": -68966,
            "revenue": 14465,
            "common_shares": 305235,
            "book_valuer_per_share": 7.48,
            "book_valuer_per_share_4q_avg": 4.34,
            "equity": 255802,
            "current_ratio": 105.17,
            "debt_ratio": 45.41,
            "inventory_turnover_ratio": 0.48,
            "account_receivable_turnover_ratio": null,
            "reinvestment_rate": null,
            "research_to_sale_ratio": null,
            "price_fair": 0,
            "eps_avg_yearly": 0,
            "eps_latest_yearly": 0,
            "eps_growth_yearly": 0
        },
        "20071": {
            "year_quarter": 20071,
            "year": 2007,
            "quarter": 1,
            "eps": -0.55,
            "eps_growth_year": -329.17,
            "eps_4q": -3.33,
            "eps_4q_growth_year": null,
            "roe": -7.11,
            "roe_4q": -56.33,
            "gross_profit": 2761,
            "gross_margin": 14.95,
            "gross_margin_4q_avg": 22.76,
            "net_income": -16666,
            "revenue": 18474,
            "common_shares": 305235,
            "book_valuer_per_share": 6.98,
            "book_valuer_per_share_4q_avg": 5.21,
            "equity": 213098,
            "current_ratio": 81.69,
            "debt_ratio": 28.89,
            "inventory_turnover_ratio": 0.5,
            "account_receivable_turnover_ratio": null,
            "reinvestment_rate": null,
            "research_to_sale_ratio": null,
            "price_fair": 0,
            "eps_avg_yearly": 0,
            "eps_latest_yearly": 0,
            "eps_growth_yearly": 0
        },
        "20072": {
            "year_quarter": 20072,
            "year": 2007,
            "quarter": 2,
            "eps": -1.02,
            "eps_growth_year": null,
            "eps_4q": -3.39,
            "eps_4q_growth_year": null,
            "roe": -13.23,
            "roe_4q": -64.42,
            "gross_profit": 655,
            "gross_margin": 13.02,
            "gross_margin_4q_avg": 10.22,
            "net_income": -32993,
            "revenue": 5032,
            "common_shares": 375235,
            "book_valuer_per_share": 7.61,
            "book_valuer_per_share_4q_avg": 6.29,
            "equity": 285644,
            "current_ratio": 211.56,
            "debt_ratio": 23.14,
            "inventory_turnover_ratio": 0.27,
            "account_receivable_turnover_ratio": null,
            "reinvestment_rate": null,
            "research_to_sale_ratio": null,
            "price_fair": 0,
            "eps_avg_yearly": 0,
            "eps_latest_yearly": 0,
            "eps_growth_yearly": 0
        },
        "20073": {
            "year_quarter": 20073,
            "year": 2007,
            "quarter": 3,
            "eps": -0.76,
            "eps_growth_year": null,
            "eps_4q": -3.85,
            "eps_4q_growth_year": null,
            "roe": -9.44,
            "roe_4q": -66.77000000000001,
            "gross_profit": -72,
            "gross_margin": -0.8,
            "gross_margin_4q_avg": 6.86,
            "net_income": -25774,
            "revenue": 8944,
            "common_shares": 375235,
            "book_valuer_per_share": 6.94,
            "book_valuer_per_share_4q_avg": 7.25,
            "equity": 260231,
            "current_ratio": 223.48,
            "debt_ratio": 20.49,
            "inventory_turnover_ratio": 0.47,
            "account_receivable_turnover_ratio": null,
            "reinvestment_rate": null,
            "research_to_sale_ratio": null,
            "price_fair": 0,
            "eps_avg_yearly": 0,
            "eps_latest_yearly": 0,
            "eps_growth_yearly": 0
        },
        "20074": {
            "year_quarter": 20074,
            "year": 2007,
            "quarter": 4,
            "eps": -2.15,
            "eps_growth_year": null,
            "eps_4q": -3.76,
            "eps_4q_growth_year": null,
            "roe": -33.37,
            "roe_4q": -63.14999999999999,
            "gross_profit": 3561,
            "gross_margin": 16.93,
            "gross_margin_4q_avg": 11.03,
            "net_income": -75012,
            "revenue": 21028,
            "common_shares": 375235,
            "book_valuer_per_share": 4.89,
            "book_valuer_per_share_4q_avg": 6.61,
            "equity": 189352,
            "current_ratio": 112.22,
            "debt_ratio": 43.7,
            "inventory_turnover_ratio": 0.74,
            "account_receivable_turnover_ratio": null,
            "reinvestment_rate": null,
            "research_to_sale_ratio": null,
            "price_fair": 0,
            "eps_avg_yearly": 0,
            "eps_latest_yearly": 0,
            "eps_growth_yearly": 0
        },
        "20081": {
            "year_quarter": 20081,
            "year": 2008,
            "quarter": 1,
            "eps": -0.32,
            "eps_growth_year": null,
            "eps_4q": -3.6,
            "eps_4q_growth_year": null,
            "roe": -7.1,
            "roe_4q": -63.14,
            "gross_profit": 4393,
            "gross_margin": 14.64,
            "gross_margin_4q_avg": 10.95,
            "net_income": -12970,
            "revenue": 30007,
            "common_shares": 375235,
            "book_valuer_per_share": 4.55,
            "book_valuer_per_share_4q_avg": 6,
            "equity": 175881,
            "current_ratio": 107.27,
            "debt_ratio": 36.95,
            "inventory_turnover_ratio": 0.9,
            "account_receivable_turnover_ratio": null,
            "reinvestment_rate": null,
            "research_to_sale_ratio": null,
            "price_fair": 0,
            "eps_avg_yearly": 0,
            "eps_latest_yearly": 0,
            "eps_growth_yearly": 0
        },
        "20082": {
            "year_quarter": 20082,
            "year": 2008,
            "quarter": 2,
            "eps": -0.27,
            "eps_growth_year": null,
            "eps_4q": -3.28,
            "eps_4q_growth_year": null,
            "roe": -5.38,
            "roe_4q": -55.28999999999999,
            "gross_profit": 11665,
            "gross_margin": 29.76,
            "gross_margin_4q_avg": 15.13,
            "net_income": -9245,
            "revenue": 39195,
            "common_shares": 375235,
            "book_valuer_per_share": 4.31,
            "book_valuer_per_share_4q_avg": 5.17,
            "equity": 167488,
            "current_ratio": 105.57,
            "debt_ratio": 38.15,
            "inventory_turnover_ratio": 1.04,
            "account_receivable_turnover_ratio": null,
            "reinvestment_rate": null,
            "research_to_sale_ratio": null,
            "price_fair": 0,
            "eps_avg_yearly": 0,
            "eps_latest_yearly": 0,
            "eps_growth_yearly": 0
        },
        "20083": {
            "year_quarter": 20083,
            "year": 2008,
            "quarter": 3,
            "eps": -0.1,
            "eps_growth_year": null,
            "eps_4q": -2.69,
            "eps_4q_growth_year": null,
            "roe": -1.77,
            "roe_4q": -47.62,
            "gross_profit": 2296,
            "gross_margin": 6.51,
            "gross_margin_4q_avg": 16.96,
            "net_income": -2945,
            "revenue": 35255,
            "common_shares": 375235,
            "book_valuer_per_share": 4.24,
            "book_valuer_per_share_4q_avg": 4.5,
            "equity": 166200,
            "current_ratio": 108.42,
            "debt_ratio": 38.52,
            "inventory_turnover_ratio": 1.28,
            "account_receivable_turnover_ratio": null,
            "reinvestment_rate": null,
            "research_to_sale_ratio": null,
            "price_fair": 0,
            "eps_avg_yearly": 0,
            "eps_latest_yearly": 0,
            "eps_growth_yearly": 0
        },
        "20084": {
            "year_quarter": 20084,
            "year": 2008,
            "quarter": 4,
            "eps": -1.21,
            "eps_growth_year": null,
            "eps_4q": -1.9,
            "eps_4q_growth_year": null,
            "roe": -33.22,
            "roe_4q": -47.470000000000006,
            "gross_profit": 8248,
            "gross_margin": 25.64,
            "gross_margin_4q_avg": 19.14,
            "net_income": -46094,
            "revenue": 32163,
            "common_shares": 375235,
            "book_valuer_per_share": 2.97,
            "book_valuer_per_share_4q_avg": 4.02,
            "equity": 111266,
            "current_ratio": 160.38,
            "debt_ratio": 11.54,
            "inventory_turnover_ratio": 1.79,
            "account_receivable_turnover_ratio": 7.61,
            "reinvestment_rate": null,
            "research_to_sale_ratio": null,
            "price_fair": 0,
            "eps_avg_yearly": 0,
            "eps_latest_yearly": 0,
            "eps_growth_yearly": 0
        },
        "20091": {
            "year_quarter": 20091,
            "year": 2009,
            "quarter": 1,
            "eps": -0.11,
            "eps_growth_year": null,
            "eps_4q": -0.63,
            "eps_4q_growth_year": null,
            "roe": -3.27,
            "roe_4q": -43.64000000000001,
            "gross_profit": 375,
            "gross_margin": 4.78,
            "gross_margin_4q_avg": 16.67,
            "net_income": -5729,
            "revenue": 7850,
            "common_shares": 1030235,
            "book_valuer_per_share": 2.32,
            "book_valuer_per_share_4q_avg": 3.46,
            "equity": 239232,
            "current_ratio": 334.48,
            "debt_ratio": 28.16,
            "inventory_turnover_ratio": 0.07,
            "account_receivable_turnover_ratio": 1.9,
            "reinvestment_rate": null,
            "research_to_sale_ratio": null,
            "price_fair": 0,
            "eps_avg_yearly": 0,
            "eps_latest_yearly": 0,
            "eps_growth_yearly": 0
        },
        "20092": {
            "year_quarter": 20092,
            "year": 2009,
            "quarter": 2,
            "eps": -0.11,
            "eps_growth_year": null,
            "eps_4q": -0.62,
            "eps_4q_growth_year": null,
            "roe": -3.75,
            "roe_4q": -42.01,
            "gross_profit": -815,
            "gross_margin": -1.35,
            "gross_margin_4q_avg": 8.9,
            "net_income": -8801,
            "revenue": 60154,
            "common_shares": 1030235,
            "book_valuer_per_share": 2.24,
            "book_valuer_per_share_4q_avg": 2.94,
            "equity": 230431,
            "current_ratio": 164.98,
            "debt_ratio": 57.64,
            "inventory_turnover_ratio": 0.18,
            "account_receivable_turnover_ratio": 4.5,
            "reinvestment_rate": null,
            "research_to_sale_ratio": null,
            "price_fair": 0,
            "eps_avg_yearly": 0,
            "eps_latest_yearly": 0,
            "eps_growth_yearly": 0
        },
        "20093": {
            "year_quarter": 20093,
            "year": 2009,
            "quarter": 3,
            "eps": -0.1,
            "eps_growth_year": null,
            "eps_4q": -0.67,
            "eps_4q_growth_year": null,
            "roe": -3.87,
            "roe_4q": -44.11,
            "gross_profit": -394,
            "gross_margin": -1.72,
            "gross_margin_4q_avg": 6.84,
            "net_income": -8695,
            "revenue": 22951,
            "common_shares": 1030235,
            "book_valuer_per_share": 2.12,
            "book_valuer_per_share_4q_avg": 2.41,
            "equity": 218875,
            "current_ratio": 162.5,
            "debt_ratio": 58.23,
            "inventory_turnover_ratio": 0.05,
            "account_receivable_turnover_ratio": 1.98,
            "reinvestment_rate": null,
            "research_to_sale_ratio": null,
            "price_fair": 0,
            "eps_avg_yearly": 0,
            "eps_latest_yearly": 0,
            "eps_growth_yearly": 0
        },
        "20094": {
            "year_quarter": 20094,
            "year": 2009,
            "quarter": 4,
            "eps": 0.85,
            "eps_growth_year": null,
            "eps_4q": -0.23,
            "eps_4q_growth_year": null,
            "roe": 7.59,
            "roe_4q": -3.3000000000000003,
            "gross_profit": 20557,
            "gross_margin": 7.68,
            "gross_margin_4q_avg": 2.35,
            "net_income": 17633,
            "revenue": 267819,
            "common_shares": 244015,
            "book_valuer_per_share": 10.08,
            "book_valuer_per_share_4q_avg": 4.19,
            "equity": 246059,
            "current_ratio": 344.11,
            "debt_ratio": 27.47,
            "inventory_turnover_ratio": 0.76,
            "account_receivable_turnover_ratio": 9.11,
            "reinvestment_rate": null,
            "research_to_sale_ratio": null,
            "price_fair": 0,
            "eps_avg_yearly": 0,
            "eps_latest_yearly": 0,
            "eps_growth_yearly": 0
        },
        "20101": {
            "year_quarter": 20101,
            "year": 2010,
            "quarter": 1,
            "eps": -0.39,
            "eps_growth_year": null,
            "eps_4q": -0.39,
            "eps_4q_growth_year": null,
            "roe": -3.99,
            "roe_4q": -4.0200000000000005,
            "gross_profit": 582,
            "gross_margin": 14.01,
            "gross_margin_4q_avg": 4.66,
            "net_income": -9618,
            "revenue": 4153,
            "common_shares": 244015,
            "book_valuer_per_share": 9.69,
            "book_valuer_per_share_4q_avg": 6.03,
            "equity": 236441,
            "current_ratio": 277.18,
            "debt_ratio": 34.23,
            "inventory_turnover_ratio": 0.01,
            "account_receivable_turnover_ratio": 0.14,
            "reinvestment_rate": null,
            "research_to_sale_ratio": 0,
            "price_fair": 0,
            "eps_avg_yearly": 0,
            "eps_latest_yearly": 0,
            "eps_growth_yearly": 0
        },
        "20102": {
            "year_quarter": 20102,
            "year": 2010,
            "quarter": 2,
            "eps": -0.58,
            "eps_growth_year": null,
            "eps_4q": -0.61,
            "eps_4q_growth_year": null,
            "roe": -6.14,
            "roe_4q": -6.409999999999999,
            "gross_profit": 889,
            "gross_margin": 18.38,
            "gross_margin_4q_avg": 9.59,
            "net_income": -14087,
            "revenue": 4837,
            "common_shares": 244015,
            "book_valuer_per_share": 9.11,
            "book_valuer_per_share_4q_avg": 7.75,
            "equity": 222354,
            "current_ratio": 248.81,
            "debt_ratio": 35.94,
            "inventory_turnover_ratio": 0.01,
            "account_receivable_turnover_ratio": 16.04,
            "reinvestment_rate": null,
            "research_to_sale_ratio": null,
            "price_fair": 0,
            "eps_avg_yearly": 0,
            "eps_latest_yearly": 0,
            "eps_growth_yearly": 0
        },
        "20103": {
            "year_quarter": 20103,
            "year": 2010,
            "quarter": 3,
            "eps": -0.65,
            "eps_growth_year": null,
            "eps_4q": -0.9,
            "eps_4q_growth_year": null,
            "roe": -7.38,
            "roe_4q": -9.919999999999998,
            "gross_profit": 324,
            "gross_margin": 7.89,
            "gross_margin_4q_avg": 11.99,
            "net_income": -15897,
            "revenue": 4105,
            "common_shares": 244015,
            "book_valuer_per_share": 8.55,
            "book_valuer_per_share_4q_avg": 9.36,
            "equity": 208664,
            "current_ratio": 262.06,
            "debt_ratio": 57.96,
            "inventory_turnover_ratio": 0.01,
            "account_receivable_turnover_ratio": 15.04,
            "reinvestment_rate": null,
            "research_to_sale_ratio": null,
            "price_fair": 0,
            "eps_avg_yearly": 0,
            "eps_latest_yearly": 0,
            "eps_growth_yearly": 0
        },
        "20104": {
            "year_quarter": 20104,
            "year": 2010,
            "quarter": 4,
            "eps": 1.69,
            "eps_growth_year": 99.07,
            "eps_4q": 0.07,
            "eps_4q_growth_year": null,
            "roe": 18.01,
            "roe_4q": 0.5000000000000027,
            "gross_profit": 59624,
            "gross_margin": 22.42,
            "gross_margin_4q_avg": 15.68,
            "net_income": 41290,
            "revenue": 265908,
            "common_shares": 244015,
            "book_valuer_per_share": 10.24,
            "book_valuer_per_share_4q_avg": 9.4,
            "equity": 249954,
            "current_ratio": 1249.11,
            "debt_ratio": 34.71,
            "inventory_turnover_ratio": 0.9,
            "account_receivable_turnover_ratio": 1677.65,
            "reinvestment_rate": null,
            "research_to_sale_ratio": null,
            "price_fair": 0,
            "eps_avg_yearly": 0,
            "eps_latest_yearly": 0,
            "eps_growth_yearly": 0
        },
        "20111": {
            "year_quarter": 20111,
            "year": 2011,
            "quarter": 1,
            "eps": -0.51,
            "eps_growth_year": null,
            "eps_4q": -0.04,
            "eps_4q_growth_year": null,
            "roe": -4.88,
            "roe_4q": -0.389999999999997,
            "gross_profit": 806,
            "gross_margin": 17.59,
            "gross_margin_4q_avg": 16.57,
            "net_income": -12336,
            "revenue": 4583,
            "common_shares": 244015,
            "book_valuer_per_share": 10.06,
            "book_valuer_per_share_4q_avg": 9.49,
            "equity": 255618,
            "current_ratio": 2060.76,
            "debt_ratio": 32.44,
            "inventory_turnover_ratio": 0.03,
            "account_receivable_turnover_ratio": 45.83,
            "reinvestment_rate": null,
            "research_to_sale_ratio": null,
            "price_fair": 0,
            "eps_avg_yearly": 0,
            "eps_latest_yearly": 0,
            "eps_growth_yearly": 0
        },
        "20112": {
            "year_quarter": 20112,
            "year": 2011,
            "quarter": 2,
            "eps": -0.45,
            "eps_growth_year": null,
            "eps_4q": 0.08,
            "eps_4q_growth_year": null,
            "roe": -4.94,
            "roe_4q": 0.8100000000000014,
            "gross_profit": 1807,
            "gross_margin": 29.72,
            "gross_margin_4q_avg": 19.41,
            "net_income": -12020,
            "revenue": 6081,
            "common_shares": 244015,
            "book_valuer_per_share": 9.29,
            "book_valuer_per_share_4q_avg": 9.54,
            "equity": 231009,
            "current_ratio": 1000.45,
            "debt_ratio": 37.18,
            "inventory_turnover_ratio": 0.03,
            "account_receivable_turnover_ratio": 24.32,
            "reinvestment_rate": null,
            "research_to_sale_ratio": null,
            "price_fair": 0,
            "eps_avg_yearly": 0,
            "eps_latest_yearly": 0,
            "eps_growth_yearly": 0
        },
        "20113": {
            "year_quarter": 20113,
            "year": 2011,
            "quarter": 3,
            "eps": -0.64,
            "eps_growth_year": null,
            "eps_4q": 0.06,
            "eps_4q_growth_year": null,
            "roe": -7.77,
            "roe_4q": 0.4200000000000017,
            "gross_profit": 3401,
            "gross_margin": 38.97,
            "gross_margin_4q_avg": 27.18,
            "net_income": -17977,
            "revenue": 8727,
            "common_shares": 254015,
            "book_valuer_per_share": 8.99,
            "book_valuer_per_share_4q_avg": 9.65,
            "equity": 231632,
            "current_ratio": 1846,
            "debt_ratio": 34.63,
            "inventory_turnover_ratio": 0.04,
            "account_receivable_turnover_ratio": 21.74,
            "reinvestment_rate": null,
            "research_to_sale_ratio": null,
            "price_fair": 0,
            "eps_avg_yearly": 0,
            "eps_latest_yearly": 0,
            "eps_growth_yearly": 0
        },
        "20114": {
            "year_quarter": 20114,
            "year": 2011,
            "quarter": 4,
            "eps": -1.09,
            "eps_growth_year": -164.66,
            "eps_4q": -2.66,
            "eps_4q_growth_year": -3940.09,
            "roe": -13.4,
            "roe_4q": -30.990000000000002,
            "gross_profit": -3455,
            "gross_margin": -30.48,
            "gross_margin_4q_avg": 13.95,
            "net_income": -29142,
            "revenue": 11335,
            "common_shares": 254015,
            "book_valuer_per_share": 7.79,
            "book_valuer_per_share_4q_avg": 9.03,
            "equity": 203211,
            "current_ratio": 255.97,
            "debt_ratio": 39.32,
            "inventory_turnover_ratio": 0.22,
            "account_receivable_turnover_ratio": 17.98,
            "reinvestment_rate": null,
            "research_to_sale_ratio": null,
            "price_fair": 0,
            "eps_avg_yearly": 0,
            "eps_latest_yearly": 0,
            "eps_growth_yearly": 0
        },
        "20121": {
            "year_quarter": 20121,
            "year": 2012,
            "quarter": 1,
            "eps": -0.62,
            "eps_growth_year": null,
            "eps_4q": -2.79,
            "eps_4q_growth_year": null,
            "roe": -8.1,
            "roe_4q": -34.21,
            "gross_profit": 1532,
            "gross_margin": 29.23,
            "gross_margin_4q_avg": 16.86,
            "net_income": -15819,
            "revenue": 5242,
            "common_shares": 254015,
            "book_valuer_per_share": 7.16,
            "book_valuer_per_share_4q_avg": 8.31,
            "equity": 187281,
            "current_ratio": 77.44,
            "debt_ratio": 43.58,
            "inventory_turnover_ratio": 0.43,
            "account_receivable_turnover_ratio": 8.88,
            "reinvestment_rate": null,
            "research_to_sale_ratio": null,
            "price_fair": 0,
            "eps_avg_yearly": 0,
            "eps_latest_yearly": 0,
            "eps_growth_yearly": 0
        },
        "20122": {
            "year_quarter": 20122,
            "year": 2012,
            "quarter": 2,
            "eps": -0.49,
            "eps_growth_year": null,
            "eps_4q": -2.48,
            "eps_4q_growth_year": -3081.65,
            "roe": -7.23,
            "roe_4q": -36.5,
            "gross_profit": 1285,
            "gross_margin": 21,
            "gross_margin_4q_avg": 14.68,
            "net_income": -15687,
            "revenue": 6120,
            "common_shares": 300895,
            "book_valuer_per_share": 8.03,
            "book_valuer_per_share_4q_avg": 7.99,
            "equity": 246471,
            "current_ratio": 152.95,
            "debt_ratio": 35.35,
            "inventory_turnover_ratio": 0.46,
            "account_receivable_turnover_ratio": 13.94,
            "reinvestment_rate": null,
            "research_to_sale_ratio": null,
            "price_fair": 0,
            "eps_avg_yearly": 0,
            "eps_latest_yearly": 0,
            "eps_growth_yearly": 0
        },
        "20123": {
            "year_quarter": 20123,
            "year": 2012,
            "quarter": 3,
            "eps": -0.4,
            "eps_growth_year": null,
            "eps_4q": -2.34,
            "eps_4q_growth_year": -3805.28,
            "roe": -5.45,
            "roe_4q": -34.18,
            "gross_profit": 1312,
            "gross_margin": 18.75,
            "gross_margin_4q_avg": 9.63,
            "net_income": -13073,
            "revenue": 6998,
            "common_shares": 300895,
            "book_valuer_per_share": 7.56,
            "book_valuer_per_share_4q_avg": 7.64,
            "equity": 233398,
            "current_ratio": 38.81,
            "debt_ratio": 45.31,
            "inventory_turnover_ratio": 0.51,
            "account_receivable_turnover_ratio": 0.58,
            "reinvestment_rate": null,
            "research_to_sale_ratio": null,
            "price_fair": 0,
            "eps_avg_yearly": 0,
            "eps_latest_yearly": 0,
            "eps_growth_yearly": 0
        },
        "20124": {
            "year_quarter": 20124,
            "year": 2012,
            "quarter": 4,
            "eps": -1.35,
            "eps_growth_year": null,
            "eps_4q": -2.61,
            "eps_4q_growth_year": null,
            "roe": -19.89,
            "roe_4q": -40.67,
            "gross_profit": 5623,
            "gross_margin": 56.33,
            "gross_margin_4q_avg": 31.33,
            "net_income": -47647,
            "revenue": 9983,
            "common_shares": 338395,
            "book_valuer_per_share": 7.18,
            "book_valuer_per_share_4q_avg": 7.48,
            "equity": 245751,
            "current_ratio": 33.61,
            "debt_ratio": 75.23,
            "inventory_turnover_ratio": 0.08,
            "account_receivable_turnover_ratio": 0.83,
            "reinvestment_rate": null,
            "research_to_sale_ratio": null,
            "price_fair": 0,
            "eps_avg_yearly": 0,
            "eps_latest_yearly": 0,
            "eps_growth_yearly": 0
        },
        "20131": {
            "year_quarter": 20131,
            "year": 2013,
            "quarter": 1,
            "eps": -0.76,
            "eps_growth_year": null,
            "eps_4q": -2.9,
            "eps_4q_growth_year": null,
            "roe": -10.36,
            "roe_4q": -42.93000000000001,
            "gross_profit": 4333,
            "gross_margin": 41.55,
            "gross_margin_4q_avg": 34.41,
            "net_income": -30338,
            "revenue": 10428,
            "common_shares": 338395,
            "book_valuer_per_share": 7.6,
            "book_valuer_per_share_4q_avg": 7.59,
            "equity": 340073,
            "current_ratio": 57.17,
            "debt_ratio": 67.38,
            "inventory_turnover_ratio": 0.05,
            "account_receivable_turnover_ratio": 23.3,
            "reinvestment_rate": null,
            "research_to_sale_ratio": null,
            "price_fair": 0,
            "eps_avg_yearly": 0,
            "eps_latest_yearly": 0,
            "eps_growth_yearly": 0
        },
        "20132": {
            "year_quarter": 20132,
            "year": 2013,
            "quarter": 2,
            "eps": -0.64,
            "eps_growth_year": null,
            "eps_4q": -3.1,
            "eps_4q_growth_year": null,
            "roe": -8.82,
            "roe_4q": -44.52,
            "gross_profit": 2995,
            "gross_margin": 34.4,
            "gross_margin_4q_avg": 37.76,
            "net_income": -28728,
            "revenue": 8706,
            "common_shares": 338395,
            "book_valuer_per_share": 6.34,
            "book_valuer_per_share_4q_avg": 7.17,
            "equity": 311345,
            "current_ratio": 37.71,
            "debt_ratio": 70.17,
            "inventory_turnover_ratio": 0.03,
            "account_receivable_turnover_ratio": 21.85,
            "reinvestment_rate": null,
            "research_to_sale_ratio": null,
            "price_fair": 0,
            "eps_avg_yearly": 0,
            "eps_latest_yearly": 0,
            "eps_growth_yearly": 0
        },
        "20133": {
            "year_quarter": 20133,
            "year": 2013,
            "quarter": 3,
            "eps": -1.14,
            "eps_growth_year": null,
            "eps_4q": -3.52,
            "eps_4q_growth_year": null,
            "roe": -14.03,
            "roe_4q": -53.1,
            "gross_profit": 3979,
            "gross_margin": 34.96,
            "gross_margin_4q_avg": 41.81,
            "net_income": -44984,
            "revenue": 11382,
            "common_shares": 373614,
            "book_valuer_per_share": 6.41,
            "book_valuer_per_share_4q_avg": 6.88,
            "equity": 329861,
            "current_ratio": 42.73,
            "debt_ratio": 69.18,
            "inventory_turnover_ratio": 0.04,
            "account_receivable_turnover_ratio": 6.54,
            "reinvestment_rate": null,
            "research_to_sale_ratio": null,
            "price_fair": 0,
            "eps_avg_yearly": 0,
            "eps_latest_yearly": 0,
            "eps_growth_yearly": 0
        },
        "20134": {
            "year_quarter": 20134,
            "year": 2013,
            "quarter": 4,
            "eps": -3.39,
            "eps_growth_year": null,
            "eps_4q": -5.69,
            "eps_4q_growth_year": null,
            "roe": -83.4,
            "roe_4q": -116.61,
            "gross_profit": 3913,
            "gross_margin": 30.56,
            "gross_margin_4q_avg": 35.37,
            "net_income": -193889,
            "revenue": 12805,
            "common_shares": 373614,
            "book_valuer_per_share": 3.59,
            "book_valuer_per_share_4q_avg": 5.99,
            "equity": 135113,
            "current_ratio": 41.24,
            "debt_ratio": 86.48,
            "inventory_turnover_ratio": 0.04,
            "account_receivable_turnover_ratio": 4.4,
            "reinvestment_rate": null,
            "research_to_sale_ratio": null,
            "price_fair": 0,
            "eps_avg_yearly": 0,
            "eps_latest_yearly": 0,
            "eps_growth_yearly": 0
        },
        "20141": {
            "year_quarter": 20141,
            "year": 2014,
            "quarter": 1,
            "eps": 8.92,
            "eps_growth_year": null,
            "eps_4q": 3.93,
            "eps_4q_growth_year": null,
            "roe": 30.25,
            "roe_4q": -76,
            "gross_profit": 3268,
            "gross_margin": 28.58,
            "gross_margin_4q_avg": 32.13,
            "net_income": 332882,
            "revenue": 11434,
            "common_shares": 373614,
            "book_valuer_per_share": 55.27,
            "book_valuer_per_share_4q_avg": 17.9,
            "equity": 2065518,
            "current_ratio": 90.51,
            "debt_ratio": 21.28,
            "inventory_turnover_ratio": 0.03,
            "account_receivable_turnover_ratio": 5.28,
            "reinvestment_rate": null,
            "research_to_sale_ratio": null,
            "price_fair": 0,
            "eps_avg_yearly": 0,
            "eps_latest_yearly": 0,
            "eps_growth_yearly": 0
        },
        "20142": {
            "year_quarter": 20142,
            "year": 2014,
            "quarter": 2,
            "eps": -2.32,
            "eps_growth_year": null,
            "eps_4q": 2.18,
            "eps_4q_growth_year": null,
            "roe": -4.3,
            "roe_4q": -71.48,
            "gross_profit": 1740,
            "gross_margin": 19.06,
            "gross_margin_4q_avg": 28.29,
            "net_income": -87037,
            "revenue": 9128,
            "common_shares": 373614,
            "book_valuer_per_share": 52.95,
            "book_valuer_per_share_4q_avg": 29.56,
            "equity": 1978481,
            "current_ratio": 81.25,
            "debt_ratio": 24.09,
            "inventory_turnover_ratio": 0.02,
            "account_receivable_turnover_ratio": 6.57,
            "reinvestment_rate": null,
            "research_to_sale_ratio": null,
            "price_fair": 0,
            "eps_avg_yearly": 0,
            "eps_latest_yearly": 0,
            "eps_growth_yearly": 0
        },
        "20143": {
            "year_quarter": 20143,
            "year": 2014,
            "quarter": 3,
            "eps": -0.43,
            "eps_growth_year": null,
            "eps_4q": 2.79,
            "eps_4q_growth_year": null,
            "roe": -0.83,
            "roe_4q": -58.28,
            "gross_profit": 1456,
            "gross_margin": 17.01,
            "gross_margin_4q_avg": 23.8,
            "net_income": -16419,
            "revenue": 8558,
            "common_shares": 373614,
            "book_valuer_per_share": 52.52,
            "book_valuer_per_share_4q_avg": 41.08,
            "equity": 1962062,
            "current_ratio": 74.58,
            "debt_ratio": 25.78,
            "inventory_turnover_ratio": 0.02,
            "account_receivable_turnover_ratio": 7.35,
            "reinvestment_rate": null,
            "research_to_sale_ratio": null,
            "price_fair": 0,
            "eps_avg_yearly": 0,
            "eps_latest_yearly": 0,
            "eps_growth_yearly": 0
        },
        "20144": {
            "year_quarter": 20144,
            "year": 2014,
            "quarter": 4,
            "eps": 6.82,
            "eps_growth_year": null,
            "eps_4q": 13,
            "eps_4q_growth_year": null,
            "roe": 12.2,
            "roe_4q": 37.32,
            "gross_profit": 19194,
            "gross_margin": 23.8,
            "gross_margin_4q_avg": 22.11,
            "net_income": 254295,
            "revenue": 80630,
            "common_shares": 373614,
            "book_valuer_per_share": 59.06,
            "book_valuer_per_share_4q_avg": 54.95,
            "equity": 2205618,
            "current_ratio": 57.06,
            "debt_ratio": 68.46,
            "inventory_turnover_ratio": 0.16,
            "account_receivable_turnover_ratio": 0.55,
            "reinvestment_rate": 2239.62,
            "research_to_sale_ratio": null,
            "price_fair": 0,
            "eps_avg_yearly": 0,
            "eps_latest_yearly": 0,
            "eps_growth_yearly": 0
        },
        "20151": {
            "year_quarter": 20151,
            "year": 2015,
            "quarter": 1,
            "eps": 0.17,
            "eps_growth_year": -98.09,
            "eps_4q": 2.62,
            "eps_4q_growth_year": -33.22,
            "roe": 0.36,
            "roe_4q": 7.429999999999999,
            "gross_profit": 75746,
            "gross_margin": 27.4,
            "gross_margin_4q_avg": 21.82,
            "net_income": 8556,
            "revenue": 276404,
            "common_shares": 615694,
            "book_valuer_per_share": 42.48,
            "book_valuer_per_share_4q_avg": 51.75,
            "equity": 2614143,
            "current_ratio": 51.96,
            "debt_ratio": 62.75,
            "inventory_turnover_ratio": 0.51,
            "account_receivable_turnover_ratio": 0.65,
            "reinvestment_rate": 1943.6,
            "research_to_sale_ratio": null,
            "price_fair": 2.04,
            "eps_avg_yearly": 0.68,
            "eps_latest_yearly": 0.68,
            "eps_growth_yearly": -390.03
        },
        "20152": {
            "year_quarter": 20152,
            "year": 2015,
            "quarter": 2,
            "eps": 0.01,
            "eps_growth_year": null,
            "eps_4q": 3.98,
            "eps_4q_growth_year": 82.08,
            "roe": 0.01,
            "roe_4q": 11.739999999999998,
            "gross_profit": 56734,
            "gross_margin": 22.39,
            "gross_margin_4q_avg": 22.65,
            "net_income": 253,
            "revenue": 253434,
            "common_shares": 615694,
            "book_valuer_per_share": 42.34,
            "book_valuer_per_share_4q_avg": 49.1,
            "equity": 2605167,
            "current_ratio": 43.05,
            "debt_ratio": 63.34,
            "inventory_turnover_ratio": 0.46,
            "account_receivable_turnover_ratio": 0.52,
            "reinvestment_rate": 1913.85,
            "research_to_sale_ratio": null,
            "price_fair": 1.08,
            "eps_avg_yearly": 0.36,
            "eps_latest_yearly": 0.04,
            "eps_growth_yearly": -383.25
        },
        "20153": {
            "year_quarter": 20153,
            "year": 2015,
            "quarter": 3,
            "eps": 0.05,
            "eps_growth_year": null,
            "eps_4q": 4.28,
            "eps_4q_growth_year": 53.5,
            "roe": 0.1,
            "roe_4q": 12.67,
            "gross_profit": 57634,
            "gross_margin": 22.1,
            "gross_margin_4q_avg": 23.92,
            "net_income": 2717,
            "revenue": 260776,
            "common_shares": 624929,
            "book_valuer_per_share": 41.76,
            "book_valuer_per_share_4q_avg": 46.41,
            "equity": 2607779,
            "current_ratio": 51.63,
            "debt_ratio": 64.3,
            "inventory_turnover_ratio": 0.46,
            "account_receivable_turnover_ratio": 0.56,
            "reinvestment_rate": 1669.23,
            "research_to_sale_ratio": null,
            "price_fair": 10.73,
            "eps_avg_yearly": 0.31,
            "eps_latest_yearly": 0.2,
            "eps_growth_yearly": 277.83
        },
        "20154": {
            "year_quarter": 20154,
            "year": 2015,
            "quarter": 4,
            "eps": 0.27,
            "eps_growth_year": -96.01,
            "eps_4q": 0.44,
            "eps_4q_growth_year": -96.58,
            "roe": 0.68,
            "roe_4q": 1.15,
            "gross_profit": 105329,
            "gross_margin": 30.94,
            "gross_margin_4q_avg": 25.71,
            "net_income": 18964,
            "revenue": 340475,
            "common_shares": 735789,
            "book_valuer_per_share": 39.82,
            "book_valuer_per_share_4q_avg": 41.6,
            "equity": 2955709,
            "current_ratio": 47.96,
            "debt_ratio": 61.99,
            "inventory_turnover_ratio": 0.52,
            "account_receivable_turnover_ratio": 0.68,
            "reinvestment_rate": 1451.22,
            "research_to_sale_ratio": null,
            "price_fair": 17.5,
            "eps_avg_yearly": 0.5,
            "eps_latest_yearly": 1.08,
            "eps_growth_yearly": 648.38
        },
        "20161": {
            "year_quarter": 20161,
            "year": 2016,
            "quarter": 1,
            "eps": -0.16,
            "eps_growth_year": -194.12,
            "eps_4q": 0.16,
            "eps_4q_growth_year": -93.73,
            "roe": -0.39,
            "roe_4q": 0.4,
            "gross_profit": 58185,
            "gross_margin": 23.04,
            "gross_margin_4q_avg": 24.62,
            "net_income": -11499,
            "revenue": 252585,
            "common_shares": 735789,
            "book_valuer_per_share": 39.66,
            "book_valuer_per_share_4q_avg": 40.9,
            "equity": 2915244,
            "current_ratio": 48.16,
            "debt_ratio": 62.65,
            "inventory_turnover_ratio": 0.39,
            "account_receivable_turnover_ratio": 0.47,
            "reinvestment_rate": 1367.27,
            "research_to_sale_ratio": null,
            "price_fair": 17.5,
            "eps_avg_yearly": 0.5,
            "eps_latest_yearly": 1.08,
            "eps_growth_yearly": 648.38
        },
        "20162": {
            "year_quarter": 20162,
            "year": 2016,
            "quarter": 2,
            "eps": 0.25,
            "eps_growth_year": 2400,
            "eps_4q": 0.39,
            "eps_4q_growth_year": -90.21,
            "roe": 0.59,
            "roe_4q": 0.98,
            "gross_profit": 50082,
            "gross_margin": 21.05,
            "gross_margin_4q_avg": 24.28,
            "net_income": 17192,
            "revenue": 237969,
            "common_shares": 735789,
            "book_valuer_per_share": 39.81,
            "book_valuer_per_share_4q_avg": 40.26,
            "equity": 2925120,
            "current_ratio": 43.75,
            "debt_ratio": 60.57,
            "inventory_turnover_ratio": 0.34,
            "account_receivable_turnover_ratio": 0.51,
            "reinvestment_rate": 1142.44,
            "research_to_sale_ratio": null,
            "price_fair": 17.5,
            "eps_avg_yearly": 0.5,
            "eps_latest_yearly": 1.08,
            "eps_growth_yearly": 648.38
        },
        "20163": {
            "year_quarter": 20163,
            "year": 2016,
            "quarter": 3,
            "eps": 0.1,
            "eps_growth_year": 100,
            "eps_4q": 0.45,
            "eps_4q_growth_year": -89.45,
            "roe": 0.26,
            "roe_4q": 1.1400000000000001,
            "gross_profit": 27653,
            "gross_margin": 19.41,
            "gross_margin_4q_avg": 23.61,
            "net_income": 7692,
            "revenue": 142497,
            "common_shares": 761542,
            "book_valuer_per_share": 38.71,
            "book_valuer_per_share_4q_avg": 39.5,
            "equity": 2943629,
            "current_ratio": 140.23,
            "debt_ratio": 18.98,
            "inventory_turnover_ratio": 0.2,
            "account_receivable_turnover_ratio": 0.8,
            "reinvestment_rate": 195.82,
            "research_to_sale_ratio": null,
            "price_fair": 16.8,
            "eps_avg_yearly": 0.48,
            "eps_latest_yearly": 0.4,
            "eps_growth_yearly": 470.7
        }
    },
    "months": {
        "2001-06": {
            "month": "2001-06",
            "price": "30.06",
            "revenue": 22518
        },
        "2001-07": {
            "month": "2001-07",
            "price": "20.34",
            "revenue": 29088
        },
        "2001-08": {
            "month": "2001-08",
            "price": "15.10",
            "revenue": 21179
        },
        "2001-09": {
            "month": "2001-09",
            "price": "10.10",
            "revenue": 14205
        },
        "2001-10": {
            "month": "2001-10",
            "price": "8.23",
            "revenue": 28346
        },
        "2001-11": {
            "month": "2001-11",
            "price": "10.77",
            "revenue": 10930
        },
        "2001-12": {
            "month": "2001-12",
            "price": "12.60",
            "revenue": 22508
        },
        "2002-01": {
            "month": "2002-01",
            "price": "14.45",
            "revenue": 10741
        },
        "2002-02": {
            "month": "2002-02",
            "price": "14.81",
            "revenue": 8049
        },
        "2002-03": {
            "month": "2002-03",
            "price": "14.62",
            "revenue": 8559
        },
        "2002-04": {
            "month": "2002-04",
            "price": "15.15",
            "revenue": 13297
        },
        "2002-05": {
            "month": "2002-05",
            "price": "11.23",
            "revenue": 23058
        },
        "2002-06": {
            "month": "2002-06",
            "price": "9.90",
            "revenue": 18689
        },
        "2002-07": {
            "month": "2002-07",
            "price": "10.30",
            "revenue": 10714
        },
        "2002-08": {
            "month": "2002-08",
            "price": "10.17",
            "revenue": 16978
        },
        "2002-09": {
            "month": "2002-09",
            "price": "9.48",
            "revenue": 22190
        },
        "2002-10": {
            "month": "2002-10",
            "price": "9.66",
            "revenue": 13272
        },
        "2002-11": {
            "month": "2002-11",
            "price": "9.38",
            "revenue": 13900
        },
        "2002-12": {
            "month": "2002-12",
            "price": "7.99",
            "revenue": 11986
        },
        "2003-01": {
            "month": "2003-01",
            "price": "9.13",
            "revenue": 5817
        },
        "2003-02": {
            "month": "2003-02",
            "price": "9.04",
            "revenue": 3919
        },
        "2003-03": {
            "month": "2003-03",
            "price": "7.83",
            "revenue": 5570
        },
        "2003-04": {
            "month": "2003-04",
            "price": "6.17",
            "revenue": 8283
        },
        "2003-05": {
            "month": "2003-05",
            "price": "5.22",
            "revenue": 7170
        },
        "2003-06": {
            "month": "2003-06",
            "price": "7.14",
            "revenue": 3270
        },
        "2003-07": {
            "month": "2003-07",
            "price": "6.90",
            "revenue": 28035
        },
        "2003-08": {
            "month": "2003-08",
            "price": "6.65",
            "revenue": 5491
        },
        "2003-09": {
            "month": "2003-09",
            "price": "5.51",
            "revenue": 7441
        },
        "2003-10": {
            "month": "2003-10",
            "price": "7.66",
            "revenue": 4893
        },
        "2003-11": {
            "month": "2003-11",
            "price": "7.34",
            "revenue": 7080
        },
        "2003-12": {
            "month": "2003-12",
            "price": "7.27",
            "revenue": 3287
        },
        "2004-01": {
            "month": "2004-01",
            "price": "7.66",
            "revenue": 1412
        },
        "2004-02": {
            "month": "2004-02",
            "price": "8.07",
            "revenue": 3502
        },
        "2004-03": {
            "month": "2004-03",
            "price": "7.53",
            "revenue": 3592
        },
        "2004-04": {
            "month": "2004-04",
            "price": "8.26",
            "revenue": 22948
        },
        "2004-05": {
            "month": "2004-05",
            "price": "7.72",
            "revenue": 12276
        },
        "2004-06": {
            "month": "2004-06",
            "price": "6.90",
            "revenue": 11751
        },
        "2004-07": {
            "month": "2004-07",
            "price": "5.99",
            "revenue": 3961
        },
        "2004-08": {
            "month": "2004-08",
            "price": "5.73",
            "revenue": 3342
        },
        "2004-09": {
            "month": "2004-09",
            "price": "8.13",
            "revenue": 3023
        },
        "2004-10": {
            "month": "2004-10",
            "price": "7.28",
            "revenue": 15021
        },
        "2004-11": {
            "month": "2004-11",
            "price": "6.68",
            "revenue": 14159
        },
        "2004-12": {
            "month": "2004-12",
            "price": "5.88",
            "revenue": 4721
        },
        "2005-01": {
            "month": "2005-01",
            "price": "6.23",
            "revenue": 8576
        },
        "2005-02": {
            "month": "2005-02",
            "price": "6.01",
            "revenue": 6029
        },
        "2005-03": {
            "month": "2005-03",
            "price": "6.34",
            "revenue": 16320
        },
        "2005-04": {
            "month": "2005-04",
            "price": "6.81",
            "revenue": 14048
        },
        "2005-05": {
            "month": "2005-05",
            "price": "6.52",
            "revenue": 6106
        },
        "2005-06": {
            "month": "2005-06",
            "price": "7.01",
            "revenue": 10529
        },
        "2005-07": {
            "month": "2005-07",
            "price": "7.01",
            "revenue": 5379
        },
        "2005-08": {
            "month": "2005-08",
            "price": "6.83",
            "revenue": 4044
        },
        "2005-09": {
            "month": "2005-09",
            "price": "6.71",
            "revenue": 4865
        },
        "2005-10": {
            "month": "2005-10",
            "price": "6.26",
            "revenue": 38413
        },
        "2005-11": {
            "month": "2005-11",
            "price": "6.71",
            "revenue": 7273
        },
        "2005-12": {
            "month": "2005-12",
            "price": "6.88",
            "revenue": 21690
        },
        "2006-01": {
            "month": "2006-01",
            "price": "8.09",
            "revenue": 1115
        },
        "2006-02": {
            "month": "2006-02",
            "price": "8.93",
            "revenue": 814
        },
        "2006-03": {
            "month": "2006-03",
            "price": "8.92",
            "revenue": 1233
        },
        "2006-04": {
            "month": "2006-04",
            "price": "9.16",
            "revenue": 1727
        },
        "2006-05": {
            "month": "2006-05",
            "price": "9.12",
            "revenue": 1645
        },
        "2006-06": {
            "month": "2006-06",
            "price": "8.52",
            "revenue": 8537
        },
        "2006-07": {
            "month": "2006-07",
            "price": "8.96",
            "revenue": 364
        },
        "2006-08": {
            "month": "2006-08",
            "price": "8.94",
            "revenue": 643
        },
        "2006-09": {
            "month": "2006-09",
            "price": "9.08",
            "revenue": 2920
        },
        "2006-10": {
            "month": "2006-10",
            "price": "8.54",
            "revenue": 3790
        },
        "2006-11": {
            "month": "2006-11",
            "price": "8.34",
            "revenue": 5978
        },
        "2006-12": {
            "month": "2006-12",
            "price": "9.47",
            "revenue": 1399
        },
        "2007-01": {
            "month": "2007-01",
            "price": "41.22",
            "revenue": 7197
        },
        "2007-02": {
            "month": "2007-02",
            "price": "40.00",
            "revenue": 3831
        },
        "2007-03": {
            "month": "2007-03",
            "price": "40.40",
            "revenue": 7445
        },
        "2007-04": {
            "month": "2007-04",
            "price": "37.02",
            "revenue": 3411
        },
        "2007-05": {
            "month": "2007-05",
            "price": "36.47",
            "revenue": 1056
        },
        "2007-06": {
            "month": "2007-06",
            "price": "37.43",
            "revenue": 566
        },
        "2007-07": {
            "month": "2007-07",
            "price": "39.25",
            "revenue": 7
        },
        "2007-08": {
            "month": "2007-08",
            "price": "34.06",
            "revenue": 2640
        },
        "2007-09": {
            "month": "2007-09",
            "price": "25.49",
            "revenue": 6297
        },
        "2007-10": {
            "month": "2007-10",
            "price": "24.65",
            "revenue": 7732
        },
        "2007-11": {
            "month": "2007-11",
            "price": "13.95",
            "revenue": 7230
        },
        "2007-12": {
            "month": "2007-12",
            "price": "8.32",
            "revenue": 7247
        },
        "2008-01": {
            "month": "2008-01",
            "price": "6.86",
            "revenue": 3658
        },
        "2008-02": {
            "month": "2008-02",
            "price": "6.09",
            "revenue": 3011
        },
        "2008-03": {
            "month": "2008-03",
            "price": "4.95",
            "revenue": 6634
        },
        "2008-04": {
            "month": "2008-04",
            "price": "3.32",
            "revenue": 3550
        },
        "2008-05": {
            "month": "2008-05",
            "price": "4.41",
            "revenue": 2394
        },
        "2008-08": {
            "month": "2008-08",
            "price": "3.38",
            "revenue": 280
        },
        "2008-11": {
            "month": "2008-11",
            "price": "2.06",
            "revenue": 1
        },
        "2008-12": {
            "month": "2008-12",
            "price": "1.62",
            "revenue": 7766
        },
        "2009-01": {
            "month": "2009-01",
            "price": "1.02",
            "revenue": 1505
        },
        "2009-02": {
            "month": "2009-02",
            "price": "1.52",
            "revenue": 1720
        },
        "2009-03": {
            "month": "2009-03",
            "price": "3.15",
            "revenue": 4625
        },
        "2009-04": {
            "month": "2009-04",
            "price": "4.94",
            "revenue": 2760
        },
        "2009-05": {
            "month": "2009-05",
            "price": "4.03",
            "revenue": 2114
        },
        "2009-06": {
            "month": "2009-06",
            "price": "4.34",
            "revenue": 55280
        },
        "2009-07": {
            "month": "2009-07",
            "price": "4.45",
            "revenue": 0
        },
        "2009-08": {
            "month": "2009-08",
            "price": "4.20",
            "revenue": 40
        },
        "2009-10": {
            "month": "2009-10",
            "price": "3.34",
            "revenue": 40
        },
        "2009-11": {
            "month": "2009-11",
            "price": "3.24",
            "revenue": 40
        },
        "2009-12": {
            "month": "2009-12",
            "price": "3.54",
            "revenue": 264557
        },
        "2010-01": {
            "month": "2010-01",
            "price": "6.50",
            "revenue": 0
        },
        "2010-02": {
            "month": "2010-02",
            "price": "6.26",
            "revenue": 0
        },
        "2010-03": {
            "month": "2010-03",
            "price": "5.86",
            "revenue": 0
        },
        "2010-04": {
            "month": "2010-04",
            "price": "25.11",
            "revenue": 0
        },
        "2010-05": {
            "month": "2010-05",
            "price": "27.52",
            "revenue": 0
        },
        "2010-06": {
            "month": "2010-06",
            "price": "24.16",
            "revenue": 0
        },
        "2010-07": {
            "month": "2010-07",
            "price": "24.92",
            "revenue": 0
        },
        "2010-08": {
            "month": "2010-08",
            "price": "23.56",
            "revenue": 0
        },
        "2010-09": {
            "month": "2010-09",
            "price": "24.79",
            "revenue": 0
        },
        "2010-10": {
            "month": "2010-10",
            "price": "26.12",
            "revenue": 0
        },
        "2010-11": {
            "month": "2010-11",
            "price": "25.94",
            "revenue": 261320
        },
        "2010-12": {
            "month": "2010-12",
            "price": "24.37",
            "revenue": 0
        },
        "2011-01": {
            "month": "2011-01",
            "price": "22.61",
            "revenue": 0
        },
        "2011-02": {
            "month": "2011-02",
            "price": "22.40",
            "revenue": 0
        },
        "2011-03": {
            "month": "2011-03",
            "price": "22.20",
            "revenue": 0
        },
        "2011-04": {
            "month": "2011-04",
            "price": "21.14",
            "revenue": 0
        },
        "2011-05": {
            "month": "2011-05",
            "price": "20.68",
            "revenue": 0
        },
        "2011-06": {
            "month": "2011-06",
            "price": "19.60",
            "revenue": 0
        },
        "2011-07": {
            "month": "2011-07",
            "price": "19.62",
            "revenue": 0
        },
        "2011-08": {
            "month": "2011-08",
            "price": "22.13",
            "revenue": 0
        },
        "2011-09": {
            "month": "2011-09",
            "price": "19.26",
            "revenue": 0
        },
        "2011-10": {
            "month": "2011-10",
            "price": "19.27",
            "revenue": 0
        },
        "2011-11": {
            "month": "2011-11",
            "price": "17.72",
            "revenue": 0
        },
        "2011-12": {
            "month": "2011-12",
            "price": "15.99",
            "revenue": 0
        },
        "2012-01": {
            "month": "2012-01",
            "price": "13.94",
            "revenue": 0
        },
        "2012-02": {
            "month": "2012-02",
            "price": "13.96",
            "revenue": 0
        },
        "2012-03": {
            "month": "2012-03",
            "price": "14.85",
            "revenue": 0
        },
        "2012-04": {
            "month": "2012-04",
            "price": "18.88",
            "revenue": 0
        },
        "2012-08": {
            "month": "2012-08",
            "price": "11.95",
            "revenue": 4665
        },
        "2012-09": {
            "month": "2012-09",
            "price": "13.20",
            "revenue": 4599
        },
        "2012-10": {
            "month": "2012-10",
            "price": "13.14",
            "revenue": 4752
        },
        "2012-11": {
            "month": "2012-11",
            "price": "12.98",
            "revenue": 4825
        },
        "2012-12": {
            "month": "2012-12",
            "price": "14.45",
            "revenue": 4769
        },
        "2013-02": {
            "month": "2013-02",
            "price": "11.94",
            "revenue": 3903
        },
        "2013-03": {
            "month": "2013-03",
            "price": "9.44",
            "revenue": 3337
        },
        "2013-04": {
            "month": "2013-04",
            "price": "10.44",
            "revenue": 3006
        },
        "2013-05": {
            "month": "2013-05",
            "price": "11.70",
            "revenue": 2965
        },
        "2013-06": {
            "month": "2013-06",
            "price": "11.07",
            "revenue": 2586
        },
        "2013-08": {
            "month": "2013-08",
            "price": "11.94",
            "revenue": 4360
        },
        "2013-09": {
            "month": "2013-09",
            "price": "13.00",
            "revenue": 4251
        },
        "2013-10": {
            "month": "2013-10",
            "price": "12.12",
            "revenue": 3882
        },
        "2013-11": {
            "month": "2013-11",
            "price": "12.51",
            "revenue": 4428
        },
        "2013-12": {
            "month": "2013-12",
            "price": "9.16",
            "revenue": 4308
        },
        "2014-01": {
            "month": "2014-01",
            "price": "14.10",
            "revenue": 4133
        },
        "2014-02": {
            "month": "2014-02",
            "price": "15.25",
            "revenue": 4484
        },
        "2014-03": {
            "month": "2014-03",
            "price": "13.58",
            "revenue": 3405
        },
        "2014-04": {
            "month": "2014-04",
            "price": "16.74",
            "revenue": 3212
        },
        "2014-05": {
            "month": "2014-05",
            "price": "18.69",
            "revenue": 2991
        },
        "2014-06": {
            "month": "2014-06",
            "price": "19.93",
            "revenue": 2926
        },
        "2014-07": {
            "month": "2014-07",
            "price": "17.36",
            "revenue": 2842
        },
        "2014-08": {
            "month": "2014-08",
            "price": "15.49",
            "revenue": 3139
        },
        "2014-09": {
            "month": "2014-09",
            "price": "19.33",
            "revenue": 2576
        },
        "2014-10": {
            "month": "2014-10",
            "price": "19.00",
            "revenue": 3133
        },
        "2014-11": {
            "month": "2014-11",
            "price": "21.54",
            "revenue": 2960
        },
        "2014-12": {
            "month": "2014-12",
            "price": "20.63",
            "revenue": 74537
        },
        "2015-01": {
            "month": "2015-01",
            "price": "20.00",
            "revenue": 67896
        },
        "2015-02": {
            "month": "2015-02",
            "price": "25.16",
            "revenue": 79895
        },
        "2015-03": {
            "month": "2015-03",
            "price": "36.81",
            "revenue": 128299
        },
        "2015-04": {
            "month": "2015-04",
            "price": "37.94",
            "revenue": 84163
        },
        "2015-05": {
            "month": "2015-05",
            "price": "34.81",
            "revenue": 91333
        },
        "2015-06": {
            "month": "2015-06",
            "price": "33.92",
            "revenue": 82107
        },
        "2015-07": {
            "month": "2015-07",
            "price": "30.73",
            "revenue": 75572
        },
        "2015-08": {
            "month": "2015-08",
            "price": "31.70",
            "revenue": 96311
        },
        "2015-09": {
            "month": "2015-09",
            "price": "28.40",
            "revenue": 75979
        },
        "2015-10": {
            "month": "2015-10",
            "price": "33.15",
            "revenue": 91444
        },
        "2015-11": {
            "month": "2015-11",
            "price": "32.64",
            "revenue": 84299
        },
        "2015-12": {
            "month": "2015-12",
            "price": "31.55",
            "revenue": 159501
        },
        "2016-01": {
            "month": "2016-01",
            "price": "33.04",
            "revenue": 85579
        },
        "2016-02": {
            "month": "2016-02",
            "price": "34.10",
            "revenue": 82850
        },
        "2016-03": {
            "month": "2016-03",
            "price": "32.26",
            "revenue": 84155
        },
        "2016-04": {
            "month": "2016-04",
            "price": "29.64",
            "revenue": 79027
        },
        "2016-05": {
            "month": "2016-05",
            "price": "32.17",
            "revenue": 81994
        },
        "2016-06": {
            "month": "2016-06",
            "price": "29.20",
            "revenue": 76949
        },
        "2016-07": {
            "month": "2016-07",
            "price": "25.20",
            "revenue": 78129
        }
    }
}
