{
    "summary": {
        "stock_name": "慕康生醫",
        "stock_id": "5398",
        "category": "其他",
        "main_business": "醫療生技等業務<br>代理前項產品國內外有關廠商投標報價及經銷等業務",
        "website_url": "http://www.inalways.com.tw",
        "ceo": "沈國榮",
        "pe_ratio": -45,
        "report_year_from": 2001,
        "report_year_to": 2023,
        "age": 22,
        "eps_negative_percentage": 48,
        "eps_growth_avg": {
            "last_all": -39.1,
            "last_2y": -45.42,
            "last_4y": -59.07,
            "last_8y": -39.38,
            "last_12y": -26.91,
            "last_16y": -33.56,
            "last_20y": -39.1,
            "at_2006_last_3y": null,
            "at_2007_last_3y": null,
            "at_2008_last_3y": -100,
            "at_2009_last_3y": -100,
            "at_2010_last_3y": -84.21,
            "at_2011_last_3y": -82.07,
            "at_2012_last_3y": -15.4,
            "at_2013_last_3y": -8.22,
            "at_2014_last_3y": -16.11,
            "at_2015_last_3y": 4.44,
            "at_2016_last_3y": -43.33,
            "at_2017_last_3y": 0,
            "at_2018_last_3y": 0,
            "at_2019_last_3y": 0,
            "at_2020_last_3y": -11.11,
            "at_2021_last_3y": -45.42,
            "at_2022_last_3y": -45.42,
            "at_2023_last_3y": -45.42,
            "at_2006_last_all": -100,
            "at_2007_last_all": -100,
            "at_2008_last_all": -100,
            "at_2009_last_all": -100,
            "at_2010_last_all": -89.47,
            "at_2011_last_all": -86.55,
            "at_2012_last_all": -49.24,
            "at_2013_last_all": -38.81,
            "at_2014_last_all": -47.55,
            "at_2015_last_all": -47.55,
            "at_2016_last_all": -47.55,
            "at_2017_last_all": -29.11,
            "at_2018_last_all": -36.99,
            "at_2019_last_all": -36.99,
            "at_2020_last_all": -36.62,
            "at_2021_last_all": -33.56,
            "at_2022_last_all": -39.1,
            "at_2023_last_all": -39.1
        },
        "latest_eps": -0.33,
        "latest_price": 14.75,
        "latest_roe": -3.02,
        "latest_gross_margin": 12.3,
        "latest_equity": 528640,
        "latest_revenue": 50467,
        "latest_gross_profit": 6207,
        "latest_net_income": -14186,
        "latest_debt_ratio": 10.78,
        "latest_current_ratio": 442.18,
        "latest_account_receivable_turnover_ratio": 0.85,
        "latest_inventory_turnover_ratio": 0.46,
        "latest_reinvestment_rate": 15.6,
        "latest_research_to_sale_ratio": 2.13
    },
    "eps_dividends": {
        "1999": {
            "cash": 0.4,
            "stock": 1.1,
            "eps": 0
        },
        "2000": {
            "cash": 0.25,
            "stock": 1.2,
            "eps": 0
        },
        "2001": {
            "cash": 0.16,
            "stock": 1,
            "eps": 0.86
        },
        "2002": {
            "cash": 0,
            "stock": 1,
            "eps": -0.39
        },
        "2003": {
            "cash": 0,
            "stock": 0,
            "eps": -0.92
        },
        "2004": {
            "cash": 0,
            "stock": 0,
            "eps": -1.59
        },
        "2005": {
            "cash": 0,
            "stock": 0,
            "eps": -0.91
        },
        "2006": {
            "cash": 0,
            "stock": 0,
            "eps": -0.18
        },
        "2007": {
            "cash": 0,
            "stock": 0,
            "eps": 0.04
        },
        "2008": {
            "cash": 0,
            "stock": 0,
            "eps": -0.44
        },
        "2009": {
            "cash": 0,
            "stock": 0,
            "eps": 0.57
        },
        "2010": {
            "cash": 0.25,
            "stock": 0,
            "eps": 0.18
        },
        "2011": {
            "cash": 0.2,
            "stock": 0,
            "eps": 0.04
        },
        "2012": {
            "cash": 0,
            "stock": 0,
            "eps": 0.15
        },
        "2013": {
            "cash": 0,
            "stock": 0,
            "eps": 0.17
        },
        "2014": {
            "cash": 0.15,
            "stock": 0,
            "eps": -1.02
        },
        "2015": {
            "cash": 0,
            "stock": 0,
            "eps": -2.7
        },
        "2016": {
            "cash": 0,
            "stock": 0,
            "eps": 0.13
        },
        "2017": {
            "cash": 0,
            "stock": 0,
            "eps": 0.36
        },
        "2018": {
            "cash": 0.13,
            "stock": 0,
            "eps": -1.25
        },
        "2019": {
            "cash": 0,
            "stock": 0,
            "eps": 0.51
        },
        "2020": {
            "cash": 0.3,
            "stock": 0,
            "eps": 0.34
        },
        "2021": {
            "cash": 0.25,
            "stock": 0,
            "eps": 0.33
        },
        "2022": {
            "cash": 0.14,
            "stock": 0,
            "eps": -0.13
        },
        "2023": {
            "cash": 0,
            "stock": 0,
            "eps": -0.29
        }
    },
    "dividends": {
        "1999-05-29": {
            "cash": 0.4,
            "stock": 1.1
        },
        "2000-06-03": {
            "cash": 0.25,
            "stock": 1.2
        },
        "2001-04-27": {
            "cash": 0.16,
            "stock": 1
        },
        "2002-05-06": {
            "cash": 0,
            "stock": 1
        },
        "2010-03-25": {
            "cash": 0.25,
            "stock": 0
        },
        "2011-03-25": {
            "cash": 0.2,
            "stock": 0
        },
        "2014-09-16": {
            "cash": 0.15,
            "stock": 0
        },
        "2018-03-27": {
            "cash": 0.13,
            "stock": 0
        },
        "2020-08-20": {
            "cash": 0.3,
            "stock": 0
        },
        "2021-10-01": {
            "cash": 0.25,
            "stock": 0
        },
        "2022-08-12": {
            "cash": 0.14,
            "stock": 0
        }
    },
    "prices": {
        "200101": "19.10",
        "200102": "25.77",
        "200103": "27.25",
        "200104": "30.94",
        "200105": "21.14",
        "200106": "19.31",
        "200107": "16.28",
        "200108": "15.21",
        "200109": "11.41",
        "200110": "9.41",
        "200111": "11.62",
        "200112": "16.20",
        "200201": "17.91",
        "200202": "17.30",
        "200203": "17.08",
        "200204": "18.90",
        "200205": "14.42",
        "200206": "13.26",
        "200207": "10.40",
        "200208": "8.82",
        "200209": "8.46",
        "200210": "8.02",
        "200211": "8.02",
        "200212": "7.81",
        "200301": "7.92",
        "200302": "7.37",
        "200303": "7.38",
        "200304": "6.85",
        "200305": "5.95",
        "200306": "7.09",
        "200307": "8.07",
        "200308": "7.24",
        "200309": "6.26",
        "200310": "6.64",
        "200311": "7.63",
        "200312": "8.16",
        "200401": "9.21",
        "200402": "10.12",
        "200403": "11.73",
        "200404": "10.08",
        "200405": "8.23",
        "200406": "6.97",
        "200407": "6.08",
        "200408": "5.98",
        "200409": "4.82",
        "200410": "4.78",
        "200411": "4.61",
        "200412": "3.95",
        "200501": "3.82",
        "200502": "3.96",
        "200503": "4.40",
        "200504": "4.11",
        "200505": "3.64",
        "200506": "3.87",
        "200507": "3.95",
        "200508": "3.53",
        "200509": "3.02",
        "200510": "3.05",
        "200511": "3.17",
        "200512": "3.33",
        "200601": "3.90",
        "200602": "4.24",
        "200603": "3.99",
        "200604": "3.96",
        "200605": "4.25",
        "200606": "4.23",
        "200607": "4.26",
        "200608": "4.88",
        "200609": "4.89",
        "200610": "5.84",
        "200611": "6.08",
        "200612": "7.21",
        "200701": "8.05",
        "200702": "7.84",
        "200703": "8.52",
        "200704": "9.67",
        "200705": "9.53",
        "200706": "9.36",
        "200707": "11.25",
        "200708": "9.62",
        "200709": "8.69",
        "200710": "8.81",
        "200711": "7.82",
        "200712": "7.29",
        "200801": "6.68",
        "200802": "6.68",
        "200803": "6.53",
        "200804": "6.34",
        "200805": "6.69",
        "200806": "7.10",
        "200807": "5.05",
        "200808": "4.70",
        "200809": "3.98",
        "200810": "3.53",
        "200811": "3.26",
        "200812": "3.61",
        "200901": "3.91",
        "200902": "4.01",
        "200903": "3.75",
        "200904": "4.70",
        "200905": "4.62",
        "200906": "5.17",
        "200907": "5.62",
        "200908": "5.81",
        "200909": "6.46",
        "200910": "9.24",
        "200911": "10.44",
        "200912": "12.67",
        "201001": "13.32",
        "201002": "11.60",
        "201003": "12.52",
        "201004": "13.57",
        "201005": "12.85",
        "201006": "12.59",
        "201007": "12.35",
        "201008": "12.69",
        "201009": "12.27",
        "201010": "11.25",
        "201011": "11.19",
        "201012": "11.07",
        "201101": "10.86",
        "201102": "10.72",
        "201103": "10.20",
        "201104": "10.21",
        "201105": "11.46",
        "201106": "14.02",
        "201107": "16.65",
        "201108": "20.18",
        "201109": "22.20",
        "201110": "27.43",
        "201111": "26.10",
        "201112": "25.55",
        "201201": "24.54",
        "201202": "23.58",
        "201203": "23.76",
        "201204": "23.03",
        "201205": "22.02",
        "201206": "20.88",
        "201207": "21.08",
        "201208": "20.10",
        "201209": "19.84",
        "201210": "21.28",
        "201211": "21.66",
        "201212": "19.21",
        "201301": "13.03",
        "201302": "12.90",
        "201303": "13.39",
        "201304": "14.21",
        "201305": "15.98",
        "201306": "19.88",
        "201307": "18.27",
        "201308": "18.59",
        "201309": "22.33",
        "201310": "26.46",
        "201311": "26.65",
        "201312": "32.72",
        "201401": "41.58",
        "201402": "45.54",
        "201403": "45.37",
        "201404": "46.70",
        "201405": "45.32",
        "201406": "42.08",
        "201407": "41.78",
        "201408": "40.15",
        "201409": "38.88",
        "201410": "33.34",
        "201411": "38.62",
        "201412": "39.77",
        "201501": "38.05",
        "201502": "36.24",
        "201503": "35.64",
        "201504": "32.74",
        "201505": "26.93",
        "201506": "18.61",
        "201507": "14.32",
        "201508": "16.32",
        "201509": "16.07",
        "201510": "19.51",
        "201511": "17.28",
        "201512": "20.55",
        "201601": "18.77",
        "201602": "18.87",
        "201603": "24.68",
        "201604": "34.60",
        "201605": "32.19",
        "201606": "33.99",
        "201607": "32.06",
        "201608": "34.06",
        "201609": "39.21",
        "201610": "47.25",
        "201611": "43.41",
        "201612": "42.01",
        "201701": "42.10",
        "201702": "40.94",
        "201703": "36.39",
        "201704": "32.82",
        "201705": "33.44",
        "201706": "39.01",
        "201707": "37.99",
        "201708": "36.58",
        "201709": "32.83",
        "201710": "30.40",
        "201711": "29.23",
        "201712": "30.29",
        "201801": "30.28",
        "201802": "30.21",
        "201803": "29.55",
        "201804": "33.47",
        "201805": "32.00",
        "201806": "27.77",
        "201807": "26.01",
        "201808": "23.62",
        "201809": "22.21",
        "201810": "18.03",
        "201811": "18.78",
        "201812": "21.18",
        "201901": "21.05",
        "201902": "20.18",
        "201903": "20.90",
        "201904": "20.35",
        "201905": "19.99",
        "201906": "19.11",
        "201907": "19.99",
        "201908": "20.42",
        "201909": "20.36",
        "201910": "20.26",
        "201911": "23.04",
        "201912": "24.99",
        "202001": "27.26",
        "202002": "26.88",
        "202003": "26.35",
        "202004": "24.57",
        "202005": "24.93",
        "202006": "24.72",
        "202007": "25.41",
        "202008": "20.48",
        "202009": "21.34",
        "202010": "20.03",
        "202011": "20.31",
        "202012": "19.83",
        "202101": "19.80",
        "202102": "19.17",
        "202103": "18.80",
        "202104": "19.77",
        "202105": "18.90",
        "202106": "18.56",
        "202107": "19.83",
        "202108": "20.29",
        "202109": "20.22",
        "202110": "20.12",
        "202111": "19.55",
        "202112": "19.96",
        "202201": "19.98",
        "202202": "19.90",
        "202203": "19.50",
        "202204": "20.11",
        "202205": "20.21",
        "202206": "19.39",
        "202207": "17.54",
        "202208": "17.70",
        "202209": "17.99",
        "202210": "17.23",
        "202211": "17.18",
        "202212": "16.89",
        "202301": "16.26",
        "202302": "16.66",
        "202303": "16.58",
        "202304": "16.59",
        "202305": "16.05",
        "202306": "15.46"
    },
    "quarters": {
        "20011": {
            "year_quarter": 20011,
            "year": 2001,
            "quarter": 1,
            "eps": 0.39,
            "eps_growth_year": 8.33,
            "eps_4q": 1.61,
            "eps_4q_growth_year": -14.33,
            "roe": 2.84,
            "roe_4q": 2.84,
            "gross_profit": 26581,
            "gross_margin": 18.53,
            "gross_margin_4q_avg": 18.53,
            "net_income": 15285,
            "revenue": 143419,
            "common_shares": 387500,
            "book_valuer_per_share": 14.08,
            "book_valuer_per_share_4q_avg": 14.08,
            "equity": 545676,
            "current_ratio": 144.85,
            "debt_ratio": 27.3,
            "inventory_turnover_ratio": 2.06,
            "account_receivable_turnover_ratio": null,
            "reinvestment_rate": null,
            "research_to_sale_ratio": null,
            "price_fair": 0,
            "eps_avg_yearly": 0,
            "eps_latest_yearly": 0,
            "eps_growth_yearly": 0
        },
        "20012": {
            "year_quarter": 20012,
            "year": 2001,
            "quarter": 2,
            "eps": 0.25,
            "eps_growth_year": -48.98,
            "eps_4q": 1.32,
            "eps_4q_growth_year": -34.28,
            "roe": 1.98,
            "roe_4q": 4.82,
            "gross_profit": 24724,
            "gross_margin": 17.85,
            "gross_margin_4q_avg": 18.19,
            "net_income": 10812,
            "revenue": 138538,
            "common_shares": 431400,
            "book_valuer_per_share": 12.72,
            "book_valuer_per_share_4q_avg": 13.4,
            "equity": 548734,
            "current_ratio": 119.66,
            "debt_ratio": 30.2,
            "inventory_turnover_ratio": 2.34,
            "account_receivable_turnover_ratio": null,
            "reinvestment_rate": null,
            "research_to_sale_ratio": null,
            "price_fair": 0,
            "eps_avg_yearly": 0,
            "eps_latest_yearly": 0,
            "eps_growth_yearly": 0
        },
        "20013": {
            "year_quarter": 20013,
            "year": 2001,
            "quarter": 3,
            "eps": 0.08,
            "eps_growth_year": -84,
            "eps_4q": 0.92,
            "eps_4q_growth_year": -51.02,
            "roe": 0.6,
            "roe_4q": 5.42,
            "gross_profit": 15803,
            "gross_margin": 15.63,
            "gross_margin_4q_avg": 17.34,
            "net_income": 3580,
            "revenue": 101081,
            "common_shares": 487400,
            "book_valuer_per_share": 13.36,
            "book_valuer_per_share_4q_avg": 13.39,
            "equity": 650939,
            "current_ratio": 184.88,
            "debt_ratio": 19.86,
            "inventory_turnover_ratio": 1.85,
            "account_receivable_turnover_ratio": null,
            "reinvestment_rate": null,
            "research_to_sale_ratio": null,
            "price_fair": 0,
            "eps_avg_yearly": 0,
            "eps_latest_yearly": 0,
            "eps_growth_yearly": 0
        },
        "20014": {
            "year_quarter": 20014,
            "year": 2001,
            "quarter": 4,
            "eps": 0.14,
            "eps_growth_year": -53.33,
            "eps_4q": 0.78,
            "eps_4q_growth_year": -50.04,
            "roe": 0.99,
            "roe_4q": 6.41,
            "gross_profit": 13153,
            "gross_margin": 14.57,
            "gross_margin_4q_avg": 16.65,
            "net_income": 6497,
            "revenue": 90266,
            "common_shares": 487400,
            "book_valuer_per_share": 13.52,
            "book_valuer_per_share_4q_avg": 13.42,
            "equity": 658774,
            "current_ratio": 253.55,
            "debt_ratio": 17.65,
            "inventory_turnover_ratio": 1.57,
            "account_receivable_turnover_ratio": null,
            "reinvestment_rate": null,
            "research_to_sale_ratio": null,
            "price_fair": 0,
            "eps_avg_yearly": 0,
            "eps_latest_yearly": 0,
            "eps_growth_yearly": 0
        },
        "20021": {
            "year_quarter": 20021,
            "year": 2002,
            "quarter": 1,
            "eps": 0.07,
            "eps_growth_year": -82.05,
            "eps_4q": 0.52,
            "eps_4q_growth_year": -67.44,
            "roe": 0.49,
            "roe_4q": 4.0600000000000005,
            "gross_profit": 10911,
            "gross_margin": 15.74,
            "gross_margin_4q_avg": 15.95,
            "net_income": 3215,
            "revenue": 69310,
            "common_shares": 487400,
            "book_valuer_per_share": 13.58,
            "book_valuer_per_share_4q_avg": 13.3,
            "equity": 661999,
            "current_ratio": 128.32,
            "debt_ratio": 20.88,
            "inventory_turnover_ratio": 1.53,
            "account_receivable_turnover_ratio": null,
            "reinvestment_rate": null,
            "research_to_sale_ratio": null,
            "price_fair": 0.84,
            "eps_avg_yearly": 0.28,
            "eps_latest_yearly": 0.28,
            "eps_growth_yearly": -200
        },
        "20022": {
            "year_quarter": 20022,
            "year": 2002,
            "quarter": 2,
            "eps": -0.09,
            "eps_growth_year": -136,
            "eps_4q": 0.17,
            "eps_4q_growth_year": -87.22,
            "roe": -0.77,
            "roe_4q": 1.31,
            "gross_profit": 12344,
            "gross_margin": 23.82,
            "gross_margin_4q_avg": 17.44,
            "net_income": -5058,
            "revenue": 51813,
            "common_shares": 487400,
            "book_valuer_per_share": 13.41,
            "book_valuer_per_share_4q_avg": 13.47,
            "equity": 653749,
            "current_ratio": 198.42,
            "debt_ratio": 14.38,
            "inventory_turnover_ratio": 3.73,
            "account_receivable_turnover_ratio": null,
            "reinvestment_rate": null,
            "research_to_sale_ratio": null,
            "price_fair": 0.84,
            "eps_avg_yearly": 0.28,
            "eps_latest_yearly": 0.28,
            "eps_growth_yearly": -200
        },
        "20023": {
            "year_quarter": 20023,
            "year": 2002,
            "quarter": 3,
            "eps": -0.03,
            "eps_growth_year": -137.5,
            "eps_4q": 0.06,
            "eps_4q_growth_year": -93.95,
            "roe": -0.25,
            "roe_4q": 0.45999999999999996,
            "gross_profit": 11392,
            "gross_margin": 30.39,
            "gross_margin_4q_avg": 21.13,
            "net_income": -1644,
            "revenue": 37490,
            "common_shares": 539650,
            "book_valuer_per_share": 12.13,
            "book_valuer_per_share_4q_avg": 13.16,
            "equity": 654335,
            "current_ratio": 198.44,
            "debt_ratio": 12.72,
            "inventory_turnover_ratio": 3.1,
            "account_receivable_turnover_ratio": null,
            "reinvestment_rate": null,
            "research_to_sale_ratio": null,
            "price_fair": 0.84,
            "eps_avg_yearly": 0.28,
            "eps_latest_yearly": 0.28,
            "eps_growth_yearly": -200
        },
        "20024": {
            "year_quarter": 20024,
            "year": 2002,
            "quarter": 4,
            "eps": -0.34,
            "eps_growth_year": -342.86,
            "eps_4q": -0.41,
            "eps_4q_growth_year": -152.57,
            "roe": -2.86,
            "roe_4q": -3.3899999999999997,
            "gross_profit": 1866,
            "gross_margin": 5.79,
            "gross_margin_4q_avg": 18.94,
            "net_income": -18426,
            "revenue": 32211,
            "common_shares": 539650,
            "book_valuer_per_share": 11.78,
            "book_valuer_per_share_4q_avg": 12.73,
            "equity": 635720,
            "current_ratio": 338.55,
            "debt_ratio": 12.19,
            "inventory_turnover_ratio": 1.33,
            "account_receivable_turnover_ratio": null,
            "reinvestment_rate": 107.8,
            "research_to_sale_ratio": null,
            "price_fair": 0.84,
            "eps_avg_yearly": 0.28,
            "eps_latest_yearly": 0.28,
            "eps_growth_yearly": -200
        },
        "20031": {
            "year_quarter": 20031,
            "year": 2003,
            "quarter": 1,
            "eps": -0.15,
            "eps_growth_year": -314.29,
            "eps_4q": -0.62,
            "eps_4q_growth_year": -218.52,
            "roe": -1.26,
            "roe_4q": -5.140000000000001,
            "gross_profit": 10321,
            "gross_margin": 24,
            "gross_margin_4q_avg": 21,
            "net_income": -7985,
            "revenue": 42998,
            "common_shares": 539650,
            "book_valuer_per_share": 11.63,
            "book_valuer_per_share_4q_avg": 12.24,
            "equity": 627858,
            "current_ratio": 152.23,
            "debt_ratio": 16.34,
            "inventory_turnover_ratio": 1.58,
            "account_receivable_turnover_ratio": null,
            "reinvestment_rate": 46.17,
            "research_to_sale_ratio": null,
            "price_fair": 0.84,
            "eps_avg_yearly": 0.28,
            "eps_latest_yearly": 0.28,
            "eps_growth_yearly": -200
        },
        "20032": {
            "year_quarter": 20032,
            "year": 2003,
            "quarter": 2,
            "eps": -0.08,
            "eps_growth_year": null,
            "eps_4q": -0.6,
            "eps_4q_growth_year": -457.45,
            "roe": -0.73,
            "roe_4q": -5.1,
            "gross_profit": 11916,
            "gross_margin": 29.07,
            "gross_margin_4q_avg": 22.31,
            "net_income": -4533,
            "revenue": 40994,
            "common_shares": 539650,
            "book_valuer_per_share": 11.52,
            "book_valuer_per_share_4q_avg": 11.77,
            "equity": 621585,
            "current_ratio": 150.23,
            "debt_ratio": 14.66,
            "inventory_turnover_ratio": 9.26,
            "account_receivable_turnover_ratio": null,
            "reinvestment_rate": 48.75,
            "research_to_sale_ratio": null,
            "price_fair": 0.84,
            "eps_avg_yearly": 0.28,
            "eps_latest_yearly": 0.28,
            "eps_growth_yearly": -200
        },
        "20033": {
            "year_quarter": 20033,
            "year": 2003,
            "quarter": 3,
            "eps": -0.15,
            "eps_growth_year": null,
            "eps_4q": -0.72,
            "eps_4q_growth_year": -1398.5,
            "roe": -1.29,
            "roe_4q": -6.140000000000001,
            "gross_profit": 17523,
            "gross_margin": 32.75,
            "gross_margin_4q_avg": 22.9,
            "net_income": -7973,
            "revenue": 53506,
            "common_shares": 537330,
            "book_valuer_per_share": 11.37,
            "book_valuer_per_share_4q_avg": 11.58,
            "equity": 610698,
            "current_ratio": 115.76,
            "debt_ratio": 17.89,
            "inventory_turnover_ratio": 12.46,
            "account_receivable_turnover_ratio": null,
            "reinvestment_rate": 52.07,
            "research_to_sale_ratio": null,
            "price_fair": 0.84,
            "eps_avg_yearly": 0.28,
            "eps_latest_yearly": 0.28,
            "eps_growth_yearly": -200
        },
        "20034": {
            "year_quarter": 20034,
            "year": 2003,
            "quarter": 4,
            "eps": -0.54,
            "eps_growth_year": null,
            "eps_4q": -0.93,
            "eps_4q_growth_year": null,
            "roe": -4.92,
            "roe_4q": -8.2,
            "gross_profit": 16390,
            "gross_margin": 31.94,
            "gross_margin_4q_avg": 29.44,
            "net_income": -29361,
            "revenue": 51316,
            "common_shares": 537330,
            "book_valuer_per_share": 10.86,
            "book_valuer_per_share_4q_avg": 11.35,
            "equity": 583660,
            "current_ratio": 254.81,
            "debt_ratio": 14.97,
            "inventory_turnover_ratio": 2.47,
            "account_receivable_turnover_ratio": null,
            "reinvestment_rate": 176.12,
            "research_to_sale_ratio": null,
            "price_fair": 0.84,
            "eps_avg_yearly": 0.28,
            "eps_latest_yearly": 0.28,
            "eps_growth_yearly": -200
        },
        "20041": {
            "year_quarter": 20041,
            "year": 2004,
            "quarter": 1,
            "eps": -0.21,
            "eps_growth_year": null,
            "eps_4q": -0.99,
            "eps_4q_growth_year": null,
            "roe": -1.96,
            "roe_4q": -8.9,
            "gross_profit": 13019,
            "gross_margin": 30.96,
            "gross_margin_4q_avg": 31.18,
            "net_income": -11270,
            "revenue": 42049,
            "common_shares": 537330,
            "book_valuer_per_share": 10.56,
            "book_valuer_per_share_4q_avg": 11.08,
            "equity": 567615,
            "current_ratio": 113.99,
            "debt_ratio": 17.17,
            "inventory_turnover_ratio": 2.07,
            "account_receivable_turnover_ratio": null,
            "reinvestment_rate": -2819,
            "research_to_sale_ratio": null,
            "price_fair": 0.84,
            "eps_avg_yearly": 0.28,
            "eps_latest_yearly": 0.28,
            "eps_growth_yearly": -200
        },
        "20042": {
            "year_quarter": 20042,
            "year": 2004,
            "quarter": 2,
            "eps": -0.42,
            "eps_growth_year": null,
            "eps_4q": -1.33,
            "eps_4q_growth_year": null,
            "roe": -4.08,
            "roe_4q": -12.25,
            "gross_profit": 13069,
            "gross_margin": 28.18,
            "gross_margin_4q_avg": 30.96,
            "net_income": -22737,
            "revenue": 46385,
            "common_shares": 537330,
            "book_valuer_per_share": 10.2,
            "book_valuer_per_share_4q_avg": 10.75,
            "equity": 548037,
            "current_ratio": 113.16,
            "debt_ratio": 16.75,
            "inventory_turnover_ratio": 7.91,
            "account_receivable_turnover_ratio": null,
            "reinvestment_rate": null,
            "research_to_sale_ratio": null,
            "price_fair": 0.84,
            "eps_avg_yearly": 0.28,
            "eps_latest_yearly": 0.28,
            "eps_growth_yearly": -200
        },
        "20043": {
            "year_quarter": 20043,
            "year": 2004,
            "quarter": 3,
            "eps": -0.27,
            "eps_growth_year": null,
            "eps_4q": -1.45,
            "eps_4q_growth_year": null,
            "roe": -2.65,
            "roe_4q": -13.610000000000001,
            "gross_profit": 13542,
            "gross_margin": 28.05,
            "gross_margin_4q_avg": 29.78,
            "net_income": -14355,
            "revenue": 48284,
            "common_shares": 537330,
            "book_valuer_per_share": 9.95,
            "book_valuer_per_share_4q_avg": 10.39,
            "equity": 534611,
            "current_ratio": 118.43,
            "debt_ratio": 15.65,
            "inventory_turnover_ratio": 7.62,
            "account_receivable_turnover_ratio": null,
            "reinvestment_rate": null,
            "research_to_sale_ratio": null,
            "price_fair": 0.84,
            "eps_avg_yearly": 0.28,
            "eps_latest_yearly": 0.28,
            "eps_growth_yearly": -200
        },
        "20044": {
            "year_quarter": 20044,
            "year": 2004,
            "quarter": 4,
            "eps": -0.69,
            "eps_growth_year": null,
            "eps_4q": -1.59,
            "eps_4q_growth_year": null,
            "roe": -7.28,
            "roe_4q": -15.969999999999999,
            "gross_profit": 11508,
            "gross_margin": 24.25,
            "gross_margin_4q_avg": 27.86,
            "net_income": -37317,
            "revenue": 47454,
            "common_shares": 537330,
            "book_valuer_per_share": 9.14,
            "book_valuer_per_share_4q_avg": 9.96,
            "equity": 491094,
            "current_ratio": 200.08,
            "debt_ratio": 18.04,
            "inventory_turnover_ratio": 2.07,
            "account_receivable_turnover_ratio": null,
            "reinvestment_rate": null,
            "research_to_sale_ratio": null,
            "price_fair": 0.84,
            "eps_avg_yearly": 0.28,
            "eps_latest_yearly": 0.28,
            "eps_growth_yearly": -200
        },
        "20051": {
            "year_quarter": 20051,
            "year": 2005,
            "quarter": 1,
            "eps": -0.48,
            "eps_growth_year": null,
            "eps_4q": -1.86,
            "eps_4q_growth_year": null,
            "roe": -5.39,
            "roe_4q": -19.4,
            "gross_profit": 10911,
            "gross_margin": 24.32,
            "gross_margin_4q_avg": 26.2,
            "net_income": -25788,
            "revenue": 44855,
            "common_shares": 537330,
            "book_valuer_per_share": 8.67,
            "book_valuer_per_share_4q_avg": 9.49,
            "equity": 466051,
            "current_ratio": 95.17,
            "debt_ratio": 20.29,
            "inventory_turnover_ratio": 2.12,
            "account_receivable_turnover_ratio": null,
            "reinvestment_rate": null,
            "research_to_sale_ratio": null,
            "price_fair": 0.84,
            "eps_avg_yearly": 0.28,
            "eps_latest_yearly": 0.28,
            "eps_growth_yearly": -200
        },
        "20052": {
            "year_quarter": 20052,
            "year": 2005,
            "quarter": 2,
            "eps": -0.12,
            "eps_growth_year": null,
            "eps_4q": -1.56,
            "eps_4q_growth_year": null,
            "roe": -1.36,
            "roe_4q": -16.68,
            "gross_profit": 9559,
            "gross_margin": 21.32,
            "gross_margin_4q_avg": 24.49,
            "net_income": -6314,
            "revenue": 44835,
            "common_shares": 537330,
            "book_valuer_per_share": 8.56,
            "book_valuer_per_share_4q_avg": 9.08,
            "equity": 460189,
            "current_ratio": 96.65,
            "debt_ratio": 16.86,
            "inventory_turnover_ratio": 113.06,
            "account_receivable_turnover_ratio": null,
            "reinvestment_rate": null,
            "research_to_sale_ratio": null,
            "price_fair": 0.84,
            "eps_avg_yearly": 0.28,
            "eps_latest_yearly": 0.28,
            "eps_growth_yearly": -200
        },
        "20053": {
            "year_quarter": 20053,
            "year": 2005,
            "quarter": 3,
            "eps": -0.11,
            "eps_growth_year": null,
            "eps_4q": -1.4,
            "eps_4q_growth_year": null,
            "roe": -1.3,
            "roe_4q": -15.330000000000002,
            "gross_profit": 10282,
            "gross_margin": 19.83,
            "gross_margin_4q_avg": 22.43,
            "net_income": -6015,
            "revenue": 51861,
            "common_shares": 537330,
            "book_valuer_per_share": 8.59,
            "book_valuer_per_share_4q_avg": 8.74,
            "equity": 461822,
            "current_ratio": 96.71,
            "debt_ratio": 14.75,
            "inventory_turnover_ratio": 206.86,
            "account_receivable_turnover_ratio": null,
            "reinvestment_rate": null,
            "research_to_sale_ratio": null,
            "price_fair": 0.84,
            "eps_avg_yearly": 0.28,
            "eps_latest_yearly": 0.28,
            "eps_growth_yearly": -200
        },
        "20054": {
            "year_quarter": 20054,
            "year": 2005,
            "quarter": 4,
            "eps": -0.2,
            "eps_growth_year": null,
            "eps_4q": -0.91,
            "eps_4q_growth_year": null,
            "roe": -2.35,
            "roe_4q": -10.4,
            "gross_profit": 9705,
            "gross_margin": 19.97,
            "gross_margin_4q_avg": 21.36,
            "net_income": -10691,
            "revenue": 48596,
            "common_shares": 537330,
            "book_valuer_per_share": 8.32,
            "book_valuer_per_share_4q_avg": 8.54,
            "equity": 447299,
            "current_ratio": 202.59,
            "debt_ratio": 18.02,
            "inventory_turnover_ratio": 3.73,
            "account_receivable_turnover_ratio": null,
            "reinvestment_rate": null,
            "research_to_sale_ratio": null,
            "price_fair": 0.84,
            "eps_avg_yearly": 0.28,
            "eps_latest_yearly": 0.28,
            "eps_growth_yearly": -200
        },
        "20061": {
            "year_quarter": 20061,
            "year": 2006,
            "quarter": 1,
            "eps": -0.07,
            "eps_growth_year": null,
            "eps_4q": -0.49,
            "eps_4q_growth_year": null,
            "roe": -0.85,
            "roe_4q": -5.86,
            "gross_profit": 9263,
            "gross_margin": 22,
            "gross_margin_4q_avg": 20.78,
            "net_income": -3799,
            "revenue": 42112,
            "common_shares": 537330,
            "book_valuer_per_share": 8.25,
            "book_valuer_per_share_4q_avg": 8.43,
            "equity": 443498,
            "current_ratio": 99.04,
            "debt_ratio": 15.98,
            "inventory_turnover_ratio": 3.15,
            "account_receivable_turnover_ratio": null,
            "reinvestment_rate": null,
            "research_to_sale_ratio": null,
            "price_fair": 0,
            "eps_avg_yearly": 0,
            "eps_latest_yearly": 0,
            "eps_growth_yearly": 0
        },
        "20062": {
            "year_quarter": 20062,
            "year": 2006,
            "quarter": 2,
            "eps": 0,
            "eps_growth_year": null,
            "eps_4q": -0.38,
            "eps_4q_growth_year": null,
            "roe": 0.03,
            "roe_4q": -4.47,
            "gross_profit": 10970,
            "gross_margin": 24.76,
            "gross_margin_4q_avg": 21.64,
            "net_income": 138,
            "revenue": 44314,
            "common_shares": 537330,
            "book_valuer_per_share": 8.24,
            "book_valuer_per_share_4q_avg": 8.35,
            "equity": 442656,
            "current_ratio": 113,
            "debt_ratio": 15.33,
            "inventory_turnover_ratio": 486.77,
            "account_receivable_turnover_ratio": null,
            "reinvestment_rate": null,
            "research_to_sale_ratio": null,
            "price_fair": 0,
            "eps_avg_yearly": 0,
            "eps_latest_yearly": 0,
            "eps_growth_yearly": 0
        },
        "20063": {
            "year_quarter": 20063,
            "year": 2006,
            "quarter": 3,
            "eps": 0.06,
            "eps_growth_year": null,
            "eps_4q": -0.21,
            "eps_4q_growth_year": null,
            "roe": 0.72,
            "roe_4q": -2.45,
            "gross_profit": 15101,
            "gross_margin": 25,
            "gross_margin_4q_avg": 22.93,
            "net_income": 3215,
            "revenue": 60399,
            "common_shares": 537330,
            "book_valuer_per_share": 8.36,
            "book_valuer_per_share_4q_avg": 8.29,
            "equity": 449136,
            "current_ratio": 119.69,
            "debt_ratio": 16.79,
            "inventory_turnover_ratio": 1372.67,
            "account_receivable_turnover_ratio": null,
            "reinvestment_rate": null,
            "research_to_sale_ratio": null,
            "price_fair": 0,
            "eps_avg_yearly": 0,
            "eps_latest_yearly": 0,
            "eps_growth_yearly": 0
        },
        "20064": {
            "year_quarter": 20064,
            "year": 2006,
            "quarter": 4,
            "eps": -0.17,
            "eps_growth_year": null,
            "eps_4q": -0.18,
            "eps_4q_growth_year": null,
            "roe": -2.09,
            "roe_4q": -2.19,
            "gross_profit": 14790,
            "gross_margin": 25,
            "gross_margin_4q_avg": 24.19,
            "net_income": -9289,
            "revenue": 59166,
            "common_shares": 537330,
            "book_valuer_per_share": 8.15,
            "book_valuer_per_share_4q_avg": 8.25,
            "equity": 437815,
            "current_ratio": 331.69,
            "debt_ratio": 25.34,
            "inventory_turnover_ratio": 2.04,
            "account_receivable_turnover_ratio": null,
            "reinvestment_rate": null,
            "research_to_sale_ratio": null,
            "price_fair": 0,
            "eps_avg_yearly": 0,
            "eps_latest_yearly": 0,
            "eps_growth_yearly": 0
        },
        "20071": {
            "year_quarter": 20071,
            "year": 2007,
            "quarter": 1,
            "eps": 0.02,
            "eps_growth_year": null,
            "eps_4q": -0.07,
            "eps_4q_growth_year": null,
            "roe": 0.29,
            "roe_4q": -1.0499999999999998,
            "gross_profit": 15730,
            "gross_margin": 25,
            "gross_margin_4q_avg": 24.94,
            "net_income": 1278,
            "revenue": 62913,
            "common_shares": 537330,
            "book_valuer_per_share": 8.19,
            "book_valuer_per_share_4q_avg": 8.24,
            "equity": 440298,
            "current_ratio": 266.32,
            "debt_ratio": 25.65,
            "inventory_turnover_ratio": 2.17,
            "account_receivable_turnover_ratio": null,
            "reinvestment_rate": null,
            "research_to_sale_ratio": null,
            "price_fair": 0,
            "eps_avg_yearly": 0,
            "eps_latest_yearly": 0,
            "eps_growth_yearly": 0
        },
        "20072": {
            "year_quarter": 20072,
            "year": 2007,
            "quarter": 2,
            "eps": -0.12,
            "eps_growth_year": null,
            "eps_4q": -0.21,
            "eps_4q_growth_year": null,
            "roe": -1.45,
            "roe_4q": -2.5300000000000002,
            "gross_profit": 13581,
            "gross_margin": 23,
            "gross_margin_4q_avg": 24.5,
            "net_income": -6331,
            "revenue": 59050,
            "common_shares": 537330,
            "book_valuer_per_share": 8.08,
            "book_valuer_per_share_4q_avg": 8.2,
            "equity": 434294,
            "current_ratio": 418.27,
            "debt_ratio": 16.69,
            "inventory_turnover_ratio": 1684.04,
            "account_receivable_turnover_ratio": null,
            "reinvestment_rate": null,
            "research_to_sale_ratio": null,
            "price_fair": 0,
            "eps_avg_yearly": 0,
            "eps_latest_yearly": 0,
            "eps_growth_yearly": 0
        },
        "20073": {
            "year_quarter": 20073,
            "year": 2007,
            "quarter": 3,
            "eps": 0.22,
            "eps_growth_year": 266.67,
            "eps_4q": -0.05,
            "eps_4q_growth_year": null,
            "roe": 2.68,
            "roe_4q": -0.5699999999999996,
            "gross_profit": 15450,
            "gross_margin": 23,
            "gross_margin_4q_avg": 24,
            "net_income": 11797,
            "revenue": 67170,
            "common_shares": 537330,
            "book_valuer_per_share": 8.31,
            "book_valuer_per_share_4q_avg": 8.18,
            "equity": 446366,
            "current_ratio": 488.75,
            "debt_ratio": 13.6,
            "inventory_turnover_ratio": 1915.56,
            "account_receivable_turnover_ratio": null,
            "reinvestment_rate": null,
            "research_to_sale_ratio": null,
            "price_fair": 0,
            "eps_avg_yearly": 0,
            "eps_latest_yearly": 0,
            "eps_growth_yearly": 0
        },
        "20074": {
            "year_quarter": 20074,
            "year": 2007,
            "quarter": 4,
            "eps": -0.08,
            "eps_growth_year": null,
            "eps_4q": 0.05,
            "eps_4q_growth_year": null,
            "roe": -0.93,
            "roe_4q": 0.5900000000000001,
            "gross_profit": 15119,
            "gross_margin": 22.99,
            "gross_margin_4q_avg": 23.5,
            "net_income": -4119,
            "revenue": 65767,
            "common_shares": 537330,
            "book_valuer_per_share": 8.24,
            "book_valuer_per_share_4q_avg": 8.21,
            "equity": 442618,
            "current_ratio": 597.7,
            "debt_ratio": 14.67,
            "inventory_turnover_ratio": 2.67,
            "account_receivable_turnover_ratio": null,
            "reinvestment_rate": null,
            "research_to_sale_ratio": null,
            "price_fair": 0,
            "eps_avg_yearly": 0,
            "eps_latest_yearly": 0,
            "eps_growth_yearly": 0
        },
        "20081": {
            "year_quarter": 20081,
            "year": 2008,
            "quarter": 1,
            "eps": -0.04,
            "eps_growth_year": -300,
            "eps_4q": -0.02,
            "eps_4q_growth_year": null,
            "roe": -0.52,
            "roe_4q": -0.21999999999999997,
            "gross_profit": 14476,
            "gross_margin": 23.08,
            "gross_margin_4q_avg": 23.02,
            "net_income": -2276,
            "revenue": 62716,
            "common_shares": 537330,
            "book_valuer_per_share": 8.1,
            "book_valuer_per_share_4q_avg": 8.18,
            "equity": 435343,
            "current_ratio": 598.48,
            "debt_ratio": 14.67,
            "inventory_turnover_ratio": 1.32,
            "account_receivable_turnover_ratio": null,
            "reinvestment_rate": null,
            "research_to_sale_ratio": null,
            "price_fair": 0,
            "eps_avg_yearly": 0,
            "eps_latest_yearly": 0,
            "eps_growth_yearly": 0
        },
        "20082": {
            "year_quarter": 20082,
            "year": 2008,
            "quarter": 2,
            "eps": -0.19,
            "eps_growth_year": null,
            "eps_4q": -0.09,
            "eps_4q_growth_year": null,
            "roe": -2.39,
            "roe_4q": -1.1600000000000001,
            "gross_profit": 16565,
            "gross_margin": 23.22,
            "gross_margin_4q_avg": 23.07,
            "net_income": -10302,
            "revenue": 71325,
            "common_shares": 537330,
            "book_valuer_per_share": 7.93,
            "book_valuer_per_share_4q_avg": 8.15,
            "equity": 426008,
            "current_ratio": 550.19,
            "debt_ratio": 16.18,
            "inventory_turnover_ratio": 1.53,
            "account_receivable_turnover_ratio": null,
            "reinvestment_rate": null,
            "research_to_sale_ratio": null,
            "price_fair": 0,
            "eps_avg_yearly": 0,
            "eps_latest_yearly": 0,
            "eps_growth_yearly": 0
        },
        "20083": {
            "year_quarter": 20083,
            "year": 2008,
            "quarter": 3,
            "eps": 0.05,
            "eps_growth_year": -77.27,
            "eps_4q": -0.25,
            "eps_4q_growth_year": null,
            "roe": 0.66,
            "roe_4q": -3.18,
            "gross_profit": 18096,
            "gross_margin": 25.36,
            "gross_margin_4q_avg": 23.66,
            "net_income": 2827,
            "revenue": 71346,
            "common_shares": 537330,
            "book_valuer_per_share": 8.09,
            "book_valuer_per_share_4q_avg": 8.09,
            "equity": 434759,
            "current_ratio": 521.63,
            "debt_ratio": 17.03,
            "inventory_turnover_ratio": 1.51,
            "account_receivable_turnover_ratio": null,
            "reinvestment_rate": null,
            "research_to_sale_ratio": null,
            "price_fair": 0,
            "eps_avg_yearly": 0,
            "eps_latest_yearly": 0,
            "eps_growth_yearly": 0
        },
        "20084": {
            "year_quarter": 20084,
            "year": 2008,
            "quarter": 4,
            "eps": -0.26,
            "eps_growth_year": null,
            "eps_4q": -0.44,
            "eps_4q_growth_year": -980.67,
            "roe": -3.22,
            "roe_4q": -5.470000000000001,
            "gross_profit": 8463,
            "gross_margin": 14.57,
            "gross_margin_4q_avg": 21.56,
            "net_income": -13819,
            "revenue": 58093,
            "common_shares": 537330,
            "book_valuer_per_share": 7.87,
            "book_valuer_per_share_4q_avg": 8,
            "equity": 422781,
            "current_ratio": 694.61,
            "debt_ratio": 12.73,
            "inventory_turnover_ratio": 2.01,
            "account_receivable_turnover_ratio": 1.76,
            "reinvestment_rate": null,
            "research_to_sale_ratio": null,
            "price_fair": 0,
            "eps_avg_yearly": 0,
            "eps_latest_yearly": 0,
            "eps_growth_yearly": 0
        },
        "20091": {
            "year_quarter": 20091,
            "year": 2009,
            "quarter": 1,
            "eps": 0.04,
            "eps_growth_year": null,
            "eps_4q": -0.37,
            "eps_4q_growth_year": null,
            "roe": 0.49,
            "roe_4q": -4.460000000000001,
            "gross_profit": 10532,
            "gross_margin": 25.11,
            "gross_margin_4q_avg": 22.07,
            "net_income": 2090,
            "revenue": 41950,
            "common_shares": 537330,
            "book_valuer_per_share": 7.95,
            "book_valuer_per_share_4q_avg": 7.96,
            "equity": 427429,
            "current_ratio": 810.8,
            "debt_ratio": 10.92,
            "inventory_turnover_ratio": 1.9,
            "account_receivable_turnover_ratio": 0.76,
            "reinvestment_rate": null,
            "research_to_sale_ratio": null,
            "price_fair": 0,
            "eps_avg_yearly": 0,
            "eps_latest_yearly": 0,
            "eps_growth_yearly": 0
        },
        "20092": {
            "year_quarter": 20092,
            "year": 2009,
            "quarter": 2,
            "eps": 0.04,
            "eps_growth_year": null,
            "eps_4q": -0.11,
            "eps_4q_growth_year": null,
            "roe": 0.55,
            "roe_4q": -1.52,
            "gross_profit": 19604,
            "gross_margin": 35.19,
            "gross_margin_4q_avg": 25.06,
            "net_income": 2353,
            "revenue": 55702,
            "common_shares": 537330,
            "book_valuer_per_share": 7.95,
            "book_valuer_per_share_4q_avg": 7.97,
            "equity": 427196,
            "current_ratio": 713.41,
            "debt_ratio": 12.58,
            "inventory_turnover_ratio": 1.88,
            "account_receivable_turnover_ratio": 1.21,
            "reinvestment_rate": null,
            "research_to_sale_ratio": null,
            "price_fair": 1.6,
            "eps_avg_yearly": 0.16,
            "eps_latest_yearly": 0.16,
            "eps_growth_yearly": 0
        },
        "20093": {
            "year_quarter": 20093,
            "year": 2009,
            "quarter": 3,
            "eps": 0.3,
            "eps_growth_year": 500,
            "eps_4q": 0.07,
            "eps_4q_growth_year": null,
            "roe": 2.88,
            "roe_4q": 0.6999999999999997,
            "gross_profit": 25556,
            "gross_margin": 33.48,
            "gross_margin_4q_avg": 27.09,
            "net_income": 12460,
            "revenue": 76342,
            "common_shares": 417505,
            "book_valuer_per_share": 10.49,
            "book_valuer_per_share_4q_avg": 8.57,
            "equity": 438157,
            "current_ratio": 593.14,
            "debt_ratio": 15.24,
            "inventory_turnover_ratio": 2.7,
            "account_receivable_turnover_ratio": 1.37,
            "reinvestment_rate": null,
            "research_to_sale_ratio": null,
            "price_fair": 23.8,
            "eps_avg_yearly": 0.68,
            "eps_latest_yearly": 1.2,
            "eps_growth_yearly": 1300
        },
        "20094": {
            "year_quarter": 20094,
            "year": 2009,
            "quarter": 4,
            "eps": 0.19,
            "eps_growth_year": null,
            "eps_4q": 0.6,
            "eps_4q_growth_year": null,
            "roe": 1.84,
            "roe_4q": 5.76,
            "gross_profit": 25970,
            "gross_margin": 34.79,
            "gross_margin_4q_avg": 32.14,
            "net_income": 8129,
            "revenue": 74638,
            "common_shares": 417505,
            "book_valuer_per_share": 10.68,
            "book_valuer_per_share_4q_avg": 9.27,
            "equity": 445860,
            "current_ratio": 567.04,
            "debt_ratio": 16.29,
            "inventory_turnover_ratio": 2.15,
            "account_receivable_turnover_ratio": 2.38,
            "reinvestment_rate": null,
            "research_to_sale_ratio": null,
            "price_fair": 24.73,
            "eps_avg_yearly": 0.71,
            "eps_latest_yearly": 0.76,
            "eps_growth_yearly": 817.78
        },
        "20101": {
            "year_quarter": 20101,
            "year": 2010,
            "quarter": 1,
            "eps": 0.11,
            "eps_growth_year": 175,
            "eps_4q": 0.66,
            "eps_4q_growth_year": null,
            "roe": 1.05,
            "roe_4q": 6.319999999999999,
            "gross_profit": 22338,
            "gross_margin": 29.12,
            "gross_margin_4q_avg": 33.15,
            "net_income": 4714,
            "revenue": 76719,
            "common_shares": 417505,
            "book_valuer_per_share": 10.78,
            "book_valuer_per_share_4q_avg": 9.98,
            "equity": 450230,
            "current_ratio": 550.85,
            "debt_ratio": 16.85,
            "inventory_turnover_ratio": 1.78,
            "account_receivable_turnover_ratio": 1.21,
            "reinvestment_rate": -4414.66,
            "research_to_sale_ratio": 2.28,
            "price_fair": 22.4,
            "eps_avg_yearly": 0.64,
            "eps_latest_yearly": 0.44,
            "eps_growth_yearly": 571.23
        },
        "20102": {
            "year_quarter": 20102,
            "year": 2010,
            "quarter": 2,
            "eps": 0.17,
            "eps_growth_year": 316.28,
            "eps_4q": 0.77,
            "eps_4q_growth_year": null,
            "roe": 1.55,
            "roe_4q": 7.32,
            "gross_profit": 24447,
            "gross_margin": 28.83,
            "gross_margin_4q_avg": 31.56,
            "net_income": 6952,
            "revenue": 84796,
            "common_shares": 417505,
            "book_valuer_per_share": 10.74,
            "book_valuer_per_share_4q_avg": 10.67,
            "equity": 448368,
            "current_ratio": 447.25,
            "debt_ratio": 20.77,
            "inventory_turnover_ratio": 1.51,
            "account_receivable_turnover_ratio": 1.21,
            "reinvestment_rate": -1280.11,
            "research_to_sale_ratio": 3.1,
            "price_fair": 22.68,
            "eps_avg_yearly": 0.65,
            "eps_latest_yearly": 0.68,
            "eps_growth_yearly": 500.62
        },
        "20103": {
            "year_quarter": 20103,
            "year": 2010,
            "quarter": 3,
            "eps": 0.01,
            "eps_growth_year": -95.29,
            "eps_4q": 0.49,
            "eps_4q_growth_year": 557.55,
            "roe": 0.13,
            "roe_4q": 4.57,
            "gross_profit": 19661,
            "gross_margin": 24.65,
            "gross_margin_4q_avg": 29.35,
            "net_income": 590,
            "revenue": 79755,
            "common_shares": 417505,
            "book_valuer_per_share": 10.73,
            "book_valuer_per_share_4q_avg": 10.73,
            "equity": 447992,
            "current_ratio": 567.57,
            "debt_ratio": 16.13,
            "inventory_turnover_ratio": 1.51,
            "account_receivable_turnover_ratio": 1.04,
            "reinvestment_rate": -1614.37,
            "research_to_sale_ratio": 3.73,
            "price_fair": 19.13,
            "eps_avg_yearly": 0.55,
            "eps_latest_yearly": 0.04,
            "eps_growth_yearly": 354.44
        },
        "20104": {
            "year_quarter": 20104,
            "year": 2010,
            "quarter": 4,
            "eps": -0.11,
            "eps_growth_year": -158.68,
            "eps_4q": 0.18,
            "eps_4q_growth_year": -69.63,
            "roe": -1.05,
            "roe_4q": 1.6800000000000002,
            "gross_profit": 19602,
            "gross_margin": 29.6,
            "gross_margin_4q_avg": 28.05,
            "net_income": -4655,
            "revenue": 66219,
            "common_shares": 417505,
            "book_valuer_per_share": 10.54,
            "book_valuer_per_share_4q_avg": 10.7,
            "equity": 439851,
            "current_ratio": 641.94,
            "debt_ratio": 14.39,
            "inventory_turnover_ratio": 1.57,
            "account_receivable_turnover_ratio": 0.92,
            "reinvestment_rate": -114.22,
            "research_to_sale_ratio": 2.73,
            "price_fair": 19.13,
            "eps_avg_yearly": 0.55,
            "eps_latest_yearly": 0.04,
            "eps_growth_yearly": 354.44
        },
        "20111": {
            "year_quarter": 20111,
            "year": 2011,
            "quarter": 1,
            "eps": 0.1,
            "eps_growth_year": -9.09,
            "eps_4q": 0.16,
            "eps_4q_growth_year": -75.11,
            "roe": 0.9,
            "roe_4q": 1.53,
            "gross_profit": 20125,
            "gross_margin": 27.43,
            "gross_margin_4q_avg": 27.63,
            "net_income": 3997,
            "revenue": 73381,
            "common_shares": 417505,
            "book_valuer_per_share": 10.66,
            "book_valuer_per_share_4q_avg": 10.67,
            "equity": 445022,
            "current_ratio": 584.23,
            "debt_ratio": 15.9,
            "inventory_turnover_ratio": 1.71,
            "account_receivable_turnover_ratio": 1.01,
            "reinvestment_rate": 236.04,
            "research_to_sale_ratio": 2.52,
            "price_fair": 19.13,
            "eps_avg_yearly": 0.55,
            "eps_latest_yearly": 0.04,
            "eps_growth_yearly": 354.44
        },
        "20112": {
            "year_quarter": 20112,
            "year": 2011,
            "quarter": 2,
            "eps": 0.02,
            "eps_growth_year": -90.18,
            "eps_4q": 0.01,
            "eps_4q_growth_year": -98.09,
            "roe": 0.15,
            "roe_4q": 0.13,
            "gross_profit": 21780,
            "gross_margin": 25.08,
            "gross_margin_4q_avg": 26.69,
            "net_income": 683,
            "revenue": 86856,
            "common_shares": 417505,
            "book_valuer_per_share": 10.46,
            "book_valuer_per_share_4q_avg": 10.6,
            "equity": 436661,
            "current_ratio": 511.66,
            "debt_ratio": 18.15,
            "inventory_turnover_ratio": 1.71,
            "account_receivable_turnover_ratio": 1.07,
            "reinvestment_rate": 138.39,
            "research_to_sale_ratio": 2.61,
            "price_fair": 16.8,
            "eps_avg_yearly": 0.48,
            "eps_latest_yearly": 0.08,
            "eps_growth_yearly": 258.09
        },
        "20113": {
            "year_quarter": 20113,
            "year": 2011,
            "quarter": 3,
            "eps": -0.03,
            "eps_growth_year": -287.45,
            "eps_4q": -0.03,
            "eps_4q_growth_year": -105.3,
            "roe": -0.25,
            "roe_4q": -0.25,
            "gross_profit": 17371,
            "gross_margin": 22.85,
            "gross_margin_4q_avg": 26.24,
            "net_income": -1106,
            "revenue": 76020,
            "common_shares": 417505,
            "book_valuer_per_share": 10.57,
            "book_valuer_per_share_4q_avg": 10.56,
            "equity": 441365,
            "current_ratio": 551.09,
            "debt_ratio": 16.88,
            "inventory_turnover_ratio": 1.5,
            "account_receivable_turnover_ratio": 0.93,
            "reinvestment_rate": 354.23,
            "research_to_sale_ratio": 2.62,
            "price_fair": 16.8,
            "eps_avg_yearly": 0.48,
            "eps_latest_yearly": 0.08,
            "eps_growth_yearly": 258.09
        },
        "20114": {
            "year_quarter": 20114,
            "year": 2011,
            "quarter": 4,
            "eps": -0.05,
            "eps_growth_year": null,
            "eps_4q": 0.03,
            "eps_4q_growth_year": -82.56,
            "roe": -0.51,
            "roe_4q": 0.29000000000000004,
            "gross_profit": 14174,
            "gross_margin": 20.63,
            "gross_margin_4q_avg": 24,
            "net_income": -2248,
            "revenue": 68713,
            "common_shares": 417505,
            "book_valuer_per_share": 10.52,
            "book_valuer_per_share_4q_avg": 10.55,
            "equity": 439407,
            "current_ratio": 641.62,
            "debt_ratio": 14.5,
            "inventory_turnover_ratio": 1.44,
            "account_receivable_turnover_ratio": 0.95,
            "reinvestment_rate": 961.08,
            "research_to_sale_ratio": 3.12,
            "price_fair": 16.8,
            "eps_avg_yearly": 0.48,
            "eps_latest_yearly": 0.08,
            "eps_growth_yearly": 258.09
        },
        "20121": {
            "year_quarter": 20121,
            "year": 2012,
            "quarter": 1,
            "eps": -0.06,
            "eps_growth_year": -160,
            "eps_4q": -0.12,
            "eps_4q_growth_year": -174.69,
            "roe": -0.57,
            "roe_4q": -1.1800000000000002,
            "gross_profit": 16609,
            "gross_margin": 25.15,
            "gross_margin_4q_avg": 23.43,
            "net_income": -2471,
            "revenue": 66047,
            "common_shares": 417505,
            "book_valuer_per_share": 10.42,
            "book_valuer_per_share_4q_avg": 10.49,
            "equity": 435016,
            "current_ratio": 632.41,
            "debt_ratio": 14.76,
            "inventory_turnover_ratio": 1.39,
            "account_receivable_turnover_ratio": 1.04,
            "reinvestment_rate": 919.87,
            "research_to_sale_ratio": 2.6,
            "price_fair": 16.8,
            "eps_avg_yearly": 0.48,
            "eps_latest_yearly": 0.08,
            "eps_growth_yearly": 258.09
        },
        "20122": {
            "year_quarter": 20122,
            "year": 2012,
            "quarter": 2,
            "eps": 0.07,
            "eps_growth_year": 324.01,
            "eps_4q": -0.07,
            "eps_4q_growth_year": -576.27,
            "roe": 0.55,
            "roe_4q": -0.7799999999999999,
            "gross_profit": 20407,
            "gross_margin": 26.75,
            "gross_margin_4q_avg": 23.85,
            "net_income": 2433,
            "revenue": 76296,
            "common_shares": 417505,
            "book_valuer_per_share": 10.49,
            "book_valuer_per_share_4q_avg": 10.5,
            "equity": 449973,
            "current_ratio": 666.73,
            "debt_ratio": 14.07,
            "inventory_turnover_ratio": 1.63,
            "account_receivable_turnover_ratio": 1.22,
            "reinvestment_rate": -62.47,
            "research_to_sale_ratio": 3.03,
            "price_fair": 16.8,
            "eps_avg_yearly": 0.48,
            "eps_latest_yearly": 0.08,
            "eps_growth_yearly": 258.09
        },
        "20123": {
            "year_quarter": 20123,
            "year": 2012,
            "quarter": 3,
            "eps": 0,
            "eps_growth_year": null,
            "eps_4q": -0.04,
            "eps_4q_growth_year": null,
            "roe": -0.06,
            "roe_4q": -0.5899999999999999,
            "gross_profit": 21578,
            "gross_margin": 27.82,
            "gross_margin_4q_avg": 25.09,
            "net_income": -262,
            "revenue": 77569,
            "common_shares": 417505,
            "book_valuer_per_share": 10.48,
            "book_valuer_per_share_4q_avg": 10.48,
            "equity": 438423,
            "current_ratio": 682.71,
            "debt_ratio": 13.76,
            "inventory_turnover_ratio": 1.65,
            "account_receivable_turnover_ratio": 1.27,
            "reinvestment_rate": -88.49,
            "research_to_sale_ratio": 3.22,
            "price_fair": 16.8,
            "eps_avg_yearly": 0.48,
            "eps_latest_yearly": 0.08,
            "eps_growth_yearly": 258.09
        },
        "20124": {
            "year_quarter": 20124,
            "year": 2012,
            "quarter": 4,
            "eps": 0.14,
            "eps_growth_year": null,
            "eps_4q": 0.15,
            "eps_4q_growth_year": 378.43,
            "roe": 1.34,
            "roe_4q": 1.2600000000000002,
            "gross_profit": 17197,
            "gross_margin": 24.86,
            "gross_margin_4q_avg": 26.15,
            "net_income": 5906,
            "revenue": 69171,
            "common_shares": 417505,
            "book_valuer_per_share": 10.63,
            "book_valuer_per_share_4q_avg": 10.51,
            "equity": 444563,
            "current_ratio": 566.72,
            "debt_ratio": 16.63,
            "inventory_turnover_ratio": 1.72,
            "account_receivable_turnover_ratio": 1.16,
            "reinvestment_rate": -47.95,
            "research_to_sale_ratio": 2.6,
            "price_fair": 16.8,
            "eps_avg_yearly": 0.48,
            "eps_latest_yearly": 0.08,
            "eps_growth_yearly": 258.09
        },
        "20131": {
            "year_quarter": 20131,
            "year": 2013,
            "quarter": 1,
            "eps": 0.05,
            "eps_growth_year": null,
            "eps_4q": 0.27,
            "eps_4q_growth_year": null,
            "roe": 0.51,
            "roe_4q": 2.34,
            "gross_profit": 16894,
            "gross_margin": 22.91,
            "gross_margin_4q_avg": 25.59,
            "net_income": 2271,
            "revenue": 73735,
            "common_shares": 417505,
            "book_valuer_per_share": 10.74,
            "book_valuer_per_share_4q_avg": 10.59,
            "equity": 449000,
            "current_ratio": 490.78,
            "debt_ratio": 19.14,
            "inventory_turnover_ratio": 1.92,
            "account_receivable_turnover_ratio": 1.28,
            "reinvestment_rate": -38.9,
            "research_to_sale_ratio": 2.59,
            "price_fair": 15.58,
            "eps_avg_yearly": 0.45,
            "eps_latest_yearly": 0.2,
            "eps_growth_yearly": 193.69
        },
        "20132": {
            "year_quarter": 20132,
            "year": 2013,
            "quarter": 2,
            "eps": 0.04,
            "eps_growth_year": -42.33,
            "eps_4q": 0.23,
            "eps_4q_growth_year": null,
            "roe": 0.34,
            "roe_4q": 2.1300000000000003,
            "gross_profit": 22986,
            "gross_margin": 28.43,
            "gross_margin_4q_avg": 26.01,
            "net_income": 1512,
            "revenue": 80847,
            "common_shares": 417505,
            "book_valuer_per_share": 10.8,
            "book_valuer_per_share_4q_avg": 10.66,
            "equity": 451695,
            "current_ratio": 501.08,
            "debt_ratio": 18.79,
            "inventory_turnover_ratio": 1.97,
            "account_receivable_turnover_ratio": 1.38,
            "reinvestment_rate": -30.02,
            "research_to_sale_ratio": 2.04,
            "price_fair": 15.58,
            "eps_avg_yearly": 0.45,
            "eps_latest_yearly": 0.16,
            "eps_growth_yearly": 183.69
        },
        "20133": {
            "year_quarter": 20133,
            "year": 2013,
            "quarter": 3,
            "eps": 0,
            "eps_growth_year": -100,
            "eps_4q": 0.24,
            "eps_4q_growth_year": null,
            "roe": 0.04,
            "roe_4q": 2.23,
            "gross_profit": 20071,
            "gross_margin": 24.34,
            "gross_margin_4q_avg": 25.14,
            "net_income": 187,
            "revenue": 82446,
            "common_shares": 417505,
            "book_valuer_per_share": 10.79,
            "book_valuer_per_share_4q_avg": 10.74,
            "equity": 451418,
            "current_ratio": 505.73,
            "debt_ratio": 18.64,
            "inventory_turnover_ratio": 2.12,
            "account_receivable_turnover_ratio": 1.33,
            "reinvestment_rate": -44.4,
            "research_to_sale_ratio": 2.36,
            "price_fair": 1.01,
            "eps_avg_yearly": 0.34,
            "eps_latest_yearly": 0.16,
            "eps_growth_yearly": -161.5
        },
        "20134": {
            "year_quarter": 20134,
            "year": 2013,
            "quarter": 4,
            "eps": 0.08,
            "eps_growth_year": -44.32,
            "eps_4q": 0.17,
            "eps_4q_growth_year": 14.58,
            "roe": 0.72,
            "roe_4q": 1.61,
            "gross_profit": 11325,
            "gross_margin": 19.8,
            "gross_margin_4q_avg": 23.87,
            "net_income": 3258,
            "revenue": 57186,
            "common_shares": 417505,
            "book_valuer_per_share": 10.99,
            "book_valuer_per_share_4q_avg": 10.83,
            "equity": 459629,
            "current_ratio": 589.1,
            "debt_ratio": 14.56,
            "inventory_turnover_ratio": 1.67,
            "account_receivable_turnover_ratio": 1.1,
            "reinvestment_rate": 166.97,
            "research_to_sale_ratio": 3.05,
            "price_fair": 0.8,
            "eps_avg_yearly": 0.27,
            "eps_latest_yearly": 0.16,
            "eps_growth_yearly": -163.98
        },
        "20141": {
            "year_quarter": 20141,
            "year": 2014,
            "quarter": 1,
            "eps": -0.11,
            "eps_growth_year": -320,
            "eps_4q": 0.01,
            "eps_4q_growth_year": -96.2,
            "roe": -1,
            "roe_4q": 0.1,
            "gross_profit": 13750,
            "gross_margin": 21.53,
            "gross_margin_4q_avg": 23.53,
            "net_income": -4579,
            "revenue": 63874,
            "common_shares": 417505,
            "book_valuer_per_share": 10.98,
            "book_valuer_per_share_4q_avg": 10.89,
            "equity": 458352,
            "current_ratio": 519.63,
            "debt_ratio": 15.53,
            "inventory_turnover_ratio": 2.07,
            "account_receivable_turnover_ratio": 1.63,
            "reinvestment_rate": 495.71,
            "research_to_sale_ratio": 2.56,
            "price_fair": 0.7,
            "eps_avg_yearly": 0.23,
            "eps_latest_yearly": 0.16,
            "eps_growth_yearly": -163.09
        },
        "20142": {
            "year_quarter": 20142,
            "year": 2014,
            "quarter": 2,
            "eps": -0.44,
            "eps_growth_year": -1200,
            "eps_4q": -0.46,
            "eps_4q_growth_year": -299.2,
            "roe": -4.1,
            "roe_4q": -4.34,
            "gross_profit": 13015,
            "gross_margin": 18.96,
            "gross_margin_4q_avg": 21.16,
            "net_income": -18235,
            "revenue": 68631,
            "common_shares": 417505,
            "book_valuer_per_share": 10.35,
            "book_valuer_per_share_4q_avg": 10.78,
            "equity": 432121,
            "current_ratio": 503.9,
            "debt_ratio": 15.68,
            "inventory_turnover_ratio": 2.18,
            "account_receivable_turnover_ratio": 1.86,
            "reinvestment_rate": null,
            "research_to_sale_ratio": 2.35,
            "price_fair": 0.36,
            "eps_avg_yearly": 0.12,
            "eps_latest_yearly": 0.16,
            "eps_growth_yearly": -258.4
        },
        "20143": {
            "year_quarter": 20143,
            "year": 2014,
            "quarter": 3,
            "eps": -0.08,
            "eps_growth_year": null,
            "eps_4q": -0.55,
            "eps_4q_growth_year": -330.99,
            "roe": -0.76,
            "roe_4q": -5.14,
            "gross_profit": 17575,
            "gross_margin": 25.38,
            "gross_margin_4q_avg": 21.42,
            "net_income": -3307,
            "revenue": 69249,
            "common_shares": 417505,
            "book_valuer_per_share": 10.44,
            "book_valuer_per_share_4q_avg": 10.69,
            "equity": 436047,
            "current_ratio": 520.39,
            "debt_ratio": 15.16,
            "inventory_turnover_ratio": 2.13,
            "account_receivable_turnover_ratio": 1.84,
            "reinvestment_rate": null,
            "research_to_sale_ratio": 1.85,
            "price_fair": 0.44,
            "eps_avg_yearly": 0.15,
            "eps_latest_yearly": 0.16,
            "eps_growth_yearly": -219.05
        },
        "20144": {
            "year_quarter": 20144,
            "year": 2014,
            "quarter": 4,
            "eps": -0.39,
            "eps_growth_year": -589.19,
            "eps_4q": -1.01,
            "eps_4q_growth_year": -680.46,
            "roe": -3.75,
            "roe_4q": -9.61,
            "gross_profit": 16695,
            "gross_margin": 26.75,
            "gross_margin_4q_avg": 23.16,
            "net_income": -16074,
            "revenue": 62404,
            "common_shares": 417505,
            "book_valuer_per_share": 10.06,
            "book_valuer_per_share_4q_avg": 10.46,
            "equity": 420189,
            "current_ratio": 481.08,
            "debt_ratio": 16.53,
            "inventory_turnover_ratio": 1.89,
            "account_receivable_turnover_ratio": 1.54,
            "reinvestment_rate": null,
            "research_to_sale_ratio": 2.14,
            "price_fair": 0.44,
            "eps_avg_yearly": 0.15,
            "eps_latest_yearly": 0.16,
            "eps_growth_yearly": -219.05
        },
        "20151": {
            "year_quarter": 20151,
            "year": 2015,
            "quarter": 1,
            "eps": -0.56,
            "eps_growth_year": null,
            "eps_4q": -1.47,
            "eps_4q_growth_year": -14634.98,
            "roe": -5.78,
            "roe_4q": -14.39,
            "gross_profit": 17081,
            "gross_margin": 27.2,
            "gross_margin_4q_avg": 24.57,
            "net_income": -23577,
            "revenue": 62795,
            "common_shares": 417505,
            "book_valuer_per_share": 9.49,
            "book_valuer_per_share_4q_avg": 10.09,
            "equity": 396028,
            "current_ratio": 546.79,
            "debt_ratio": 14.24,
            "inventory_turnover_ratio": 1.83,
            "account_receivable_turnover_ratio": 1.59,
            "reinvestment_rate": null,
            "research_to_sale_ratio": 1.71,
            "price_fair": 0.44,
            "eps_avg_yearly": 0.15,
            "eps_latest_yearly": 0.16,
            "eps_growth_yearly": -219.05
        },
        "20152": {
            "year_quarter": 20152,
            "year": 2015,
            "quarter": 2,
            "eps": -1.17,
            "eps_growth_year": null,
            "eps_4q": -2.2,
            "eps_4q_growth_year": null,
            "roe": -13.38,
            "roe_4q": -23.67,
            "gross_profit": 12414,
            "gross_margin": 23.2,
            "gross_margin_4q_avg": 25.63,
            "net_income": -49005,
            "revenue": 53519,
            "common_shares": 417505,
            "book_valuer_per_share": 8.06,
            "book_valuer_per_share_4q_avg": 9.51,
            "equity": 336358,
            "current_ratio": 554.45,
            "debt_ratio": 14.18,
            "inventory_turnover_ratio": 1.88,
            "account_receivable_turnover_ratio": 1.6,
            "reinvestment_rate": null,
            "research_to_sale_ratio": 1.51,
            "price_fair": 0.54,
            "eps_avg_yearly": 0.18,
            "eps_latest_yearly": 0.16,
            "eps_growth_yearly": -168.57
        },
        "20153": {
            "year_quarter": 20153,
            "year": 2015,
            "quarter": 3,
            "eps": -0.41,
            "eps_growth_year": null,
            "eps_4q": -2.54,
            "eps_4q_growth_year": null,
            "roe": -5.31,
            "roe_4q": -28.220000000000002,
            "gross_profit": 13014,
            "gross_margin": 26.19,
            "gross_margin_4q_avg": 25.84,
            "net_income": -17326,
            "revenue": 49697,
            "common_shares": 417505,
            "book_valuer_per_share": 7.56,
            "book_valuer_per_share_4q_avg": 8.79,
            "equity": 315734,
            "current_ratio": 496.1,
            "debt_ratio": 16.65,
            "inventory_turnover_ratio": 1.76,
            "account_receivable_turnover_ratio": 1.49,
            "reinvestment_rate": null,
            "research_to_sale_ratio": 1.65,
            "price_fair": 0.54,
            "eps_avg_yearly": 0.18,
            "eps_latest_yearly": 0.16,
            "eps_growth_yearly": -168.57
        },
        "20154": {
            "year_quarter": 20154,
            "year": 2015,
            "quarter": 4,
            "eps": -0.56,
            "eps_growth_year": null,
            "eps_4q": -3.28,
            "eps_4q_growth_year": null,
            "roe": -6.12,
            "roe_4q": -30.590000000000003,
            "gross_profit": 8460,
            "gross_margin": 17,
            "gross_margin_4q_avg": 23.4,
            "net_income": -18602,
            "revenue": 49774,
            "common_shares": 330504,
            "book_valuer_per_share": 8.84,
            "book_valuer_per_share_4q_avg": 8.49,
            "equity": 292225,
            "current_ratio": 542.71,
            "debt_ratio": 14.82,
            "inventory_turnover_ratio": 2.32,
            "account_receivable_turnover_ratio": 1.44,
            "reinvestment_rate": null,
            "research_to_sale_ratio": 1.83,
            "price_fair": 0.54,
            "eps_avg_yearly": 0.18,
            "eps_latest_yearly": 0.16,
            "eps_growth_yearly": -168.57
        },
        "20161": {
            "year_quarter": 20161,
            "year": 2016,
            "quarter": 1,
            "eps": -0.19,
            "eps_growth_year": null,
            "eps_4q": -2.76,
            "eps_4q_growth_year": null,
            "roe": -2.19,
            "roe_4q": -27,
            "gross_profit": 16451,
            "gross_margin": 30.59,
            "gross_margin_4q_avg": 24.25,
            "net_income": -6389,
            "revenue": 53772,
            "common_shares": 331004,
            "book_valuer_per_share": 8.77,
            "book_valuer_per_share_4q_avg": 8.31,
            "equity": 290352,
            "current_ratio": 507.99,
            "debt_ratio": 15.66,
            "inventory_turnover_ratio": 2.7,
            "account_receivable_turnover_ratio": 1.53,
            "reinvestment_rate": null,
            "research_to_sale_ratio": 1.63,
            "price_fair": 0.54,
            "eps_avg_yearly": 0.18,
            "eps_latest_yearly": 0.16,
            "eps_growth_yearly": -168.57
        },
        "20162": {
            "year_quarter": 20162,
            "year": 2016,
            "quarter": 2,
            "eps": 0.04,
            "eps_growth_year": null,
            "eps_4q": -1.04,
            "eps_4q_growth_year": null,
            "roe": 0.38,
            "roe_4q": -13.239999999999998,
            "gross_profit": 17264,
            "gross_margin": 32.81,
            "gross_margin_4q_avg": 26.65,
            "net_income": 1347,
            "revenue": 52626,
            "common_shares": 393004,
            "book_valuer_per_share": 10.79,
            "book_valuer_per_share_4q_avg": 8.99,
            "equity": 424028,
            "current_ratio": 720.47,
            "debt_ratio": 11.83,
            "inventory_turnover_ratio": 2.5,
            "account_receivable_turnover_ratio": 1.29,
            "reinvestment_rate": null,
            "research_to_sale_ratio": 2.59,
            "price_fair": 0.54,
            "eps_avg_yearly": 0.18,
            "eps_latest_yearly": 0.16,
            "eps_growth_yearly": -168.57
        },
        "20163": {
            "year_quarter": 20163,
            "year": 2016,
            "quarter": 3,
            "eps": 0,
            "eps_growth_year": null,
            "eps_4q": -0.53,
            "eps_4q_growth_year": null,
            "roe": -0,
            "roe_4q": -7.93,
            "gross_profit": 20620,
            "gross_margin": 30.57,
            "gross_margin_4q_avg": 27.74,
            "net_income": -23,
            "revenue": 67461,
            "common_shares": 449755,
            "book_valuer_per_share": 12.11,
            "book_valuer_per_share_4q_avg": 10.13,
            "equity": 544532,
            "current_ratio": 304.29,
            "debt_ratio": 22.78,
            "inventory_turnover_ratio": 1.85,
            "account_receivable_turnover_ratio": 1.06,
            "reinvestment_rate": null,
            "research_to_sale_ratio": 2,
            "price_fair": 0.54,
            "eps_avg_yearly": 0.18,
            "eps_latest_yearly": 0.16,
            "eps_growth_yearly": -168.57
        },
        "20164": {
            "year_quarter": 20164,
            "year": 2016,
            "quarter": 4,
            "eps": 0.28,
            "eps_growth_year": null,
            "eps_4q": 0.18,
            "eps_4q_growth_year": null,
            "roe": 2.44,
            "roe_4q": 0.6299999999999999,
            "gross_profit": 53624,
            "gross_margin": 33.53,
            "gross_margin_4q_avg": 31.88,
            "net_income": 14006,
            "revenue": 159923,
            "common_shares": 499505,
            "book_valuer_per_share": 12.13,
            "book_valuer_per_share_4q_avg": 10.95,
            "equity": 605724,
            "current_ratio": 370.31,
            "debt_ratio": 21.25,
            "inventory_turnover_ratio": 2.12,
            "account_receivable_turnover_ratio": 1.1,
            "reinvestment_rate": null,
            "research_to_sale_ratio": 1.63,
            "price_fair": 0.54,
            "eps_avg_yearly": 0.18,
            "eps_latest_yearly": 0.16,
            "eps_growth_yearly": -168.57
        },
        "20171": {
            "year_quarter": 20171,
            "year": 2017,
            "quarter": 1,
            "eps": 0.52,
            "eps_growth_year": null,
            "eps_4q": 0.82,
            "eps_4q_growth_year": null,
            "roe": 4.17,
            "roe_4q": 6.989999999999999,
            "gross_profit": 57515,
            "gross_margin": 37.09,
            "gross_margin_4q_avg": 33.5,
            "net_income": 25750,
            "revenue": 155051,
            "common_shares": 499505,
            "book_valuer_per_share": 12.61,
            "book_valuer_per_share_4q_avg": 11.91,
            "equity": 630114,
            "current_ratio": 471.66,
            "debt_ratio": 16.67,
            "inventory_turnover_ratio": 1.63,
            "account_receivable_turnover_ratio": 0.76,
            "reinvestment_rate": null,
            "research_to_sale_ratio": 1.58,
            "price_fair": 39.2,
            "eps_avg_yearly": 1.12,
            "eps_latest_yearly": 2.08,
            "eps_growth_yearly": 131.43
        },
        "20172": {
            "year_quarter": 20172,
            "year": 2017,
            "quarter": 2,
            "eps": 0.15,
            "eps_growth_year": 275,
            "eps_4q": 0.95,
            "eps_4q_growth_year": null,
            "roe": 1.19,
            "roe_4q": 7.799999999999999,
            "gross_profit": 45944,
            "gross_margin": 35.19,
            "gross_margin_4q_avg": 34.1,
            "net_income": 7573,
            "revenue": 130553,
            "common_shares": 499505,
            "book_valuer_per_share": 12.8,
            "book_valuer_per_share_4q_avg": 12.41,
            "equity": 639211,
            "current_ratio": 432.02,
            "debt_ratio": 18.35,
            "inventory_turnover_ratio": 1.26,
            "account_receivable_turnover_ratio": 0.75,
            "reinvestment_rate": null,
            "research_to_sale_ratio": 1.71,
            "price_fair": 46.9,
            "eps_avg_yearly": 1.34,
            "eps_latest_yearly": 0.6,
            "eps_growth_yearly": 29.12
        },
        "20173": {
            "year_quarter": 20173,
            "year": 2017,
            "quarter": 3,
            "eps": 0.1,
            "eps_growth_year": null,
            "eps_4q": 1.05,
            "eps_4q_growth_year": null,
            "roe": 0.83,
            "roe_4q": 8.629999999999999,
            "gross_profit": 33830,
            "gross_margin": 25.31,
            "gross_margin_4q_avg": 32.78,
            "net_income": 5305,
            "revenue": 133657,
            "common_shares": 499505,
            "book_valuer_per_share": 12.93,
            "book_valuer_per_share_4q_avg": 12.62,
            "equity": 646066,
            "current_ratio": 499.08,
            "debt_ratio": 15.77,
            "inventory_turnover_ratio": 1.3,
            "account_receivable_turnover_ratio": 0.95,
            "reinvestment_rate": null,
            "research_to_sale_ratio": 1.98,
            "price_fair": 3.08,
            "eps_avg_yearly": 1.03,
            "eps_latest_yearly": 0.4,
            "eps_growth_yearly": -25.03
        },
        "20174": {
            "year_quarter": 20174,
            "year": 2017,
            "quarter": 4,
            "eps": -0.41,
            "eps_growth_year": -247.02,
            "eps_4q": 0.36,
            "eps_4q_growth_year": 101.73,
            "roe": -3.23,
            "roe_4q": 2.96,
            "gross_profit": 38347,
            "gross_margin": 30.68,
            "gross_margin_4q_avg": 32.07,
            "net_income": -20591,
            "revenue": 124988,
            "common_shares": 499505,
            "book_valuer_per_share": 12.55,
            "book_valuer_per_share_4q_avg": 12.72,
            "equity": 627013,
            "current_ratio": 405.15,
            "debt_ratio": 19.36,
            "inventory_turnover_ratio": 1.15,
            "account_receivable_turnover_ratio": 0.96,
            "reinvestment_rate": null,
            "research_to_sale_ratio": 2.84,
            "price_fair": 3.08,
            "eps_avg_yearly": 1.03,
            "eps_latest_yearly": 0.4,
            "eps_growth_yearly": -25.03
        },
        "20181": {
            "year_quarter": 20181,
            "year": 2018,
            "quarter": 1,
            "eps": -0.09,
            "eps_growth_year": -117.31,
            "eps_4q": -0.24,
            "eps_4q_growth_year": -129.7,
            "roe": -0.71,
            "roe_4q": -1.92,
            "gross_profit": 37398,
            "gross_margin": 29.96,
            "gross_margin_4q_avg": 30.29,
            "net_income": -4488,
            "revenue": 124838,
            "common_shares": 499505,
            "book_valuer_per_share": 12.61,
            "book_valuer_per_share_4q_avg": 12.72,
            "equity": 629653,
            "current_ratio": 452.01,
            "debt_ratio": 17.08,
            "inventory_turnover_ratio": 1.08,
            "account_receivable_turnover_ratio": 1.05,
            "reinvestment_rate": null,
            "research_to_sale_ratio": 2.63,
            "price_fair": 3.08,
            "eps_avg_yearly": 1.03,
            "eps_latest_yearly": 0.4,
            "eps_growth_yearly": -25.03
        },
        "20182": {
            "year_quarter": 20182,
            "year": 2018,
            "quarter": 2,
            "eps": -0.72,
            "eps_growth_year": -580,
            "eps_4q": -1.12,
            "eps_4q_growth_year": -218.79,
            "roe": -5.97,
            "roe_4q": -9.08,
            "gross_profit": 20773,
            "gross_margin": 17.11,
            "gross_margin_4q_avg": 25.77,
            "net_income": -35874,
            "revenue": 121434,
            "common_shares": 499505,
            "book_valuer_per_share": 11.55,
            "book_valuer_per_share_4q_avg": 12.41,
            "equity": 571226,
            "current_ratio": 375.46,
            "debt_ratio": 20.2,
            "inventory_turnover_ratio": 1.21,
            "account_receivable_turnover_ratio": 1.06,
            "reinvestment_rate": null,
            "research_to_sale_ratio": 3.67,
            "price_fair": 3.08,
            "eps_avg_yearly": 1.03,
            "eps_latest_yearly": 0.4,
            "eps_growth_yearly": -25.03
        },
        "20183": {
            "year_quarter": 20183,
            "year": 2018,
            "quarter": 3,
            "eps": -0.82,
            "eps_growth_year": -920,
            "eps_4q": -2.05,
            "eps_4q_growth_year": -294.75,
            "roe": -7.36,
            "roe_4q": -17.27,
            "gross_profit": 33602,
            "gross_margin": 25.44,
            "gross_margin_4q_avg": 25.8,
            "net_income": -40554,
            "revenue": 132096,
            "common_shares": 499505,
            "book_valuer_per_share": 10.72,
            "book_valuer_per_share_4q_avg": 11.86,
            "equity": 530508,
            "current_ratio": 370.81,
            "debt_ratio": 21.82,
            "inventory_turnover_ratio": 1.19,
            "account_receivable_turnover_ratio": 1.06,
            "reinvestment_rate": null,
            "research_to_sale_ratio": 2.68,
            "price_fair": 3.08,
            "eps_avg_yearly": 1.03,
            "eps_latest_yearly": 0.4,
            "eps_growth_yearly": -25.03
        },
        "20184": {
            "year_quarter": 20184,
            "year": 2018,
            "quarter": 4,
            "eps": 0.38,
            "eps_growth_year": null,
            "eps_4q": -1.26,
            "eps_4q_growth_year": -447.89,
            "roe": 3.54,
            "roe_4q": -10.5,
            "gross_profit": 45105,
            "gross_margin": 29.48,
            "gross_margin_4q_avg": 25.5,
            "net_income": 18777,
            "revenue": 153015,
            "common_shares": 499505,
            "book_valuer_per_share": 10.72,
            "book_valuer_per_share_4q_avg": 11.4,
            "equity": 530488,
            "current_ratio": 519.26,
            "debt_ratio": 15.76,
            "inventory_turnover_ratio": 1.54,
            "account_receivable_turnover_ratio": 1.13,
            "reinvestment_rate": null,
            "research_to_sale_ratio": 1.76,
            "price_fair": 3.08,
            "eps_avg_yearly": 1.03,
            "eps_latest_yearly": 0.4,
            "eps_growth_yearly": -25.03
        },
        "20191": {
            "year_quarter": 20191,
            "year": 2019,
            "quarter": 1,
            "eps": -0.04,
            "eps_growth_year": null,
            "eps_4q": -1.21,
            "eps_4q_growth_year": null,
            "roe": -0.38,
            "roe_4q": -10.17,
            "gross_profit": 30486,
            "gross_margin": 29.1,
            "gross_margin_4q_avg": 25.28,
            "net_income": -1994,
            "revenue": 104771,
            "common_shares": 499505,
            "book_valuer_per_share": 10.75,
            "book_valuer_per_share_4q_avg": 10.94,
            "equity": 531877,
            "current_ratio": 404.39,
            "debt_ratio": 20.59,
            "inventory_turnover_ratio": 1.05,
            "account_receivable_turnover_ratio": 0.85,
            "reinvestment_rate": null,
            "research_to_sale_ratio": 2.25,
            "price_fair": 3.08,
            "eps_avg_yearly": 1.03,
            "eps_latest_yearly": 0.4,
            "eps_growth_yearly": -25.03
        },
        "20192": {
            "year_quarter": 20192,
            "year": 2019,
            "quarter": 2,
            "eps": 0.1,
            "eps_growth_year": null,
            "eps_4q": -0.38,
            "eps_4q_growth_year": null,
            "roe": 0.95,
            "roe_4q": -3.25,
            "gross_profit": 32521,
            "gross_margin": 28.63,
            "gross_margin_4q_avg": 28.16,
            "net_income": 5063,
            "revenue": 113596,
            "common_shares": 499505,
            "book_valuer_per_share": 10.89,
            "book_valuer_per_share_4q_avg": 10.77,
            "equity": 538779,
            "current_ratio": 445.44,
            "debt_ratio": 18.94,
            "inventory_turnover_ratio": 0.83,
            "account_receivable_turnover_ratio": 1.1,
            "reinvestment_rate": null,
            "research_to_sale_ratio": 2.08,
            "price_fair": 3.08,
            "eps_avg_yearly": 1.03,
            "eps_latest_yearly": 0.4,
            "eps_growth_yearly": -25.03
        },
        "20193": {
            "year_quarter": 20193,
            "year": 2019,
            "quarter": 3,
            "eps": 0,
            "eps_growth_year": null,
            "eps_4q": 0.44,
            "eps_4q_growth_year": null,
            "roe": 0.02,
            "roe_4q": 4.13,
            "gross_profit": 31391,
            "gross_margin": 30.69,
            "gross_margin_4q_avg": 29.48,
            "net_income": 122,
            "revenue": 102292,
            "common_shares": 499505,
            "book_valuer_per_share": 10.89,
            "book_valuer_per_share_4q_avg": 10.81,
            "equity": 538691,
            "current_ratio": 498.27,
            "debt_ratio": 16.76,
            "inventory_turnover_ratio": 0.63,
            "account_receivable_turnover_ratio": 1,
            "reinvestment_rate": null,
            "research_to_sale_ratio": 2.69,
            "price_fair": 3.08,
            "eps_avg_yearly": 1.03,
            "eps_latest_yearly": 0.4,
            "eps_growth_yearly": -25.03
        },
        "20194": {
            "year_quarter": 20194,
            "year": 2019,
            "quarter": 4,
            "eps": 0.45,
            "eps_growth_year": 17.88,
            "eps_4q": 0.51,
            "eps_4q_growth_year": null,
            "roe": 4.03,
            "roe_4q": 4.62,
            "gross_profit": 43015,
            "gross_margin": 38.3,
            "gross_margin_4q_avg": 31.68,
            "net_income": 22135,
            "revenue": 112311,
            "common_shares": 499505,
            "book_valuer_per_share": 11.34,
            "book_valuer_per_share_4q_avg": 10.97,
            "equity": 560738,
            "current_ratio": 537.12,
            "debt_ratio": 16.13,
            "inventory_turnover_ratio": 0.55,
            "account_receivable_turnover_ratio": 1.11,
            "reinvestment_rate": null,
            "research_to_sale_ratio": 2.49,
            "price_fair": 3.08,
            "eps_avg_yearly": 1.03,
            "eps_latest_yearly": 0.4,
            "eps_growth_yearly": -25.03
        },
        "20201": {
            "year_quarter": 20201,
            "year": 2020,
            "quarter": 1,
            "eps": 0.07,
            "eps_growth_year": null,
            "eps_4q": 0.62,
            "eps_4q_growth_year": null,
            "roe": 0.63,
            "roe_4q": 5.63,
            "gross_profit": 31947,
            "gross_margin": 36.26,
            "gross_margin_4q_avg": 33.47,
            "net_income": 3533,
            "revenue": 88096,
            "common_shares": 499505,
            "book_valuer_per_share": 11.41,
            "book_valuer_per_share_4q_avg": 11.13,
            "equity": 564408,
            "current_ratio": 646.19,
            "debt_ratio": 13.48,
            "inventory_turnover_ratio": 0.4,
            "account_receivable_turnover_ratio": 0.87,
            "reinvestment_rate": -65556.32,
            "research_to_sale_ratio": 2.51,
            "price_fair": 2.52,
            "eps_avg_yearly": 0.84,
            "eps_latest_yearly": 0.28,
            "eps_growth_yearly": -103.22
        },
        "20202": {
            "year_quarter": 20202,
            "year": 2020,
            "quarter": 2,
            "eps": 0.05,
            "eps_growth_year": -50,
            "eps_4q": 0.57,
            "eps_4q_growth_year": null,
            "roe": 0.44,
            "roe_4q": 5.12,
            "gross_profit": 28610,
            "gross_margin": 33.9,
            "gross_margin_4q_avg": 34.79,
            "net_income": 2469,
            "revenue": 84390,
            "common_shares": 499505,
            "book_valuer_per_share": 11.3,
            "book_valuer_per_share_4q_avg": 11.24,
            "equity": 559197,
            "current_ratio": 550.94,
            "debt_ratio": 15.49,
            "inventory_turnover_ratio": 0.38,
            "account_receivable_turnover_ratio": 0.88,
            "reinvestment_rate": -4947.48,
            "research_to_sale_ratio": 2.16,
            "price_fair": 2.14,
            "eps_avg_yearly": 0.71,
            "eps_latest_yearly": 0.2,
            "eps_growth_yearly": -105.43
        },
        "20203": {
            "year_quarter": 20203,
            "year": 2020,
            "quarter": 3,
            "eps": -0.01,
            "eps_growth_year": null,
            "eps_4q": 0.55,
            "eps_4q_growth_year": 24.95,
            "roe": -0.12,
            "roe_4q": 4.98,
            "gross_profit": 29880,
            "gross_margin": 33.86,
            "gross_margin_4q_avg": 35.58,
            "net_income": -688,
            "revenue": 88247,
            "common_shares": 499505,
            "book_valuer_per_share": 11.21,
            "book_valuer_per_share_4q_avg": 11.32,
            "equity": 554412,
            "current_ratio": 626.9,
            "debt_ratio": 10.92,
            "inventory_turnover_ratio": 0.4,
            "account_receivable_turnover_ratio": 1,
            "reinvestment_rate": -10729.04,
            "research_to_sale_ratio": 2.27,
            "price_fair": 2.14,
            "eps_avg_yearly": 0.71,
            "eps_latest_yearly": 0.2,
            "eps_growth_yearly": -105.43
        },
        "20204": {
            "year_quarter": 20204,
            "year": 2020,
            "quarter": 4,
            "eps": 0.23,
            "eps_growth_year": -48.74,
            "eps_4q": 0.34,
            "eps_4q_growth_year": -34.21,
            "roe": 2.02,
            "roe_4q": 2.9699999999999998,
            "gross_profit": 35790,
            "gross_margin": 33.4,
            "gross_margin_4q_avg": 34.36,
            "net_income": 11347,
            "revenue": 107148,
            "common_shares": 499505,
            "book_valuer_per_share": 11.46,
            "book_valuer_per_share_4q_avg": 11.35,
            "equity": 566838,
            "current_ratio": 547.32,
            "debt_ratio": 12.43,
            "inventory_turnover_ratio": 0.48,
            "account_receivable_turnover_ratio": 1.17,
            "reinvestment_rate": null,
            "research_to_sale_ratio": 3.35,
            "price_fair": 2.14,
            "eps_avg_yearly": 0.71,
            "eps_latest_yearly": 0.2,
            "eps_growth_yearly": -105.43
        },
        "20211": {
            "year_quarter": 20211,
            "year": 2021,
            "quarter": 1,
            "eps": 0.16,
            "eps_growth_year": 128.57,
            "eps_4q": 0.42,
            "eps_4q_growth_year": -32.58,
            "roe": 1.34,
            "roe_4q": 3.68,
            "gross_profit": 32684,
            "gross_margin": 36.38,
            "gross_margin_4q_avg": 34.39,
            "net_income": 7674,
            "revenue": 89838,
            "common_shares": 499505,
            "book_valuer_per_share": 11.7,
            "book_valuer_per_share_4q_avg": 11.42,
            "equity": 578687,
            "current_ratio": 533.21,
            "debt_ratio": 12.78,
            "inventory_turnover_ratio": 0.34,
            "account_receivable_turnover_ratio": 0.95,
            "reinvestment_rate": null,
            "research_to_sale_ratio": 1.98,
            "price_fair": 1.27,
            "eps_avg_yearly": 0.42,
            "eps_latest_yearly": 0.64,
            "eps_growth_yearly": -198.35
        },
        "20212": {
            "year_quarter": 20212,
            "year": 2021,
            "quarter": 2,
            "eps": 0.23,
            "eps_growth_year": 360,
            "eps_4q": 0.6,
            "eps_4q_growth_year": 5.05,
            "roe": 1.94,
            "roe_4q": 5.180000000000001,
            "gross_profit": 42605,
            "gross_margin": 32.81,
            "gross_margin_4q_avg": 34.11,
            "net_income": 11354,
            "revenue": 129850,
            "common_shares": 499505,
            "book_valuer_per_share": 11.96,
            "book_valuer_per_share_4q_avg": 11.58,
            "equity": 591774,
            "current_ratio": 737.59,
            "debt_ratio": 9.35,
            "inventory_turnover_ratio": 0.55,
            "account_receivable_turnover_ratio": 1.18,
            "reinvestment_rate": null,
            "research_to_sale_ratio": 1.33,
            "price_fair": 1.46,
            "eps_avg_yearly": 0.49,
            "eps_latest_yearly": 0.92,
            "eps_growth_yearly": -106.43
        },
        "20213": {
            "year_quarter": 20213,
            "year": 2021,
            "quarter": 3,
            "eps": 0,
            "eps_growth_year": null,
            "eps_4q": 0.62,
            "eps_4q_growth_year": 10.9,
            "roe": 0.01,
            "roe_4q": 5.3100000000000005,
            "gross_profit": 24044,
            "gross_margin": 35.94,
            "gross_margin_4q_avg": 34.63,
            "net_income": 67,
            "revenue": 66896,
            "common_shares": 499505,
            "book_valuer_per_share": 11.67,
            "book_valuer_per_share_4q_avg": 11.7,
            "equity": 577309,
            "current_ratio": 597.27,
            "debt_ratio": 9.82,
            "inventory_turnover_ratio": 0.33,
            "account_receivable_turnover_ratio": 0.62,
            "reinvestment_rate": null,
            "research_to_sale_ratio": 2.35,
            "price_fair": 1.53,
            "eps_avg_yearly": 0.51,
            "eps_latest_yearly": 0.92,
            "eps_growth_yearly": -99.7
        },
        "20214": {
            "year_quarter": 20214,
            "year": 2021,
            "quarter": 4,
            "eps": -0.06,
            "eps_growth_year": -125.39,
            "eps_4q": 0.33,
            "eps_4q_growth_year": -2.68,
            "roe": -0.51,
            "roe_4q": 2.7800000000000002,
            "gross_profit": 18227,
            "gross_margin": 28.05,
            "gross_margin_4q_avg": 33.3,
            "net_income": -2881,
            "revenue": 64972,
            "common_shares": 499505,
            "book_valuer_per_share": 11.38,
            "book_valuer_per_share_4q_avg": 11.68,
            "equity": 562956,
            "current_ratio": 412.89,
            "debt_ratio": 13.1,
            "inventory_turnover_ratio": 0.4,
            "account_receivable_turnover_ratio": 0.81,
            "reinvestment_rate": null,
            "research_to_sale_ratio": 4.88,
            "price_fair": 1.53,
            "eps_avg_yearly": 0.51,
            "eps_latest_yearly": 0.92,
            "eps_growth_yearly": -99.7
        },
        "20221": {
            "year_quarter": 20221,
            "year": 2022,
            "quarter": 1,
            "eps": -0.09,
            "eps_growth_year": -156.25,
            "eps_4q": 0.08,
            "eps_4q_growth_year": -81.42,
            "roe": -0.84,
            "roe_4q": 0.5999999999999999,
            "gross_profit": 17888,
            "gross_margin": 31.25,
            "gross_margin_4q_avg": 32.01,
            "net_income": -4675,
            "revenue": 57236,
            "common_shares": 499505,
            "book_valuer_per_share": 11.12,
            "book_valuer_per_share_4q_avg": 11.53,
            "equity": 549906,
            "current_ratio": 428.87,
            "debt_ratio": 11.48,
            "inventory_turnover_ratio": 0.37,
            "account_receivable_turnover_ratio": 0.86,
            "reinvestment_rate": null,
            "research_to_sale_ratio": 1.79,
            "price_fair": 1.53,
            "eps_avg_yearly": 0.51,
            "eps_latest_yearly": 0.92,
            "eps_growth_yearly": -99.7
        },
        "20222": {
            "year_quarter": 20222,
            "year": 2022,
            "quarter": 2,
            "eps": 0.1,
            "eps_growth_year": -56.52,
            "eps_4q": -0.05,
            "eps_4q_growth_year": -108.33,
            "roe": 0.92,
            "roe_4q": -0.41999999999999993,
            "gross_profit": 20071,
            "gross_margin": 30.66,
            "gross_margin_4q_avg": 31.48,
            "net_income": 5017,
            "revenue": 65465,
            "common_shares": 499505,
            "book_valuer_per_share": 10.9,
            "book_valuer_per_share_4q_avg": 11.27,
            "equity": 539364,
            "current_ratio": 352.74,
            "debt_ratio": 15.17,
            "inventory_turnover_ratio": 0.38,
            "account_receivable_turnover_ratio": 1.09,
            "reinvestment_rate": -119.51,
            "research_to_sale_ratio": 1.62,
            "price_fair": 1.53,
            "eps_avg_yearly": 0.51,
            "eps_latest_yearly": 0.92,
            "eps_growth_yearly": -99.7
        },
        "20223": {
            "year_quarter": 20223,
            "year": 2022,
            "quarter": 3,
            "eps": 0,
            "eps_growth_year": null,
            "eps_4q": -0.06,
            "eps_4q_growth_year": -109.13,
            "roe": -0.04,
            "roe_4q": -0.47,
            "gross_profit": 13812,
            "gross_margin": 23.01,
            "gross_margin_4q_avg": 28.24,
            "net_income": -239,
            "revenue": 60022,
            "common_shares": 499505,
            "book_valuer_per_share": 11.25,
            "book_valuer_per_share_4q_avg": 11.16,
            "equity": 556716,
            "current_ratio": 488.49,
            "debt_ratio": 10.14,
            "inventory_turnover_ratio": 0.35,
            "account_receivable_turnover_ratio": 1.1,
            "reinvestment_rate": -17.35,
            "research_to_sale_ratio": 1.64,
            "price_fair": 1.53,
            "eps_avg_yearly": 0.51,
            "eps_latest_yearly": 0.92,
            "eps_growth_yearly": -99.7
        },
        "20224": {
            "year_quarter": 20224,
            "year": 2022,
            "quarter": 4,
            "eps": -0.14,
            "eps_growth_year": null,
            "eps_4q": -0.14,
            "eps_4q_growth_year": -141.88,
            "roe": -1.26,
            "roe_4q": -1.22,
            "gross_profit": 13988,
            "gross_margin": 18.69,
            "gross_margin_4q_avg": 25.9,
            "net_income": -6894,
            "revenue": 74824,
            "common_shares": 499505,
            "book_valuer_per_share": 10.91,
            "book_valuer_per_share_4q_avg": 11.05,
            "equity": 539516,
            "current_ratio": 434.7,
            "debt_ratio": 11.37,
            "inventory_turnover_ratio": 0.52,
            "account_receivable_turnover_ratio": 1.32,
            "reinvestment_rate": 11.05,
            "research_to_sale_ratio": 2.26,
            "price_fair": 1.53,
            "eps_avg_yearly": 0.51,
            "eps_latest_yearly": 0.92,
            "eps_growth_yearly": -99.7
        },
        "20231": {
            "year_quarter": 20231,
            "year": 2023,
            "quarter": 1,
            "eps": -0.29,
            "eps_growth_year": null,
            "eps_4q": -0.33,
            "eps_4q_growth_year": -521.79,
            "roe": -2.66,
            "roe_4q": -3.04,
            "gross_profit": 6207,
            "gross_margin": 12.3,
            "gross_margin_4q_avg": 21.17,
            "net_income": -14186,
            "revenue": 50467,
            "common_shares": 499505,
            "book_valuer_per_share": 10.69,
            "book_valuer_per_share_4q_avg": 10.94,
            "equity": 528640,
            "current_ratio": 442.18,
            "debt_ratio": 10.78,
            "inventory_turnover_ratio": 0.46,
            "account_receivable_turnover_ratio": 0.85,
            "reinvestment_rate": 15.6,
            "research_to_sale_ratio": 2.13,
            "price_fair": 1.53,
            "eps_avg_yearly": 0.51,
            "eps_latest_yearly": 0.92,
            "eps_growth_yearly": -99.7
        }
    },
    "months": {
        "2001-06": {
            "month": "2001-06",
            "price": "19.31",
            "revenue": 41602
        },
        "2001-07": {
            "month": "2001-07",
            "price": "16.28",
            "revenue": 38152
        },
        "2001-08": {
            "month": "2001-08",
            "price": "15.21",
            "revenue": 30144
        },
        "2001-09": {
            "month": "2001-09",
            "price": "11.41",
            "revenue": 31779
        },
        "2001-10": {
            "month": "2001-10",
            "price": "9.41",
            "revenue": 33762
        },
        "2001-11": {
            "month": "2001-11",
            "price": "11.62",
            "revenue": 29946
        },
        "2001-12": {
            "month": "2001-12",
            "price": "16.20",
            "revenue": 26558
        },
        "2002-01": {
            "month": "2002-01",
            "price": "17.91",
            "revenue": 29767
        },
        "2002-02": {
            "month": "2002-02",
            "price": "17.30",
            "revenue": 22036
        },
        "2002-03": {
            "month": "2002-03",
            "price": "17.08",
            "revenue": 17506
        },
        "2002-04": {
            "month": "2002-04",
            "price": "18.90",
            "revenue": 22392
        },
        "2002-05": {
            "month": "2002-05",
            "price": "14.42",
            "revenue": 15649
        },
        "2002-06": {
            "month": "2002-06",
            "price": "13.26",
            "revenue": 13772
        },
        "2002-07": {
            "month": "2002-07",
            "price": "10.40",
            "revenue": 14242
        },
        "2002-08": {
            "month": "2002-08",
            "price": "8.82",
            "revenue": 13685
        },
        "2002-09": {
            "month": "2002-09",
            "price": "8.46",
            "revenue": 16298
        },
        "2002-10": {
            "month": "2002-10",
            "price": "8.02",
            "revenue": 15239
        },
        "2002-11": {
            "month": "2002-11",
            "price": "8.02",
            "revenue": 14342
        },
        "2002-12": {
            "month": "2002-12",
            "price": "7.81",
            "revenue": 11381
        },
        "2003-01": {
            "month": "2003-01",
            "price": "7.92",
            "revenue": 14854
        },
        "2003-02": {
            "month": "2003-02",
            "price": "7.37",
            "revenue": 12096
        },
        "2003-03": {
            "month": "2003-03",
            "price": "7.38",
            "revenue": 16043
        },
        "2003-04": {
            "month": "2003-04",
            "price": "6.85",
            "revenue": 16324
        },
        "2003-05": {
            "month": "2003-05",
            "price": "5.95",
            "revenue": 12361
        },
        "2003-06": {
            "month": "2003-06",
            "price": "7.09",
            "revenue": 12055
        },
        "2003-07": {
            "month": "2003-07",
            "price": "8.07",
            "revenue": 16836
        },
        "2003-08": {
            "month": "2003-08",
            "price": "7.24",
            "revenue": 15873
        },
        "2003-09": {
            "month": "2003-09",
            "price": "6.26",
            "revenue": 20769
        },
        "2003-10": {
            "month": "2003-10",
            "price": "6.64",
            "revenue": 14958
        },
        "2003-11": {
            "month": "2003-11",
            "price": "7.63",
            "revenue": 15569
        },
        "2003-12": {
            "month": "2003-12",
            "price": "8.16",
            "revenue": 20961
        },
        "2004-01": {
            "month": "2004-01",
            "price": "9.21",
            "revenue": 12903
        },
        "2004-02": {
            "month": "2004-02",
            "price": "10.12",
            "revenue": 12910
        },
        "2004-03": {
            "month": "2004-03",
            "price": "11.73",
            "revenue": 16236
        },
        "2004-04": {
            "month": "2004-04",
            "price": "10.08",
            "revenue": 15936
        },
        "2004-05": {
            "month": "2004-05",
            "price": "8.23",
            "revenue": 15122
        },
        "2004-06": {
            "month": "2004-06",
            "price": "6.97",
            "revenue": 15327
        },
        "2004-07": {
            "month": "2004-07",
            "price": "6.08",
            "revenue": 18014
        },
        "2004-08": {
            "month": "2004-08",
            "price": "5.98",
            "revenue": 15131
        },
        "2004-09": {
            "month": "2004-09",
            "price": "4.82",
            "revenue": 15141
        },
        "2004-10": {
            "month": "2004-10",
            "price": "4.78",
            "revenue": 16600
        },
        "2004-11": {
            "month": "2004-11",
            "price": "4.61",
            "revenue": 14885
        },
        "2004-12": {
            "month": "2004-12",
            "price": "3.95",
            "revenue": 15967
        },
        "2005-01": {
            "month": "2005-01",
            "price": "3.82",
            "revenue": 17054
        },
        "2005-02": {
            "month": "2005-02",
            "price": "3.96",
            "revenue": 13347
        },
        "2005-03": {
            "month": "2005-03",
            "price": "4.40",
            "revenue": 14454
        },
        "2005-04": {
            "month": "2005-04",
            "price": "4.11",
            "revenue": 15222
        },
        "2005-05": {
            "month": "2005-05",
            "price": "3.64",
            "revenue": 13962
        },
        "2005-06": {
            "month": "2005-06",
            "price": "3.87",
            "revenue": 15651
        },
        "2005-07": {
            "month": "2005-07",
            "price": "3.95",
            "revenue": 16454
        },
        "2005-08": {
            "month": "2005-08",
            "price": "3.53",
            "revenue": 20052
        },
        "2005-09": {
            "month": "2005-09",
            "price": "3.02",
            "revenue": 19845
        },
        "2005-10": {
            "month": "2005-10",
            "price": "3.05",
            "revenue": 18562
        },
        "2005-11": {
            "month": "2005-11",
            "price": "3.17",
            "revenue": 18702
        },
        "2005-12": {
            "month": "2005-12",
            "price": "3.33",
            "revenue": 16172
        },
        "2006-01": {
            "month": "2006-01",
            "price": "3.90",
            "revenue": 12784
        },
        "2006-02": {
            "month": "2006-02",
            "price": "4.24",
            "revenue": 12722
        },
        "2006-03": {
            "month": "2006-03",
            "price": "3.99",
            "revenue": 16606
        },
        "2006-04": {
            "month": "2006-04",
            "price": "3.96",
            "revenue": 16783
        },
        "2006-05": {
            "month": "2006-05",
            "price": "4.25",
            "revenue": 11486
        },
        "2006-06": {
            "month": "2006-06",
            "price": "4.23",
            "revenue": 16192
        },
        "2006-07": {
            "month": "2006-07",
            "price": "4.26",
            "revenue": 18212
        },
        "2006-08": {
            "month": "2006-08",
            "price": "4.88",
            "revenue": 19362
        },
        "2006-09": {
            "month": "2006-09",
            "price": "4.89",
            "revenue": 22678
        },
        "2006-10": {
            "month": "2006-10",
            "price": "5.84",
            "revenue": 18949
        },
        "2006-11": {
            "month": "2006-11",
            "price": "6.08",
            "revenue": 21933
        },
        "2006-12": {
            "month": "2006-12",
            "price": "7.21",
            "revenue": 18285
        },
        "2007-01": {
            "month": "2007-01",
            "price": "8.05",
            "revenue": 23449
        },
        "2007-02": {
            "month": "2007-02",
            "price": "7.84",
            "revenue": 15829
        },
        "2007-03": {
            "month": "2007-03",
            "price": "8.52",
            "revenue": 23636
        },
        "2007-04": {
            "month": "2007-04",
            "price": "9.67",
            "revenue": 22946
        },
        "2007-05": {
            "month": "2007-05",
            "price": "9.53",
            "revenue": 17723
        },
        "2007-06": {
            "month": "2007-06",
            "price": "9.36",
            "revenue": 18381
        },
        "2007-07": {
            "month": "2007-07",
            "price": "11.25",
            "revenue": 21740
        },
        "2007-08": {
            "month": "2007-08",
            "price": "9.62",
            "revenue": 25539
        },
        "2007-09": {
            "month": "2007-09",
            "price": "8.69",
            "revenue": 21806
        },
        "2007-10": {
            "month": "2007-10",
            "price": "8.81",
            "revenue": 21868
        },
        "2007-11": {
            "month": "2007-11",
            "price": "7.82",
            "revenue": 25680
        },
        "2007-12": {
            "month": "2007-12",
            "price": "7.29",
            "revenue": 22927
        },
        "2008-01": {
            "month": "2008-01",
            "price": "6.68",
            "revenue": 22341
        },
        "2008-02": {
            "month": "2008-02",
            "price": "6.68",
            "revenue": 17244
        },
        "2008-03": {
            "month": "2008-03",
            "price": "6.53",
            "revenue": 23187
        },
        "2008-04": {
            "month": "2008-04",
            "price": "6.34",
            "revenue": 22132
        },
        "2008-05": {
            "month": "2008-05",
            "price": "6.69",
            "revenue": 23338
        },
        "2008-06": {
            "month": "2008-06",
            "price": "7.10",
            "revenue": 26150
        },
        "2008-07": {
            "month": "2008-07",
            "price": "5.05",
            "revenue": 21576
        },
        "2008-08": {
            "month": "2008-08",
            "price": "4.70",
            "revenue": 27973
        },
        "2008-09": {
            "month": "2008-09",
            "price": "3.98",
            "revenue": 24933
        },
        "2008-10": {
            "month": "2008-10",
            "price": "3.53",
            "revenue": 23179
        },
        "2008-11": {
            "month": "2008-11",
            "price": "3.26",
            "revenue": 18503
        },
        "2008-12": {
            "month": "2008-12",
            "price": "3.61",
            "revenue": 15745
        },
        "2009-01": {
            "month": "2009-01",
            "price": "3.91",
            "revenue": 9732
        },
        "2009-02": {
            "month": "2009-02",
            "price": "4.01",
            "revenue": 15470
        },
        "2009-03": {
            "month": "2009-03",
            "price": "3.75",
            "revenue": 17040
        },
        "2009-04": {
            "month": "2009-04",
            "price": "4.70",
            "revenue": 19391
        },
        "2009-05": {
            "month": "2009-05",
            "price": "4.62",
            "revenue": 14900
        },
        "2009-06": {
            "month": "2009-06",
            "price": "5.17",
            "revenue": 20986
        },
        "2009-07": {
            "month": "2009-07",
            "price": "5.62",
            "revenue": 22185
        },
        "2009-08": {
            "month": "2009-08",
            "price": "5.81",
            "revenue": 26771
        },
        "2009-09": {
            "month": "2009-09",
            "price": "6.46",
            "revenue": 27345
        },
        "2009-10": {
            "month": "2009-10",
            "price": "9.24",
            "revenue": 26150
        },
        "2009-11": {
            "month": "2009-11",
            "price": "10.44",
            "revenue": 22956
        },
        "2009-12": {
            "month": "2009-12",
            "price": "12.67",
            "revenue": 24796
        },
        "2010-01": {
            "month": "2010-01",
            "price": "13.32",
            "revenue": 28731
        },
        "2010-02": {
            "month": "2010-02",
            "price": "11.60",
            "revenue": 18870
        },
        "2010-03": {
            "month": "2010-03",
            "price": "12.52",
            "revenue": 29052
        },
        "2010-04": {
            "month": "2010-04",
            "price": "13.57",
            "revenue": 33862
        },
        "2010-05": {
            "month": "2010-05",
            "price": "12.85",
            "revenue": 23155
        },
        "2010-06": {
            "month": "2010-06",
            "price": "12.59",
            "revenue": 26235
        },
        "2010-07": {
            "month": "2010-07",
            "price": "12.35",
            "revenue": 32430
        },
        "2010-08": {
            "month": "2010-08",
            "price": "12.69",
            "revenue": 24112
        },
        "2010-09": {
            "month": "2010-09",
            "price": "12.27",
            "revenue": 23729
        },
        "2010-10": {
            "month": "2010-10",
            "price": "11.25",
            "revenue": 21862
        },
        "2010-11": {
            "month": "2010-11",
            "price": "11.19",
            "revenue": 26682
        },
        "2010-12": {
            "month": "2010-12",
            "price": "11.07",
            "revenue": 23112
        },
        "2011-01": {
            "month": "2011-01",
            "price": "10.86",
            "revenue": 23877
        },
        "2011-02": {
            "month": "2011-02",
            "price": "10.72",
            "revenue": 14582
        },
        "2011-03": {
            "month": "2011-03",
            "price": "10.20",
            "revenue": 35134
        },
        "2011-04": {
            "month": "2011-04",
            "price": "10.21",
            "revenue": 28175
        },
        "2011-05": {
            "month": "2011-05",
            "price": "11.46",
            "revenue": 29206
        },
        "2011-06": {
            "month": "2011-06",
            "price": "14.02",
            "revenue": 29263
        },
        "2011-07": {
            "month": "2011-07",
            "price": "16.65",
            "revenue": 24555
        },
        "2011-08": {
            "month": "2011-08",
            "price": "20.18",
            "revenue": 25893
        },
        "2011-09": {
            "month": "2011-09",
            "price": "22.20",
            "revenue": 25144
        },
        "2011-10": {
            "month": "2011-10",
            "price": "27.43",
            "revenue": 20366
        },
        "2011-11": {
            "month": "2011-11",
            "price": "26.10",
            "revenue": 24467
        },
        "2011-12": {
            "month": "2011-12",
            "price": "25.55",
            "revenue": 22224
        },
        "2012-01": {
            "month": "2012-01",
            "price": "24.54",
            "revenue": 19078
        },
        "2012-02": {
            "month": "2012-02",
            "price": "23.58",
            "revenue": 20822
        },
        "2012-03": {
            "month": "2012-03",
            "price": "23.76",
            "revenue": 26145
        },
        "2012-04": {
            "month": "2012-04",
            "price": "23.03",
            "revenue": 24805
        },
        "2012-05": {
            "month": "2012-05",
            "price": "22.02",
            "revenue": 26636
        },
        "2012-06": {
            "month": "2012-06",
            "price": "20.88",
            "revenue": 24824
        },
        "2012-07": {
            "month": "2012-07",
            "price": "21.08",
            "revenue": 24484
        },
        "2012-08": {
            "month": "2012-08",
            "price": "20.10",
            "revenue": 27386
        },
        "2012-09": {
            "month": "2012-09",
            "price": "19.84",
            "revenue": 25711
        },
        "2012-10": {
            "month": "2012-10",
            "price": "21.28",
            "revenue": 17912
        },
        "2012-11": {
            "month": "2012-11",
            "price": "21.66",
            "revenue": 25947
        },
        "2012-12": {
            "month": "2012-12",
            "price": "19.21",
            "revenue": 25222
        },
        "2013-01": {
            "month": "2013-01",
            "price": "13.03",
            "revenue": 30487
        },
        "2013-02": {
            "month": "2013-02",
            "price": "12.90",
            "revenue": 16658
        },
        "2013-03": {
            "month": "2013-03",
            "price": "13.39",
            "revenue": 26507
        },
        "2013-04": {
            "month": "2013-04",
            "price": "14.21",
            "revenue": 28100
        },
        "2013-05": {
            "month": "2013-05",
            "price": "15.98",
            "revenue": 30026
        },
        "2013-06": {
            "month": "2013-06",
            "price": "19.88",
            "revenue": 22703
        },
        "2013-07": {
            "month": "2013-07",
            "price": "18.27",
            "revenue": 27717
        },
        "2013-08": {
            "month": "2013-08",
            "price": "18.59",
            "revenue": 30844
        },
        "2013-09": {
            "month": "2013-09",
            "price": "22.33",
            "revenue": 23841
        },
        "2013-10": {
            "month": "2013-10",
            "price": "26.46",
            "revenue": 21695
        },
        "2013-11": {
            "month": "2013-11",
            "price": "26.65",
            "revenue": 14593
        },
        "2013-12": {
            "month": "2013-12",
            "price": "32.72",
            "revenue": 20851
        },
        "2014-01": {
            "month": "2014-01",
            "price": "41.58",
            "revenue": 23485
        },
        "2014-02": {
            "month": "2014-02",
            "price": "45.54",
            "revenue": 15328
        },
        "2014-03": {
            "month": "2014-03",
            "price": "45.37",
            "revenue": 22993
        },
        "2014-04": {
            "month": "2014-04",
            "price": "46.70",
            "revenue": 20135
        },
        "2014-05": {
            "month": "2014-05",
            "price": "45.32",
            "revenue": 28938
        },
        "2014-06": {
            "month": "2014-06",
            "price": "42.08",
            "revenue": 22166
        },
        "2014-07": {
            "month": "2014-07",
            "price": "41.78",
            "revenue": 25834
        },
        "2014-08": {
            "month": "2014-08",
            "price": "40.15",
            "revenue": 22458
        },
        "2014-09": {
            "month": "2014-09",
            "price": "38.88",
            "revenue": 21969
        },
        "2014-10": {
            "month": "2014-10",
            "price": "33.34",
            "revenue": 18301
        },
        "2014-11": {
            "month": "2014-11",
            "price": "38.62",
            "revenue": 20899
        },
        "2014-12": {
            "month": "2014-12",
            "price": "39.77",
            "revenue": 24941
        },
        "2015-01": {
            "month": "2015-01",
            "price": "38.05",
            "revenue": 27596
        },
        "2015-02": {
            "month": "2015-02",
            "price": "36.24",
            "revenue": 13534
        },
        "2015-03": {
            "month": "2015-03",
            "price": "35.64",
            "revenue": 21743
        },
        "2015-04": {
            "month": "2015-04",
            "price": "32.74",
            "revenue": 19310
        },
        "2015-05": {
            "month": "2015-05",
            "price": "26.93",
            "revenue": 19775
        },
        "2015-06": {
            "month": "2015-06",
            "price": "18.61",
            "revenue": 14907
        },
        "2015-07": {
            "month": "2015-07",
            "price": "14.32",
            "revenue": 16356
        },
        "2015-08": {
            "month": "2015-08",
            "price": "16.32",
            "revenue": 16683
        },
        "2015-09": {
            "month": "2015-09",
            "price": "16.07",
            "revenue": 19830
        },
        "2015-10": {
            "month": "2015-10",
            "price": "19.51",
            "revenue": 16465
        },
        "2015-11": {
            "month": "2015-11",
            "price": "17.28",
            "revenue": 15266
        },
        "2015-12": {
            "month": "2015-12",
            "price": "20.55",
            "revenue": 18046
        },
        "2016-01": {
            "month": "2016-01",
            "price": "18.77",
            "revenue": 22303
        },
        "2016-02": {
            "month": "2016-02",
            "price": "18.87",
            "revenue": 8681
        },
        "2016-03": {
            "month": "2016-03",
            "price": "24.68",
            "revenue": 23839
        },
        "2016-04": {
            "month": "2016-04",
            "price": "34.60",
            "revenue": 18943
        },
        "2016-05": {
            "month": "2016-05",
            "price": "32.19",
            "revenue": 17666
        },
        "2016-06": {
            "month": "2016-06",
            "price": "33.99",
            "revenue": 15978
        },
        "2016-07": {
            "month": "2016-07",
            "price": "32.06",
            "revenue": 19275
        },
        "2016-08": {
            "month": "2016-08",
            "price": "34.06",
            "revenue": 15968
        },
        "2016-09": {
            "month": "2016-09",
            "price": "39.21",
            "revenue": 31206
        },
        "2016-10": {
            "month": "2016-10",
            "price": "47.25",
            "revenue": 42402
        },
        "2016-11": {
            "month": "2016-11",
            "price": "43.41",
            "revenue": 61506
        },
        "2016-12": {
            "month": "2016-12",
            "price": "42.01",
            "revenue": 56015
        },
        "2017-01": {
            "month": "2017-01",
            "price": "42.10",
            "revenue": 51109
        },
        "2017-02": {
            "month": "2017-02",
            "price": "40.94",
            "revenue": 43280
        },
        "2017-03": {
            "month": "2017-03",
            "price": "36.39",
            "revenue": 60629
        },
        "2017-04": {
            "month": "2017-04",
            "price": "32.82",
            "revenue": 50063
        },
        "2017-05": {
            "month": "2017-05",
            "price": "33.44",
            "revenue": 47981
        },
        "2017-06": {
            "month": "2017-06",
            "price": "39.01",
            "revenue": 41348
        },
        "2017-07": {
            "month": "2017-07",
            "price": "37.99",
            "revenue": 41340
        },
        "2017-08": {
            "month": "2017-08",
            "price": "36.58",
            "revenue": 42568
        },
        "2017-09": {
            "month": "2017-09",
            "price": "32.83",
            "revenue": 50254
        },
        "2017-10": {
            "month": "2017-10",
            "price": "30.40",
            "revenue": 32608
        },
        "2017-11": {
            "month": "2017-11",
            "price": "29.23",
            "revenue": 48620
        },
        "2017-12": {
            "month": "2017-12",
            "price": "30.29",
            "revenue": 42039
        },
        "2018-01": {
            "month": "2018-01",
            "price": "30.28",
            "revenue": 50274
        },
        "2018-02": {
            "month": "2018-02",
            "price": "30.21",
            "revenue": 30570
        },
        "2018-03": {
            "month": "2018-03",
            "price": "29.55",
            "revenue": 43901
        },
        "2018-04": {
            "month": "2018-04",
            "price": "33.47",
            "revenue": 35199
        },
        "2018-05": {
            "month": "2018-05",
            "price": "32.00",
            "revenue": 45719
        },
        "2018-06": {
            "month": "2018-06",
            "price": "27.77",
            "revenue": 40506
        },
        "2018-07": {
            "month": "2018-07",
            "price": "26.01",
            "revenue": 49693
        },
        "2018-08": {
            "month": "2018-08",
            "price": "23.62",
            "revenue": 42288
        },
        "2018-09": {
            "month": "2018-09",
            "price": "22.21",
            "revenue": 41406
        },
        "2018-10": {
            "month": "2018-10",
            "price": "18.03",
            "revenue": 69149
        },
        "2018-11": {
            "month": "2018-11",
            "price": "18.78",
            "revenue": 36569
        },
        "2018-12": {
            "month": "2018-12",
            "price": "21.18",
            "revenue": 47963
        },
        "2019-01": {
            "month": "2019-01",
            "price": "21.05",
            "revenue": 52530
        },
        "2019-02": {
            "month": "2019-02",
            "price": "20.18",
            "revenue": 21628
        },
        "2019-03": {
            "month": "2019-03",
            "price": "20.90",
            "revenue": 30612
        },
        "2019-04": {
            "month": "2019-04",
            "price": "20.35",
            "revenue": 38819
        },
        "2019-05": {
            "month": "2019-05",
            "price": "19.99",
            "revenue": 36888
        },
        "2019-06": {
            "month": "2019-06",
            "price": "19.11",
            "revenue": 37883
        },
        "2019-07": {
            "month": "2019-07",
            "price": "19.99",
            "revenue": 34208
        },
        "2019-08": {
            "month": "2019-08",
            "price": "20.42",
            "revenue": 40640
        },
        "2019-09": {
            "month": "2019-09",
            "price": "20.36",
            "revenue": 26445
        },
        "2019-10": {
            "month": "2019-10",
            "price": "20.26",
            "revenue": 36262
        },
        "2019-11": {
            "month": "2019-11",
            "price": "23.04",
            "revenue": 28836
        },
        "2019-12": {
            "month": "2019-12",
            "price": "24.99",
            "revenue": 42958
        },
        "2020-01": {
            "month": "2020-01",
            "price": "27.26",
            "revenue": 27691
        },
        "2020-02": {
            "month": "2020-02",
            "price": "26.88",
            "revenue": 27641
        },
        "2020-03": {
            "month": "2020-03",
            "price": "26.35",
            "revenue": 32761
        },
        "2020-04": {
            "month": "2020-04",
            "price": "24.57",
            "revenue": 29553
        },
        "2020-05": {
            "month": "2020-05",
            "price": "24.93",
            "revenue": 26234
        },
        "2020-06": {
            "month": "2020-06",
            "price": "24.72",
            "revenue": 28605
        },
        "2020-07": {
            "month": "2020-07",
            "price": "25.41",
            "revenue": 27206
        },
        "2020-08": {
            "month": "2020-08",
            "price": "20.48",
            "revenue": 28379
        },
        "2020-09": {
            "month": "2020-09",
            "price": "21.34",
            "revenue": 32662
        },
        "2020-10": {
            "month": "2020-10",
            "price": "20.03",
            "revenue": 34347
        },
        "2020-11": {
            "month": "2020-11",
            "price": "20.31",
            "revenue": 40263
        },
        "2020-12": {
            "month": "2020-12",
            "price": "19.83",
            "revenue": 25427
        },
        "2021-01": {
            "month": "2021-01",
            "price": "19.80",
            "revenue": 34805
        },
        "2021-02": {
            "month": "2021-02",
            "price": "19.17",
            "revenue": 24913
        },
        "2021-03": {
            "month": "2021-03",
            "price": "18.80",
            "revenue": 30120
        },
        "2021-04": {
            "month": "2021-04",
            "price": "19.77",
            "revenue": 33315
        },
        "2021-05": {
            "month": "2021-05",
            "price": "18.90",
            "revenue": 33179
        },
        "2021-06": {
            "month": "2021-06",
            "price": "18.56",
            "revenue": 63356
        },
        "2021-07": {
            "month": "2021-07",
            "price": "19.83",
            "revenue": 20100
        },
        "2021-08": {
            "month": "2021-08",
            "price": "20.29",
            "revenue": 26708
        },
        "2021-09": {
            "month": "2021-09",
            "price": "20.22",
            "revenue": 20088
        },
        "2021-10": {
            "month": "2021-10",
            "price": "20.12",
            "revenue": 23046
        },
        "2021-11": {
            "month": "2021-11",
            "price": "19.55",
            "revenue": 21623
        },
        "2021-12": {
            "month": "2021-12",
            "price": "19.96",
            "revenue": 20303
        },
        "2022-01": {
            "month": "2022-01",
            "price": "19.98",
            "revenue": 25256
        },
        "2022-02": {
            "month": "2022-02",
            "price": "19.90",
            "revenue": 12440
        },
        "2022-03": {
            "month": "2022-03",
            "price": "19.50",
            "revenue": 19540
        },
        "2022-04": {
            "month": "2022-04",
            "price": "20.11",
            "revenue": 24832
        },
        "2022-05": {
            "month": "2022-05",
            "price": "20.21",
            "revenue": 23350
        },
        "2022-06": {
            "month": "2022-06",
            "price": "19.39",
            "revenue": 17284
        },
        "2022-07": {
            "month": "2022-07",
            "price": "17.54",
            "revenue": 13431
        },
        "2022-08": {
            "month": "2022-08",
            "price": "17.70",
            "revenue": 24033
        },
        "2022-09": {
            "month": "2022-09",
            "price": "17.99",
            "revenue": 22449
        },
        "2022-10": {
            "month": "2022-10",
            "price": "17.23",
            "revenue": 25701
        },
        "2022-11": {
            "month": "2022-11",
            "price": "17.18",
            "revenue": 27969
        },
        "2022-12": {
            "month": "2022-12",
            "price": "16.89",
            "revenue": 22262
        },
        "2023-01": {
            "month": "2023-01",
            "price": "16.26",
            "revenue": 14845
        },
        "2023-02": {
            "month": "2023-02",
            "price": "16.66",
            "revenue": 13696
        },
        "2023-03": {
            "month": "2023-03",
            "price": "16.58",
            "revenue": 21926
        },
        "2023-04": {
            "month": "2023-04",
            "price": "16.59",
            "revenue": 21057
        },
        "2023-05": {
            "month": "2023-05",
            "price": "16.05",
            "revenue": 21887
        }
    }
}
