{
    "summary": {
        "stock_name": "中菲",
        "stock_id": "5403",
        "category": "資訊服務",
        "main_business": "各種電腦軟體之設計開發及銷售業務<br>各種電腦硬體設備之代理及銷售業務<br>各種電腦資料之處理服務",
        "website_url": "http://www.ddsc.com.tw",
        "ceo": "張樹義",
        "pe_ratio": 13,
        "report_year_from": 2001,
        "report_year_to": 2023,
        "age": 23,
        "eps_negative_percentage": 0,
        "eps_growth_avg": {
            "last_all": 6.54,
            "last_2y": 8.07,
            "last_4y": 16.78,
            "last_8y": 15.05,
            "last_12y": 11.54,
            "last_16y": 9.94,
            "last_20y": 6.68,
            "at_2006_last_3y": -7.21,
            "at_2007_last_3y": -7.86,
            "at_2008_last_3y": -8.91,
            "at_2009_last_3y": -1.8,
            "at_2010_last_3y": 4.75,
            "at_2011_last_3y": 7.71,
            "at_2012_last_3y": 7.92,
            "at_2013_last_3y": 7.37,
            "at_2014_last_3y": 3.63,
            "at_2015_last_3y": 5.94,
            "at_2016_last_3y": 14.85,
            "at_2017_last_3y": 11.76,
            "at_2018_last_3y": 12.89,
            "at_2019_last_3y": 15.83,
            "at_2020_last_3y": 14.35,
            "at_2021_last_3y": 14.52,
            "at_2022_last_3y": 22.64,
            "at_2023_last_3y": 13.86,
            "at_2024_last_3y": 13.86,
            "at_2006_last_all": -5.05,
            "at_2007_last_all": -4.93,
            "at_2008_last_all": -4.13,
            "at_2009_last_all": 0.09,
            "at_2010_last_all": -0.69,
            "at_2011_last_all": 0.13,
            "at_2012_last_all": 0.25,
            "at_2013_last_all": 2.52,
            "at_2014_last_all": 0.64,
            "at_2015_last_all": 1.79,
            "at_2016_last_all": 4.14,
            "at_2017_last_all": 4.83,
            "at_2018_last_all": 3.52,
            "at_2019_last_all": 4.91,
            "at_2020_last_all": 6.29,
            "at_2021_last_all": 6.77,
            "at_2022_last_all": 7.16,
            "at_2023_last_all": 6.54,
            "at_2024_last_all": 6.54
        },
        "latest_eps": 8.63,
        "latest_price": 114.5,
        "latest_roe": 30.96,
        "latest_gross_margin": 41.26,
        "latest_equity": 2192345,
        "latest_revenue": 726469,
        "latest_gross_profit": 299712,
        "latest_net_income": 166961,
        "latest_debt_ratio": 39.14,
        "latest_current_ratio": 167.02,
        "latest_account_receivable_turnover_ratio": 6.12,
        "latest_inventory_turnover_ratio": 0.48,
        "latest_reinvestment_rate": -7.22,
        "latest_research_to_sale_ratio": 6.14
    },
    "eps_dividends": {
        "1997": {
            "cash": 10,
            "stock": 2,
            "eps": 0
        },
        "1998": {
            "cash": 2.4,
            "stock": 2.4,
            "eps": 0
        },
        "1999": {
            "cash": 2.7,
            "stock": 2.7,
            "eps": 0
        },
        "2000": {
            "cash": 2.5,
            "stock": 2.5,
            "eps": 0
        },
        "2001": {
            "cash": 1.8,
            "stock": 1.8,
            "eps": 2.23
        },
        "2002": {
            "cash": 1.66,
            "stock": 1.66,
            "eps": 2.31
        },
        "2003": {
            "cash": 0.7,
            "stock": 1.01,
            "eps": 2.27
        },
        "2004": {
            "cash": 0.67,
            "stock": 1,
            "eps": 2.38
        },
        "2005": {
            "cash": 0.7,
            "stock": 1,
            "eps": 2.41
        },
        "2006": {
            "cash": 1.35,
            "stock": 0,
            "eps": 1.61
        },
        "2007": {
            "cash": 1.12,
            "stock": 1.12,
            "eps": 1.54
        },
        "2008": {
            "cash": 1.22,
            "stock": 0.5,
            "eps": 1.55
        },
        "2009": {
            "cash": 1.2,
            "stock": 0,
            "eps": 2.01
        },
        "2010": {
            "cash": 1.77,
            "stock": 0,
            "eps": 1.87
        },
        "2011": {
            "cash": 1.79,
            "stock": 0.21,
            "eps": 2.01
        },
        "2012": {
            "cash": 1.01,
            "stock": 0,
            "eps": 2.04
        },
        "2013": {
            "cash": 1.6,
            "stock": 0,
            "eps": 2.6
        },
        "2014": {
            "cash": 2,
            "stock": 0,
            "eps": 2.03
        },
        "2015": {
            "cash": 1,
            "stock": 0,
            "eps": 2.37
        },
        "2016": {
            "cash": 2.6,
            "stock": 0,
            "eps": 3.25
        },
        "2017": {
            "cash": 3,
            "stock": 0,
            "eps": 3.74
        },
        "2018": {
            "cash": 3.4,
            "stock": 0,
            "eps": 3.09
        },
        "2019": {
            "cash": 3,
            "stock": 0,
            "eps": 3.97
        },
        "2020": {
            "cash": 3.1,
            "stock": 0,
            "eps": 5.21
        },
        "2021": {
            "cash": 3,
            "stock": 1,
            "eps": 6.03
        },
        "2022": {
            "cash": 4,
            "stock": 0.5,
            "eps": 6.94
        },
        "2023": {
            "cash": 5,
            "stock": 0,
            "eps": 6.48
        }
    },
    "dividends": {
        "1997-06-21": {
            "cash": 10,
            "stock": 2
        },
        "1998-06-13": {
            "cash": 2.4,
            "stock": 2.4
        },
        "1999-05-20": {
            "cash": 2.7,
            "stock": 2.7
        },
        "2000-05-29": {
            "cash": 2.5,
            "stock": 2.5
        },
        "2001-05-10": {
            "cash": 1.8,
            "stock": 1.8
        },
        "2002-05-27": {
            "cash": 1.66,
            "stock": 1.66
        },
        "2003-05-15": {
            "cash": 0.7,
            "stock": 1.01
        },
        "2004-02-27": {
            "cash": 0.67,
            "stock": 1
        },
        "2005-02-25": {
            "cash": 0.7,
            "stock": 1
        },
        "2006-03-15": {
            "cash": 1.35,
            "stock": 0
        },
        "2007-03-08": {
            "cash": 1.12,
            "stock": 1.12
        },
        "2008-06-13": {
            "cash": 1.22,
            "stock": 0.5
        },
        "2009-03-23": {
            "cash": 1.2,
            "stock": 0
        },
        "2010-06-09": {
            "cash": 1.77,
            "stock": 0
        },
        "2011-06-22": {
            "cash": 1.79,
            "stock": 0.21
        },
        "2012-06-18": {
            "cash": 1.01,
            "stock": 0
        },
        "2013-06-10": {
            "cash": 1.6,
            "stock": 0
        },
        "2014-08-20": {
            "cash": 2,
            "stock": 0
        },
        "2015-08-14": {
            "cash": 1,
            "stock": 0
        },
        "2016-09-02": {
            "cash": 2.6,
            "stock": 0
        },
        "2017-09-14": {
            "cash": 3,
            "stock": 0
        },
        "2018-08-08": {
            "cash": 3.4,
            "stock": 0
        },
        "2019-08-08": {
            "cash": 3,
            "stock": 0
        },
        "2020-08-07": {
            "cash": 3.1,
            "stock": 0
        },
        "2021-09-10": {
            "cash": 3,
            "stock": 1
        },
        "2022-10-31": {
            "cash": 4,
            "stock": 0.5
        },
        "2023-07-14": {
            "cash": 5,
            "stock": 0
        }
    },
    "prices": {
        "200101": "35.80",
        "200102": "39.56",
        "200103": "39.62",
        "200104": "38.88",
        "200105": "35.10",
        "200106": "31.12",
        "200107": "26.74",
        "200108": "22.97",
        "200109": "20.08",
        "200110": "18.03",
        "200111": "21.61",
        "200112": "32.73",
        "200201": "33.30",
        "200202": "32.29",
        "200203": "32.12",
        "200204": "31.70",
        "200205": "26.87",
        "200206": "25.39",
        "200207": "23.24",
        "200208": "23.59",
        "200209": "20.88",
        "200210": "20.34",
        "200211": "21.24",
        "200212": "21.56",
        "200301": "23.49",
        "200302": "21.73",
        "200303": "21.00",
        "200304": "20.17",
        "200305": "16.98",
        "200306": "18.66",
        "200307": "19.43",
        "200308": "16.59",
        "200309": "16.11",
        "200310": "15.98",
        "200311": "17.16",
        "200312": "17.50",
        "200401": "19.38",
        "200402": "21.04",
        "200403": "20.99",
        "200404": "20.45",
        "200405": "18.34",
        "200406": "17.44",
        "200407": "16.33",
        "200408": "15.98",
        "200409": "17.07",
        "200410": "16.82",
        "200411": "15.34",
        "200412": "15.08",
        "200501": "15.04",
        "200502": "15.55",
        "200503": "16.07",
        "200504": "15.41",
        "200505": "15.26",
        "200506": "15.38",
        "200507": "14.55",
        "200508": "13.40",
        "200509": "13.09",
        "200510": "13.08",
        "200511": "12.96",
        "200512": "13.69",
        "200601": "14.31",
        "200602": "14.68",
        "200603": "14.59",
        "200604": "15.08",
        "200605": "15.88",
        "200606": "15.14",
        "200607": "15.25",
        "200608": "13.89",
        "200609": "13.16",
        "200610": "13.05",
        "200611": "13.30",
        "200612": "14.71",
        "200701": "14.62",
        "200702": "13.96",
        "200703": "14.11",
        "200704": "15.67",
        "200705": "14.96",
        "200706": "15.92",
        "200707": "16.64",
        "200708": "15.17",
        "200709": "13.91",
        "200710": "13.84",
        "200711": "13.16",
        "200712": "12.85",
        "200801": "12.97",
        "200802": "13.27",
        "200803": "14.29",
        "200804": "15.45",
        "200805": "16.46",
        "200806": "15.48",
        "200807": "15.26",
        "200808": "15.19",
        "200809": "13.27",
        "200810": "12.36",
        "200811": "11.56",
        "200812": "11.55",
        "200901": "11.56",
        "200902": "11.86",
        "200903": "12.79",
        "200904": "13.40",
        "200905": "13.44",
        "200906": "12.93",
        "200907": "12.54",
        "200908": "12.18",
        "200909": "12.82",
        "200910": "14.19",
        "200911": "19.06",
        "200912": "22.92",
        "201001": "25.72",
        "201002": "24.40",
        "201003": "27.12",
        "201004": "29.40",
        "201005": "23.66",
        "201006": "23.72",
        "201007": "25.54",
        "201008": "25.25",
        "201009": "24.22",
        "201010": "22.72",
        "201011": "20.54",
        "201012": "22.62",
        "201101": "24.29",
        "201102": "24.51",
        "201103": "24.11",
        "201104": "24.33",
        "201105": "24.18",
        "201106": "23.79",
        "201107": "23.04",
        "201108": "19.80",
        "201109": "19.23",
        "201110": "18.56",
        "201111": "17.59",
        "201112": "18.81",
        "201201": "18.87",
        "201202": "20.06",
        "201203": "20.17",
        "201204": "19.46",
        "201205": "18.68",
        "201206": "18.58",
        "201207": "19.53",
        "201208": "20.24",
        "201209": "20.43",
        "201210": "20.29",
        "201211": "20.12",
        "201212": "20.36",
        "201301": "21.07",
        "201302": "21.17",
        "201303": "21.79",
        "201304": "22.45",
        "201305": "22.37",
        "201306": "23.47",
        "201307": "22.87",
        "201308": "23.83",
        "201309": "23.45",
        "201310": "23.27",
        "201311": "24.01",
        "201312": "24.79",
        "201401": "24.79",
        "201402": "25.34",
        "201403": "26.35",
        "201404": "26.63",
        "201405": "24.90",
        "201406": "24.85",
        "201407": "24.15",
        "201408": "21.45",
        "201409": "21.58",
        "201410": "21.35",
        "201411": "21.62",
        "201412": "22.05",
        "201501": "22.62",
        "201502": "22.76",
        "201503": "22.82",
        "201504": "22.52",
        "201505": "22.34",
        "201506": "21.74",
        "201507": "21.62",
        "201508": "20.00",
        "201509": "20.20",
        "201510": "21.92",
        "201511": "22.20",
        "201512": "21.92",
        "201601": "21.73",
        "201602": "22.28",
        "201603": "26.07",
        "201604": "27.86",
        "201605": "27.34",
        "201606": "27.38",
        "201607": "29.74",
        "201608": "31.25",
        "201609": "32.80",
        "201610": "30.92",
        "201611": "29.27",
        "201612": "30.24",
        "201701": "30.80",
        "201702": "31.57",
        "201703": "34.94",
        "201704": "35.22",
        "201705": "36.32",
        "201706": "36.79",
        "201707": "36.56",
        "201708": "37.12",
        "201709": "34.89",
        "201710": "35.40",
        "201711": "37.01",
        "201712": "37.16",
        "201801": "38.42",
        "201802": "38.28",
        "201803": "39.58",
        "201804": "41.16",
        "201805": "40.42",
        "201806": "40.46",
        "201807": "38.02",
        "201808": "36.47",
        "201809": "36.54",
        "201810": "35.27",
        "201811": "34.01",
        "201812": "34.22",
        "201901": "35.10",
        "201902": "36.40",
        "201903": "37.94",
        "201904": "38.32",
        "201905": "38.04",
        "201906": "38.44",
        "201907": "38.63",
        "201908": "38.20",
        "201909": "38.88",
        "201910": "39.46",
        "201911": "40.72",
        "201912": "41.24",
        "202001": "43.27",
        "202002": "44.85",
        "202003": "42.37",
        "202004": "43.20",
        "202005": "47.00",
        "202006": "54.90",
        "202007": "56.00",
        "202008": "53.22",
        "202009": "52.32",
        "202010": "52.29",
        "202011": "54.05",
        "202012": "55.08",
        "202101": "57.42",
        "202102": "58.10",
        "202103": "66.43",
        "202104": "74.33",
        "202105": "67.20",
        "202106": "67.73",
        "202107": "71.82",
        "202108": "65.51",
        "202109": "63.35",
        "202110": "62.78",
        "202111": "66.92",
        "202112": "68.53",
        "202201": "69.49",
        "202202": "68.36",
        "202203": "71.05",
        "202204": "72.90",
        "202205": "71.23",
        "202206": "70.85",
        "202207": "69.15",
        "202208": "71.02",
        "202209": "71.01",
        "202210": "65.38",
        "202211": "66.85",
        "202212": "67.81",
        "202301": "70.64",
        "202302": "74.12",
        "202303": "84.04",
        "202304": "94.45",
        "202305": "102.14",
        "202306": "103.14",
        "202307": "98.88",
        "202308": "104.59",
        "202309": "103.02",
        "202310": "101.50",
        "202311": "103.86",
        "202312": "109.57"
    },
    "quarters": {
        "20011": {
            "year_quarter": 20011,
            "year": 2001,
            "quarter": 1,
            "eps": 0.46,
            "eps_growth_year": 4.55,
            "eps_4q": 2.44,
            "eps_4q_growth_year": -17.36,
            "roe": 3.41,
            "roe_4q": 3.41,
            "gross_profit": 41652,
            "gross_margin": 21.9,
            "gross_margin_4q_avg": 21.9,
            "net_income": 12256,
            "net_income_4q": null,
            "revenue": 190167,
            "revenue_4q": null,
            "common_shares": 266725,
            "book_valuer_per_share": 13.72,
            "book_valuer_per_share_4q_avg": 13.72,
            "equity": 366061,
            "current_ratio": 316.63,
            "debt_ratio": 28.72,
            "inventory_turnover_ratio": 1.43,
            "account_receivable_turnover_ratio": null,
            "reinvestment_rate": null,
            "research_to_sale_ratio": null,
            "price_fair": 0,
            "eps_avg_yearly": 0,
            "eps_latest_yearly": 0,
            "eps_growth_yearly": 0
        },
        "20012": {
            "year_quarter": 20012,
            "year": 2001,
            "quarter": 2,
            "eps": 0.44,
            "eps_growth_year": -48.24,
            "eps_4q": 1.82,
            "eps_4q_growth_year": -24.46,
            "roe": 3.72,
            "roe_4q": 7.130000000000001,
            "gross_profit": 44924,
            "gross_margin": 23.66,
            "gross_margin_4q_avg": 22.78,
            "net_income": 13631,
            "net_income_4q": null,
            "revenue": 189909,
            "revenue_4q": null,
            "common_shares": 266725,
            "book_valuer_per_share": 13.77,
            "book_valuer_per_share_4q_avg": 13.75,
            "equity": 367265,
            "current_ratio": 203.66,
            "debt_ratio": 43.94,
            "inventory_turnover_ratio": 1.35,
            "account_receivable_turnover_ratio": null,
            "reinvestment_rate": null,
            "research_to_sale_ratio": null,
            "price_fair": 0,
            "eps_avg_yearly": 0,
            "eps_latest_yearly": 0,
            "eps_growth_yearly": 0
        },
        "20013": {
            "year_quarter": 20013,
            "year": 2001,
            "quarter": 3,
            "eps": 0.39,
            "eps_growth_year": 85.71,
            "eps_4q": 2.02,
            "eps_4q_growth_year": -2.36,
            "roe": 3.27,
            "roe_4q": 10.4,
            "gross_profit": 47461,
            "gross_margin": 21.99,
            "gross_margin_4q_avg": 22.52,
            "net_income": 12199,
            "net_income_4q": null,
            "revenue": 215863,
            "revenue_4q": null,
            "common_shares": 310781,
            "book_valuer_per_share": 12.2,
            "book_valuer_per_share_4q_avg": 13.23,
            "equity": 379307,
            "current_ratio": 232.27,
            "debt_ratio": 35.25,
            "inventory_turnover_ratio": 1.14,
            "account_receivable_turnover_ratio": null,
            "reinvestment_rate": null,
            "research_to_sale_ratio": null,
            "price_fair": 0,
            "eps_avg_yearly": 0,
            "eps_latest_yearly": 0,
            "eps_growth_yearly": 0
        },
        "20014": {
            "year_quarter": 20014,
            "year": 2001,
            "quarter": 4,
            "eps": 0.94,
            "eps_growth_year": -1.05,
            "eps_4q": 2.16,
            "eps_4q_growth_year": -7.99,
            "roe": 7.45,
            "roe_4q": 17.85,
            "gross_profit": 66768,
            "gross_margin": 29.8,
            "gross_margin_4q_avg": 24.34,
            "net_income": 29352,
            "net_income_4q": null,
            "revenue": 224046,
            "revenue_4q": null,
            "common_shares": 310781,
            "book_valuer_per_share": 13.16,
            "book_valuer_per_share_4q_avg": 13.21,
            "equity": 409050,
            "current_ratio": 243.14,
            "debt_ratio": 34.61,
            "inventory_turnover_ratio": 0.98,
            "account_receivable_turnover_ratio": null,
            "reinvestment_rate": null,
            "research_to_sale_ratio": null,
            "price_fair": 0,
            "eps_avg_yearly": 0,
            "eps_latest_yearly": 0,
            "eps_growth_yearly": 0
        },
        "20021": {
            "year_quarter": 20021,
            "year": 2002,
            "quarter": 1,
            "eps": 0.52,
            "eps_growth_year": 13.04,
            "eps_4q": 2.29,
            "eps_4q_growth_year": -6.12,
            "roe": 3.88,
            "roe_4q": 18.32,
            "gross_profit": 54635,
            "gross_margin": 28.33,
            "gross_margin_4q_avg": 25.95,
            "net_income": 16179,
            "net_income_4q": null,
            "revenue": 192855,
            "revenue_4q": null,
            "common_shares": 310781,
            "book_valuer_per_share": 13.68,
            "book_valuer_per_share_4q_avg": 13.2,
            "equity": 425270,
            "current_ratio": 213.87,
            "debt_ratio": 40.11,
            "inventory_turnover_ratio": 0.74,
            "account_receivable_turnover_ratio": null,
            "reinvestment_rate": null,
            "research_to_sale_ratio": null,
            "price_fair": 6.24,
            "eps_avg_yearly": 2.08,
            "eps_latest_yearly": 2.08,
            "eps_growth_yearly": -178.72
        },
        "20022": {
            "year_quarter": 20022,
            "year": 2002,
            "quarter": 2,
            "eps": 0.38,
            "eps_growth_year": -13.64,
            "eps_4q": 2.24,
            "eps_4q_growth_year": 22.92,
            "roe": 2.78,
            "roe_4q": 17.38,
            "gross_profit": 49426,
            "gross_margin": 24.78,
            "gross_margin_4q_avg": 26.23,
            "net_income": 11798,
            "net_income_4q": null,
            "revenue": 199487,
            "revenue_4q": null,
            "common_shares": 310781,
            "book_valuer_per_share": 13.63,
            "book_valuer_per_share_4q_avg": 13.17,
            "equity": 423733,
            "current_ratio": 219.76,
            "debt_ratio": 38.17,
            "inventory_turnover_ratio": 0.79,
            "account_receivable_turnover_ratio": null,
            "reinvestment_rate": null,
            "research_to_sale_ratio": null,
            "price_fair": 5.4,
            "eps_avg_yearly": 1.8,
            "eps_latest_yearly": 1.52,
            "eps_growth_yearly": -143.21
        },
        "20023": {
            "year_quarter": 20023,
            "year": 2002,
            "quarter": 3,
            "eps": 0.59,
            "eps_growth_year": 51.28,
            "eps_4q": 2.21,
            "eps_4q_growth_year": 9.36,
            "roe": 4.93,
            "roe_4q": 19.04,
            "gross_profit": 60592,
            "gross_margin": 25.63,
            "gross_margin_4q_avg": 27.14,
            "net_income": 20874,
            "net_income_4q": null,
            "revenue": 236423,
            "revenue_4q": null,
            "common_shares": 358806,
            "book_valuer_per_share": 11.78,
            "book_valuer_per_share_4q_avg": 13.06,
            "equity": 422708,
            "current_ratio": 219.6,
            "debt_ratio": 38.75,
            "inventory_turnover_ratio": 0.82,
            "account_receivable_turnover_ratio": null,
            "reinvestment_rate": null,
            "research_to_sale_ratio": null,
            "price_fair": 5.96,
            "eps_avg_yearly": 1.99,
            "eps_latest_yearly": 2.36,
            "eps_growth_yearly": -21.79
        },
        "20024": {
            "year_quarter": 20024,
            "year": 2002,
            "quarter": 4,
            "eps": 0.82,
            "eps_growth_year": -12.77,
            "eps_4q": 2.21,
            "eps_4q_growth_year": 2.48,
            "roe": 6.72,
            "roe_4q": 18.31,
            "gross_profit": 71481,
            "gross_margin": 25.46,
            "gross_margin_4q_avg": 26.05,
            "net_income": 28751,
            "net_income_4q": null,
            "revenue": 280720,
            "revenue_4q": null,
            "common_shares": 358806,
            "book_valuer_per_share": 12.08,
            "book_valuer_per_share_4q_avg": 12.79,
            "equity": 433491,
            "current_ratio": 186.24,
            "debt_ratio": 46.37,
            "inventory_turnover_ratio": 0.76,
            "account_receivable_turnover_ratio": null,
            "reinvestment_rate": 12.1,
            "research_to_sale_ratio": null,
            "price_fair": 75.4,
            "eps_avg_yearly": 2.31,
            "eps_latest_yearly": 3.28,
            "eps_growth_yearly": 22.64
        },
        "20031": {
            "year_quarter": 20031,
            "year": 2003,
            "quarter": 1,
            "eps": 0.19,
            "eps_growth_year": -63.46,
            "eps_4q": 1.96,
            "eps_4q_growth_year": -14.54,
            "roe": 1.51,
            "roe_4q": 15.94,
            "gross_profit": 35464,
            "gross_margin": 16.68,
            "gross_margin_4q_avg": 23.14,
            "net_income": 6593,
            "net_income_4q": null,
            "revenue": 212635,
            "revenue_4q": null,
            "common_shares": 358806,
            "book_valuer_per_share": 12.27,
            "book_valuer_per_share_4q_avg": 12.44,
            "equity": 440080,
            "current_ratio": 200.18,
            "debt_ratio": 43.82,
            "inventory_turnover_ratio": 0.59,
            "account_receivable_turnover_ratio": null,
            "reinvestment_rate": 11.95,
            "research_to_sale_ratio": null,
            "price_fair": 6,
            "eps_avg_yearly": 2,
            "eps_latest_yearly": 0.76,
            "eps_growth_yearly": -43.35
        },
        "20032": {
            "year_quarter": 20032,
            "year": 2003,
            "quarter": 2,
            "eps": 0.46,
            "eps_growth_year": 21.05,
            "eps_4q": 2.13,
            "eps_4q_growth_year": -5.04,
            "roe": 3.57,
            "roe_4q": 16.73,
            "gross_profit": 49537,
            "gross_margin": 19.18,
            "gross_margin_4q_avg": 21.74,
            "net_income": 15518,
            "net_income_4q": null,
            "revenue": 258236,
            "revenue_4q": null,
            "common_shares": 358806,
            "book_valuer_per_share": 11.93,
            "book_valuer_per_share_4q_avg": 12.02,
            "equity": 428141,
            "current_ratio": 217.96,
            "debt_ratio": 40.81,
            "inventory_turnover_ratio": 0.78,
            "account_receivable_turnover_ratio": null,
            "reinvestment_rate": 9.44,
            "research_to_sale_ratio": null,
            "price_fair": 69.07,
            "eps_avg_yearly": 1.97,
            "eps_latest_yearly": 1.84,
            "eps_growth_yearly": 58.61
        },
        "20033": {
            "year_quarter": 20033,
            "year": 2003,
            "quarter": 3,
            "eps": 0.72,
            "eps_growth_year": 22.03,
            "eps_4q": 2.06,
            "eps_4q_growth_year": -6.96,
            "roe": 6.21,
            "roe_4q": 18.009999999999998,
            "gross_profit": 67023,
            "gross_margin": 25.68,
            "gross_margin_4q_avg": 21.75,
            "net_income": 27400,
            "net_income_4q": null,
            "revenue": 260989,
            "revenue_4q": null,
            "common_shares": 400000,
            "book_valuer_per_share": 11.37,
            "book_valuer_per_share_4q_avg": 11.91,
            "equity": 454956,
            "current_ratio": 203.92,
            "debt_ratio": 44.52,
            "inventory_turnover_ratio": 0.72,
            "account_receivable_turnover_ratio": null,
            "reinvestment_rate": 8.09,
            "research_to_sale_ratio": null,
            "price_fair": 73.6,
            "eps_avg_yearly": 2.1,
            "eps_latest_yearly": 2.88,
            "eps_growth_yearly": 82.54
        },
        "20034": {
            "year_quarter": 20034,
            "year": 2003,
            "quarter": 4,
            "eps": 0.9,
            "eps_growth_year": 9.76,
            "eps_4q": 2.2,
            "eps_4q_growth_year": -0.79,
            "roe": 7.28,
            "roe_4q": 18.57,
            "gross_profit": 76597,
            "gross_margin": 20.03,
            "gross_margin_4q_avg": 20.39,
            "net_income": 34389,
            "net_income_4q": null,
            "revenue": 382426,
            "revenue_4q": null,
            "common_shares": 400000,
            "book_valuer_per_share": 12.24,
            "book_valuer_per_share_4q_avg": 11.95,
            "equity": 489484,
            "current_ratio": 172.92,
            "debt_ratio": 51.21,
            "inventory_turnover_ratio": 0.85,
            "account_receivable_turnover_ratio": null,
            "reinvestment_rate": 6,
            "research_to_sale_ratio": null,
            "price_fair": 80.15,
            "eps_avg_yearly": 2.29,
            "eps_latest_yearly": 3.6,
            "eps_growth_yearly": 84.72
        },
        "20041": {
            "year_quarter": 20041,
            "year": 2004,
            "quarter": 1,
            "eps": 0.55,
            "eps_growth_year": 189.47,
            "eps_4q": 2.57,
            "eps_4q_growth_year": 30.87,
            "roe": 4.22,
            "roe_4q": 21.28,
            "gross_profit": 64485,
            "gross_margin": 18.59,
            "gross_margin_4q_avg": 20.87,
            "net_income": 21099,
            "net_income_4q": null,
            "revenue": 346902,
            "revenue_4q": null,
            "common_shares": 400000,
            "book_valuer_per_share": 12.75,
            "book_valuer_per_share_4q_avg": 12.07,
            "equity": 510117,
            "current_ratio": 177.96,
            "debt_ratio": 49.45,
            "inventory_turnover_ratio": 0.64,
            "account_receivable_turnover_ratio": null,
            "reinvestment_rate": 5.33,
            "research_to_sale_ratio": null,
            "price_fair": 79.8,
            "eps_avg_yearly": 2.28,
            "eps_latest_yearly": 2.2,
            "eps_growth_yearly": 58.02
        },
        "20042": {
            "year_quarter": 20042,
            "year": 2004,
            "quarter": 2,
            "eps": 0.75,
            "eps_growth_year": 63.04,
            "eps_4q": 2.92,
            "eps_4q_growth_year": 37.2,
            "roe": 5.62,
            "roe_4q": 23.330000000000002,
            "gross_profit": 68589,
            "gross_margin": 19.99,
            "gross_margin_4q_avg": 21.07,
            "net_income": 28682,
            "net_income_4q": null,
            "revenue": 343108,
            "revenue_4q": null,
            "common_shares": 400000,
            "book_valuer_per_share": 12.75,
            "book_valuer_per_share_4q_avg": 12.28,
            "equity": 509826,
            "current_ratio": 198.56,
            "debt_ratio": 45.01,
            "inventory_turnover_ratio": 0.64,
            "account_receivable_turnover_ratio": null,
            "reinvestment_rate": 3.78,
            "research_to_sale_ratio": null,
            "price_fair": 82.32,
            "eps_avg_yearly": 2.35,
            "eps_latest_yearly": 3,
            "eps_growth_yearly": 66.77
        },
        "20043": {
            "year_quarter": 20043,
            "year": 2004,
            "quarter": 3,
            "eps": 0.51,
            "eps_growth_year": -29.17,
            "eps_4q": 2.73,
            "eps_4q_growth_year": 32.57,
            "roe": 3.73,
            "roe_4q": 20.85,
            "gross_profit": 60116,
            "gross_margin": 17.33,
            "gross_margin_4q_avg": 18.99,
            "net_income": 19368,
            "net_income_4q": null,
            "revenue": 346870,
            "revenue_4q": null,
            "common_shares": 400000,
            "book_valuer_per_share": 13.23,
            "book_valuer_per_share_4q_avg": 12.74,
            "equity": 529251,
            "current_ratio": 187.33,
            "debt_ratio": 48.55,
            "inventory_turnover_ratio": 0.71,
            "account_receivable_turnover_ratio": null,
            "reinvestment_rate": 2.32,
            "research_to_sale_ratio": null,
            "price_fair": 81.33,
            "eps_avg_yearly": 2.32,
            "eps_latest_yearly": 2.04,
            "eps_growth_yearly": 49.06
        },
        "20044": {
            "year_quarter": 20044,
            "year": 2004,
            "quarter": 4,
            "eps": 0.57,
            "eps_growth_year": -36.67,
            "eps_4q": 2.19,
            "eps_4q_growth_year": -0.34,
            "roe": 4.5,
            "roe_4q": 18.07,
            "gross_profit": 70289,
            "gross_margin": 19.6,
            "gross_margin_4q_avg": 18.88,
            "net_income": 24357,
            "net_income_4q": null,
            "revenue": 358526,
            "revenue_4q": null,
            "common_shares": 445647,
            "book_valuer_per_share": 12.41,
            "book_valuer_per_share_4q_avg": 12.79,
            "equity": 553079,
            "current_ratio": 253.8,
            "debt_ratio": 48.88,
            "inventory_turnover_ratio": 0.72,
            "account_receivable_turnover_ratio": null,
            "reinvestment_rate": 4,
            "research_to_sale_ratio": null,
            "price_fair": 81.2,
            "eps_avg_yearly": 2.32,
            "eps_latest_yearly": 2.28,
            "eps_growth_yearly": 48.89
        },
        "20051": {
            "year_quarter": 20051,
            "year": 2005,
            "quarter": 1,
            "eps": 0.42,
            "eps_growth_year": -23.64,
            "eps_4q": 2.13,
            "eps_4q_growth_year": -16.9,
            "roe": 3.16,
            "roe_4q": 17.01,
            "gross_profit": 60722,
            "gross_margin": 18.03,
            "gross_margin_4q_avg": 18.74,
            "net_income": 17766,
            "net_income_4q": null,
            "revenue": 336828,
            "revenue_4q": null,
            "common_shares": 447114,
            "book_valuer_per_share": 12.81,
            "book_valuer_per_share_4q_avg": 12.8,
            "equity": 572813,
            "current_ratio": 249.55,
            "debt_ratio": 47.49,
            "inventory_turnover_ratio": 0.85,
            "account_receivable_turnover_ratio": null,
            "reinvestment_rate": 3.36,
            "research_to_sale_ratio": null,
            "price_fair": 79.48,
            "eps_avg_yearly": 2.27,
            "eps_latest_yearly": 1.68,
            "eps_growth_yearly": 37.03
        },
        "20052": {
            "year_quarter": 20052,
            "year": 2005,
            "quarter": 2,
            "eps": 0.37,
            "eps_growth_year": -50.67,
            "eps_4q": 1.65,
            "eps_4q_growth_year": -43.4,
            "roe": 3.14,
            "roe_4q": 14.530000000000001,
            "gross_profit": 59392,
            "gross_margin": 18.57,
            "gross_margin_4q_avg": 18.38,
            "net_income": 17757,
            "net_income_4q": null,
            "revenue": 319793,
            "revenue_4q": null,
            "common_shares": 447314,
            "book_valuer_per_share": 12.45,
            "book_valuer_per_share_4q_avg": 12.73,
            "equity": 556792,
            "current_ratio": 213.72,
            "debt_ratio": 53.15,
            "inventory_turnover_ratio": 0.76,
            "account_receivable_turnover_ratio": null,
            "reinvestment_rate": 1.74,
            "research_to_sale_ratio": null,
            "price_fair": 77.5,
            "eps_avg_yearly": 2.21,
            "eps_latest_yearly": 1.48,
            "eps_growth_yearly": 30.99
        },
        "20053": {
            "year_quarter": 20053,
            "year": 2005,
            "quarter": 3,
            "eps": 0.69,
            "eps_growth_year": 35.29,
            "eps_4q": 1.93,
            "eps_4q_growth_year": -29.19,
            "roe": 5.79,
            "roe_4q": 16.59,
            "gross_profit": 73840,
            "gross_margin": 18.38,
            "gross_margin_4q_avg": 18.65,
            "net_income": 33303,
            "net_income_4q": null,
            "revenue": 401650,
            "revenue_4q": null,
            "common_shares": 482127,
            "book_valuer_per_share": 12.31,
            "book_valuer_per_share_4q_avg": 12.5,
            "equity": 593700,
            "current_ratio": 242.11,
            "debt_ratio": 47.26,
            "inventory_turnover_ratio": 0.82,
            "account_receivable_turnover_ratio": null,
            "reinvestment_rate": 0.9,
            "research_to_sale_ratio": null,
            "price_fair": 78.77,
            "eps_avg_yearly": 2.25,
            "eps_latest_yearly": 2.76,
            "eps_growth_yearly": 51.99
        },
        "20054": {
            "year_quarter": 20054,
            "year": 2005,
            "quarter": 4,
            "eps": 0.93,
            "eps_growth_year": 63.16,
            "eps_4q": 2.36,
            "eps_4q_growth_year": 7.84,
            "roe": 7.23,
            "roe_4q": 19.32,
            "gross_profit": 93417,
            "gross_margin": 22.39,
            "gross_margin_4q_avg": 19.34,
            "net_income": 44766,
            "net_income_4q": null,
            "revenue": 417289,
            "revenue_4q": null,
            "common_shares": 486828,
            "book_valuer_per_share": 13.25,
            "book_valuer_per_share_4q_avg": 12.71,
            "equity": 644863,
            "current_ratio": 220.23,
            "debt_ratio": 40.88,
            "inventory_turnover_ratio": 0.9,
            "account_receivable_turnover_ratio": null,
            "reinvestment_rate": -6.23,
            "research_to_sale_ratio": null,
            "price_fair": 81.99,
            "eps_avg_yearly": 2.34,
            "eps_latest_yearly": 3.72,
            "eps_growth_yearly": 57.43
        },
        "20061": {
            "year_quarter": 20061,
            "year": 2006,
            "quarter": 1,
            "eps": 0.51,
            "eps_growth_year": 21.43,
            "eps_4q": 2.46,
            "eps_4q_growth_year": 15.23,
            "roe": 3.75,
            "roe_4q": 19.91,
            "gross_profit": 72387,
            "gross_margin": 23.24,
            "gross_margin_4q_avg": 20.65,
            "net_income": 25107,
            "net_income_4q": null,
            "revenue": 311538,
            "revenue_4q": null,
            "common_shares": 501380,
            "book_valuer_per_share": 13.83,
            "book_valuer_per_share_4q_avg": 12.96,
            "equity": 693344,
            "current_ratio": 241.91,
            "debt_ratio": 37.16,
            "inventory_turnover_ratio": 0.7,
            "account_receivable_turnover_ratio": null,
            "reinvestment_rate": -7.13,
            "research_to_sale_ratio": null,
            "price_fair": 81.9,
            "eps_avg_yearly": 2.34,
            "eps_latest_yearly": 2.04,
            "eps_growth_yearly": 57.31
        },
        "20062": {
            "year_quarter": 20062,
            "year": 2006,
            "quarter": 2,
            "eps": 0.29,
            "eps_growth_year": -21.62,
            "eps_4q": 2.36,
            "eps_4q_growth_year": 42.86,
            "roe": 2.14,
            "roe_4q": 18.91,
            "gross_profit": 53971,
            "gross_margin": 15.95,
            "gross_margin_4q_avg": 19.99,
            "net_income": 14461,
            "net_income_4q": null,
            "revenue": 338380,
            "revenue_4q": null,
            "common_shares": 520186,
            "book_valuer_per_share": 12.68,
            "book_valuer_per_share_4q_avg": 13.02,
            "equity": 659514,
            "current_ratio": 215.82,
            "debt_ratio": 42.04,
            "inventory_turnover_ratio": 0.82,
            "account_receivable_turnover_ratio": null,
            "reinvestment_rate": -6.79,
            "research_to_sale_ratio": null,
            "price_fair": 81.11,
            "eps_avg_yearly": 2.32,
            "eps_latest_yearly": 1.16,
            "eps_growth_yearly": 53.26
        },
        "20063": {
            "year_quarter": 20063,
            "year": 2006,
            "quarter": 3,
            "eps": 0.26,
            "eps_growth_year": -62.32,
            "eps_4q": 1.93,
            "eps_4q_growth_year": 0.11,
            "roe": 1.96,
            "roe_4q": 15.08,
            "gross_profit": 53786,
            "gross_margin": 17.88,
            "gross_margin_4q_avg": 19.87,
            "net_income": 13108,
            "net_income_4q": null,
            "revenue": 300832,
            "revenue_4q": null,
            "common_shares": 520186,
            "book_valuer_per_share": 12.99,
            "book_valuer_per_share_4q_avg": 13.19,
            "equity": 675777,
            "current_ratio": 209.2,
            "debt_ratio": 42.8,
            "inventory_turnover_ratio": 0.71,
            "account_receivable_turnover_ratio": null,
            "reinvestment_rate": -6.7,
            "research_to_sale_ratio": null,
            "price_fair": 78.23,
            "eps_avg_yearly": 2.24,
            "eps_latest_yearly": 1.04,
            "eps_growth_yearly": 36.86
        },
        "20064": {
            "year_quarter": 20064,
            "year": 2006,
            "quarter": 4,
            "eps": 0.55,
            "eps_growth_year": -40.86,
            "eps_4q": 1.58,
            "eps_4q_growth_year": -32.98,
            "roe": 4.06,
            "roe_4q": 11.91,
            "gross_profit": 61306,
            "gross_margin": 16.82,
            "gross_margin_4q_avg": 18.47,
            "net_income": 28086,
            "net_income_4q": null,
            "revenue": 364515,
            "revenue_4q": null,
            "common_shares": 520186,
            "book_valuer_per_share": 13.56,
            "book_valuer_per_share_4q_avg": 13.27,
            "equity": 707138,
            "current_ratio": 230.6,
            "debt_ratio": 40.64,
            "inventory_turnover_ratio": 0.94,
            "account_receivable_turnover_ratio": null,
            "reinvestment_rate": -9.84,
            "research_to_sale_ratio": null,
            "price_fair": 75.86,
            "eps_avg_yearly": 2.17,
            "eps_latest_yearly": 2.2,
            "eps_growth_yearly": 55
        },
        "20071": {
            "year_quarter": 20071,
            "year": 2007,
            "quarter": 1,
            "eps": 0.19,
            "eps_growth_year": -62.75,
            "eps_4q": 1.26,
            "eps_4q_growth_year": -48.63,
            "roe": 1.39,
            "roe_4q": 9.549999999999999,
            "gross_profit": 56986,
            "gross_margin": 21.93,
            "gross_margin_4q_avg": 18.15,
            "net_income": 9865,
            "net_income_4q": null,
            "revenue": 259873,
            "revenue_4q": null,
            "common_shares": 520186,
            "book_valuer_per_share": 13.66,
            "book_valuer_per_share_4q_avg": 13.22,
            "equity": 710679,
            "current_ratio": 245.38,
            "debt_ratio": 38.32,
            "inventory_turnover_ratio": 0.64,
            "account_receivable_turnover_ratio": null,
            "reinvestment_rate": -9.79,
            "research_to_sale_ratio": null,
            "price_fair": 75.86,
            "eps_avg_yearly": 2.17,
            "eps_latest_yearly": 0.76,
            "eps_growth_yearly": 57.84
        },
        "20072": {
            "year_quarter": 20072,
            "year": 2007,
            "quarter": 2,
            "eps": 0.26,
            "eps_growth_year": -10.34,
            "eps_4q": 1.22,
            "eps_4q_growth_year": -48.38,
            "roe": 1.96,
            "roe_4q": 9.37,
            "gross_profit": 52815,
            "gross_margin": 17.95,
            "gross_margin_4q_avg": 18.65,
            "net_income": 13861,
            "net_income_4q": null,
            "revenue": 294304,
            "revenue_4q": null,
            "common_shares": 556679,
            "book_valuer_per_share": 12.67,
            "book_valuer_per_share_4q_avg": 13.22,
            "equity": 705466,
            "current_ratio": 243.5,
            "debt_ratio": 38.72,
            "inventory_turnover_ratio": 0.67,
            "account_receivable_turnover_ratio": null,
            "reinvestment_rate": -8.41,
            "research_to_sale_ratio": null,
            "price_fair": 74.11,
            "eps_avg_yearly": 2.12,
            "eps_latest_yearly": 1.04,
            "eps_growth_yearly": 31.52
        },
        "20073": {
            "year_quarter": 20073,
            "year": 2007,
            "quarter": 3,
            "eps": 0.43,
            "eps_growth_year": 65.38,
            "eps_4q": 1.38,
            "eps_4q_growth_year": -28.67,
            "roe": 3.25,
            "roe_4q": 10.66,
            "gross_profit": 59617,
            "gross_margin": 18.65,
            "gross_margin_4q_avg": 18.84,
            "net_income": 23483,
            "net_income_4q": null,
            "revenue": 319641,
            "revenue_4q": null,
            "common_shares": 559813,
            "book_valuer_per_share": 13.18,
            "book_valuer_per_share_4q_avg": 13.27,
            "equity": 737977,
            "current_ratio": 241.21,
            "debt_ratio": 40.46,
            "inventory_turnover_ratio": 0.62,
            "account_receivable_turnover_ratio": null,
            "reinvestment_rate": -7.96,
            "research_to_sale_ratio": null,
            "price_fair": 71.58,
            "eps_avg_yearly": 2.05,
            "eps_latest_yearly": 1.72,
            "eps_growth_yearly": 33.74
        },
        "20074": {
            "year_quarter": 20074,
            "year": 2007,
            "quarter": 4,
            "eps": 0.66,
            "eps_growth_year": 20,
            "eps_4q": 1.52,
            "eps_4q_growth_year": -3.88,
            "roe": 4.8,
            "roe_4q": 11.400000000000002,
            "gross_profit": 82038,
            "gross_margin": 21.07,
            "gross_margin_4q_avg": 19.9,
            "net_income": 36222,
            "net_income_4q": null,
            "revenue": 389341,
            "revenue_4q": null,
            "common_shares": 559813,
            "book_valuer_per_share": 13.73,
            "book_valuer_per_share_4q_avg": 13.31,
            "equity": 770231,
            "current_ratio": 321.34,
            "debt_ratio": 31.62,
            "inventory_turnover_ratio": 0.67,
            "account_receivable_turnover_ratio": null,
            "reinvestment_rate": -7.29,
            "research_to_sale_ratio": null,
            "price_fair": 69.48,
            "eps_avg_yearly": 1.99,
            "eps_latest_yearly": 2.64,
            "eps_growth_yearly": 40.86
        },
        "20081": {
            "year_quarter": 20081,
            "year": 2008,
            "quarter": 1,
            "eps": 0.4,
            "eps_growth_year": 110.53,
            "eps_4q": 1.76,
            "eps_4q_growth_year": 39.68,
            "roe": 2.84,
            "roe_4q": 12.850000000000001,
            "gross_profit": 70887,
            "gross_margin": 19.04,
            "gross_margin_4q_avg": 19.18,
            "net_income": 21630,
            "net_income_4q": null,
            "revenue": 372262,
            "revenue_4q": null,
            "common_shares": 559813,
            "book_valuer_per_share": 13.39,
            "book_valuer_per_share_4q_avg": 13.24,
            "equity": 751108,
            "current_ratio": 276.31,
            "debt_ratio": 36.37,
            "inventory_turnover_ratio": 0.61,
            "account_receivable_turnover_ratio": null,
            "reinvestment_rate": -7.55,
            "research_to_sale_ratio": null,
            "price_fair": 68.16,
            "eps_avg_yearly": 1.95,
            "eps_latest_yearly": 1.6,
            "eps_growth_yearly": 40.73
        },
        "20082": {
            "year_quarter": 20082,
            "year": 2008,
            "quarter": 2,
            "eps": 0.5,
            "eps_growth_year": 92.31,
            "eps_4q": 2.04,
            "eps_4q_growth_year": 67.6,
            "roe": 3.68,
            "roe_4q": 14.57,
            "gross_profit": 72675,
            "gross_margin": 21.17,
            "gross_margin_4q_avg": 19.98,
            "net_income": 26533,
            "net_income_4q": null,
            "revenue": 343257,
            "revenue_4q": null,
            "common_shares": 560559,
            "book_valuer_per_share": 12.29,
            "book_valuer_per_share_4q_avg": 13.15,
            "equity": 690315,
            "current_ratio": 236.59,
            "debt_ratio": 41.72,
            "inventory_turnover_ratio": 0.48,
            "account_receivable_turnover_ratio": null,
            "reinvestment_rate": -6.21,
            "research_to_sale_ratio": null,
            "price_fair": 65.98,
            "eps_avg_yearly": 1.89,
            "eps_latest_yearly": 2,
            "eps_growth_yearly": 37.89
        },
        "20083": {
            "year_quarter": 20083,
            "year": 2008,
            "quarter": 3,
            "eps": 0.36,
            "eps_growth_year": -16.28,
            "eps_4q": 1.93,
            "eps_4q_growth_year": 39.87,
            "roe": 2.83,
            "roe_4q": 14.149999999999999,
            "gross_profit": 66540,
            "gross_margin": 19.53,
            "gross_margin_4q_avg": 20.2,
            "net_income": 19588,
            "net_income_4q": null,
            "revenue": 340678,
            "revenue_4q": null,
            "common_shares": 588613,
            "book_valuer_per_share": 11.79,
            "book_valuer_per_share_4q_avg": 12.8,
            "equity": 694698,
            "current_ratio": 252.6,
            "debt_ratio": 38.57,
            "inventory_turnover_ratio": 0.45,
            "account_receivable_turnover_ratio": null,
            "reinvestment_rate": -5.24,
            "research_to_sale_ratio": null,
            "price_fair": 64.66,
            "eps_avg_yearly": 1.85,
            "eps_latest_yearly": 1.44,
            "eps_growth_yearly": 38.89
        },
        "20084": {
            "year_quarter": 20084,
            "year": 2008,
            "quarter": 4,
            "eps": 0.29,
            "eps_growth_year": -56.06,
            "eps_4q": 1.5,
            "eps_4q_growth_year": -1.48,
            "roe": 2.35,
            "roe_4q": 11.7,
            "gross_profit": 57135,
            "gross_margin": 15.5,
            "gross_margin_4q_avg": 18.81,
            "net_income": 16476,
            "net_income_4q": null,
            "revenue": 368599,
            "revenue_4q": null,
            "common_shares": 588613,
            "book_valuer_per_share": 11.97,
            "book_valuer_per_share_4q_avg": 12.36,
            "equity": 705277,
            "current_ratio": 259.7,
            "debt_ratio": 38.82,
            "inventory_turnover_ratio": 0.52,
            "account_receivable_turnover_ratio": 4.4,
            "reinvestment_rate": -6.53,
            "research_to_sale_ratio": null,
            "price_fair": 62.21,
            "eps_avg_yearly": 1.78,
            "eps_latest_yearly": 1.16,
            "eps_growth_yearly": 31.09
        },
        "20091": {
            "year_quarter": 20091,
            "year": 2009,
            "quarter": 1,
            "eps": 0.16,
            "eps_growth_year": -60,
            "eps_4q": 1.37,
            "eps_4q_growth_year": -22.21,
            "roe": 1.2,
            "roe_4q": 10.06,
            "gross_profit": 47580,
            "gross_margin": 15.93,
            "gross_margin_4q_avg": 18.03,
            "net_income": 8407,
            "net_income_4q": null,
            "revenue": 298637,
            "revenue_4q": null,
            "common_shares": 551053,
            "book_valuer_per_share": 12.64,
            "book_valuer_per_share_4q_avg": 12.17,
            "equity": 696738,
            "current_ratio": 216.34,
            "debt_ratio": 47.02,
            "inventory_turnover_ratio": 0.44,
            "account_receivable_turnover_ratio": 2.39,
            "reinvestment_rate": -7.48,
            "research_to_sale_ratio": null,
            "price_fair": 59.94,
            "eps_avg_yearly": 1.71,
            "eps_latest_yearly": 0.64,
            "eps_growth_yearly": 26.46
        },
        "20092": {
            "year_quarter": 20092,
            "year": 2009,
            "quarter": 2,
            "eps": 0.38,
            "eps_growth_year": -24,
            "eps_4q": 1.22,
            "eps_4q_growth_year": -40.22,
            "roe": 3.04,
            "roe_4q": 9.42,
            "gross_profit": 63967,
            "gross_margin": 20.27,
            "gross_margin_4q_avg": 17.81,
            "net_income": 20403,
            "net_income_4q": null,
            "revenue": 315596,
            "revenue_4q": null,
            "common_shares": 551053,
            "book_valuer_per_share": 11.74,
            "book_valuer_per_share_4q_avg": 12.04,
            "equity": 647610,
            "current_ratio": 216.93,
            "debt_ratio": 47.32,
            "inventory_turnover_ratio": 0.48,
            "account_receivable_turnover_ratio": 3.94,
            "reinvestment_rate": -6.66,
            "research_to_sale_ratio": null,
            "price_fair": 60.03,
            "eps_avg_yearly": 1.72,
            "eps_latest_yearly": 1.52,
            "eps_growth_yearly": 63.81
        },
        "20093": {
            "year_quarter": 20093,
            "year": 2009,
            "quarter": 3,
            "eps": 0.85,
            "eps_growth_year": 136.11,
            "eps_4q": 1.69,
            "eps_4q_growth_year": -12.39,
            "roe": 6.79,
            "roe_4q": 13.379999999999999,
            "gross_profit": 88910,
            "gross_margin": 28.93,
            "gross_margin_4q_avg": 20.16,
            "net_income": 45882,
            "net_income_4q": null,
            "revenue": 307297,
            "revenue_4q": null,
            "common_shares": 551053,
            "book_valuer_per_share": 12.74,
            "book_valuer_per_share_4q_avg": 12.27,
            "equity": 702868,
            "current_ratio": 251.24,
            "debt_ratio": 38.84,
            "inventory_turnover_ratio": 0.48,
            "account_receivable_turnover_ratio": 3.66,
            "reinvestment_rate": -4.58,
            "research_to_sale_ratio": null,
            "price_fair": 61.43,
            "eps_avg_yearly": 1.76,
            "eps_latest_yearly": 3.4,
            "eps_growth_yearly": 73.11
        },
        "20094": {
            "year_quarter": 20094,
            "year": 2009,
            "quarter": 4,
            "eps": 0.62,
            "eps_growth_year": 113.79,
            "eps_4q": 1.97,
            "eps_4q_growth_year": 31.25,
            "roe": 4.56,
            "roe_4q": 15.59,
            "gross_profit": 79001,
            "gross_margin": 24.04,
            "gross_margin_4q_avg": 22.29,
            "net_income": 33667,
            "net_income_4q": null,
            "revenue": 328573,
            "revenue_4q": null,
            "common_shares": 551053,
            "book_valuer_per_share": 14.03,
            "book_valuer_per_share_4q_avg": 12.79,
            "equity": 773806,
            "current_ratio": 245.58,
            "debt_ratio": 37.94,
            "inventory_turnover_ratio": 0.62,
            "account_receivable_turnover_ratio": 11.12,
            "reinvestment_rate": 10.89,
            "research_to_sale_ratio": null,
            "price_fair": 58.71,
            "eps_avg_yearly": 1.68,
            "eps_latest_yearly": 2.48,
            "eps_growth_yearly": 57.65
        },
        "20101": {
            "year_quarter": 20101,
            "year": 2010,
            "quarter": 1,
            "eps": 0.38,
            "eps_growth_year": 137.5,
            "eps_4q": 2.19,
            "eps_4q_growth_year": 59.59,
            "roe": 2.67,
            "roe_4q": 17.06,
            "gross_profit": 60846,
            "gross_margin": 22.66,
            "gross_margin_4q_avg": 23.98,
            "net_income": 20934,
            "net_income_4q": null,
            "revenue": 268573,
            "revenue_4q": null,
            "common_shares": 551053,
            "book_valuer_per_share": 14.38,
            "book_valuer_per_share_4q_avg": 13.22,
            "equity": 793208,
            "current_ratio": 261.39,
            "debt_ratio": 35.91,
            "inventory_turnover_ratio": 0.58,
            "account_receivable_turnover_ratio": 4.51,
            "reinvestment_rate": 12.22,
            "research_to_sale_ratio": 4.12,
            "price_fair": 57.58,
            "eps_avg_yearly": 1.65,
            "eps_latest_yearly": 1.52,
            "eps_growth_yearly": 59.27
        },
        "20102": {
            "year_quarter": 20102,
            "year": 2010,
            "quarter": 2,
            "eps": 0.45,
            "eps_growth_year": 17.13,
            "eps_4q": 2.26,
            "eps_4q_growth_year": 85.59,
            "roe": 3.28,
            "roe_4q": 17.299999999999997,
            "gross_profit": 60222,
            "gross_margin": 23.53,
            "gross_margin_4q_avg": 24.79,
            "net_income": 24636,
            "net_income_4q": null,
            "revenue": 255933,
            "revenue_4q": null,
            "common_shares": 551053,
            "book_valuer_per_share": 12.86,
            "book_valuer_per_share_4q_avg": 13.5,
            "equity": 709662,
            "current_ratio": 222.22,
            "debt_ratio": 41.64,
            "inventory_turnover_ratio": 0.6,
            "account_receivable_turnover_ratio": 3.9,
            "reinvestment_rate": 14.77,
            "research_to_sale_ratio": 3.93,
            "price_fair": 58.98,
            "eps_avg_yearly": 1.69,
            "eps_latest_yearly": 1.8,
            "eps_growth_yearly": 74.66
        },
        "20103": {
            "year_quarter": 20103,
            "year": 2010,
            "quarter": 3,
            "eps": 0.58,
            "eps_growth_year": -31.52,
            "eps_4q": 2.02,
            "eps_4q_growth_year": 19.3,
            "roe": 4.38,
            "roe_4q": 14.89,
            "gross_profit": 70058,
            "gross_margin": 30.51,
            "gross_margin_4q_avg": 25.19,
            "net_income": 32063,
            "net_income_4q": null,
            "revenue": 229647,
            "revenue_4q": null,
            "common_shares": 551053,
            "book_valuer_per_share": 13.66,
            "book_valuer_per_share_4q_avg": 13.73,
            "equity": 753506,
            "current_ratio": 276.31,
            "debt_ratio": 34.04,
            "inventory_turnover_ratio": 0.54,
            "account_receivable_turnover_ratio": 3.12,
            "reinvestment_rate": 14.5,
            "research_to_sale_ratio": 4.57,
            "price_fair": 61.78,
            "eps_avg_yearly": 1.77,
            "eps_latest_yearly": 2.32,
            "eps_growth_yearly": 84.46
        },
        "20104": {
            "year_quarter": 20104,
            "year": 2010,
            "quarter": 4,
            "eps": 0.46,
            "eps_growth_year": -25.6,
            "eps_4q": 1.9,
            "eps_4q_growth_year": -3.31,
            "roe": 3.36,
            "roe_4q": 13.69,
            "gross_profit": 66159,
            "gross_margin": 29.78,
            "gross_margin_4q_avg": 26.62,
            "net_income": 25375,
            "net_income_4q": null,
            "revenue": 222177,
            "revenue_4q": null,
            "common_shares": 551053,
            "book_valuer_per_share": 13.91,
            "book_valuer_per_share_4q_avg": 13.7,
            "equity": 755087,
            "current_ratio": 248.29,
            "debt_ratio": 37.12,
            "inventory_turnover_ratio": 0.46,
            "account_receivable_turnover_ratio": 2.89,
            "reinvestment_rate": 17.58,
            "research_to_sale_ratio": 4.76,
            "price_fair": 60.99,
            "eps_avg_yearly": 1.74,
            "eps_latest_yearly": 1.84,
            "eps_growth_yearly": 51.41
        },
        "20111": {
            "year_quarter": 20111,
            "year": 2011,
            "quarter": 1,
            "eps": 0.19,
            "eps_growth_year": -50,
            "eps_4q": 1.78,
            "eps_4q_growth_year": -18.5,
            "roe": 1.3,
            "roe_4q": 12.319999999999999,
            "gross_profit": 48077,
            "gross_margin": 23.82,
            "gross_margin_4q_avg": 26.91,
            "net_income": 9418,
            "net_income_4q": null,
            "revenue": 201832,
            "revenue_4q": null,
            "common_shares": 551053,
            "book_valuer_per_share": 13.39,
            "book_valuer_per_share_4q_avg": 13.46,
            "equity": 691600,
            "current_ratio": 217.29,
            "debt_ratio": 42.41,
            "inventory_turnover_ratio": 0.38,
            "account_receivable_turnover_ratio": 2.38,
            "reinvestment_rate": 18.58,
            "research_to_sale_ratio": 6.17,
            "price_fair": 60.99,
            "eps_avg_yearly": 1.74,
            "eps_latest_yearly": 0.76,
            "eps_growth_yearly": 53.1
        },
        "20112": {
            "year_quarter": 20112,
            "year": 2011,
            "quarter": 2,
            "eps": 0.42,
            "eps_growth_year": -6.69,
            "eps_4q": 1.69,
            "eps_4q_growth_year": -25.21,
            "roe": 3.26,
            "roe_4q": 12.3,
            "gross_profit": 45895,
            "gross_margin": 21.78,
            "gross_margin_4q_avg": 26.47,
            "net_income": 21345,
            "net_income_4q": null,
            "revenue": 210692,
            "revenue_4q": null,
            "common_shares": 551053,
            "book_valuer_per_share": 11.92,
            "book_valuer_per_share_4q_avg": 13.22,
            "equity": 615901,
            "current_ratio": 191.41,
            "debt_ratio": 47.93,
            "inventory_turnover_ratio": 0.36,
            "account_receivable_turnover_ratio": 2.2,
            "reinvestment_rate": 18.49,
            "research_to_sale_ratio": 6.31,
            "price_fair": 62.39,
            "eps_avg_yearly": 1.78,
            "eps_latest_yearly": 1.68,
            "eps_growth_yearly": 74.15
        },
        "20113": {
            "year_quarter": 20113,
            "year": 2011,
            "quarter": 3,
            "eps": 0.4,
            "eps_growth_year": -31.64,
            "eps_4q": 1.48,
            "eps_4q_growth_year": -26.62,
            "roe": 3.37,
            "roe_4q": 11.29,
            "gross_profit": 58924,
            "gross_margin": 25.49,
            "gross_margin_4q_avg": 25.22,
            "net_income": 20750,
            "net_income_4q": null,
            "revenue": 231129,
            "revenue_4q": null,
            "common_shares": 561824,
            "book_valuer_per_share": 11.65,
            "book_valuer_per_share_4q_avg": 12.72,
            "equity": 614723,
            "current_ratio": 177.92,
            "debt_ratio": 51.4,
            "inventory_turnover_ratio": 0.32,
            "account_receivable_turnover_ratio": 2.24,
            "reinvestment_rate": 19.56,
            "research_to_sale_ratio": 6.37,
            "price_fair": 62.13,
            "eps_avg_yearly": 1.78,
            "eps_latest_yearly": 1.6,
            "eps_growth_yearly": 56.61
        },
        "20114": {
            "year_quarter": 20114,
            "year": 2011,
            "quarter": 4,
            "eps": 1,
            "eps_growth_year": 116.32,
            "eps_4q": 2,
            "eps_4q_growth_year": 5.34,
            "roe": 8.25,
            "roe_4q": 16.18,
            "gross_profit": 87902,
            "gross_margin": 27.7,
            "gross_margin_4q_avg": 24.7,
            "net_income": 52341,
            "net_income_4q": null,
            "revenue": 317296,
            "revenue_4q": null,
            "common_shares": 561824,
            "book_valuer_per_share": 12.42,
            "book_valuer_per_share_4q_avg": 12.35,
            "equity": 654884,
            "current_ratio": 183.48,
            "debt_ratio": 49.7,
            "inventory_turnover_ratio": 0.35,
            "account_receivable_turnover_ratio": 3.34,
            "reinvestment_rate": 21.3,
            "research_to_sale_ratio": 4.98,
            "price_fair": 65.1,
            "eps_avg_yearly": 1.86,
            "eps_latest_yearly": 4,
            "eps_growth_yearly": 80.74
        },
        "20121": {
            "year_quarter": 20121,
            "year": 2012,
            "quarter": 1,
            "eps": 0.16,
            "eps_growth_year": -15.79,
            "eps_4q": 1.97,
            "eps_4q_growth_year": 10.49,
            "roe": 1.15,
            "roe_4q": 16.03,
            "gross_profit": 59027,
            "gross_margin": 20.91,
            "gross_margin_4q_avg": 23.97,
            "net_income": 7643,
            "net_income_4q": null,
            "revenue": 282235,
            "revenue_4q": null,
            "common_shares": 561824,
            "book_valuer_per_share": 12.76,
            "book_valuer_per_share_4q_avg": 12.19,
            "equity": 672049,
            "current_ratio": 172.82,
            "debt_ratio": 53.1,
            "inventory_turnover_ratio": 0.29,
            "account_receivable_turnover_ratio": 3.41,
            "reinvestment_rate": 21.8,
            "research_to_sale_ratio": 5.82,
            "price_fair": 63,
            "eps_avg_yearly": 1.8,
            "eps_latest_yearly": 0.64,
            "eps_growth_yearly": 69.59
        },
        "20122": {
            "year_quarter": 20122,
            "year": 2012,
            "quarter": 2,
            "eps": 0.84,
            "eps_growth_year": 102.14,
            "eps_4q": 2.39,
            "eps_4q_growth_year": 41.39,
            "roe": 6.2,
            "roe_4q": 18.97,
            "gross_profit": 92877,
            "gross_margin": 22.16,
            "gross_margin_4q_avg": 24.07,
            "net_income": 41252,
            "net_income_4q": null,
            "revenue": 419152,
            "revenue_4q": null,
            "common_shares": 561824,
            "book_valuer_per_share": 12.55,
            "book_valuer_per_share_4q_avg": 12.35,
            "equity": 658113,
            "current_ratio": 169.64,
            "debt_ratio": 53.67,
            "inventory_turnover_ratio": 0.45,
            "account_receivable_turnover_ratio": 4.18,
            "reinvestment_rate": 19.44,
            "research_to_sale_ratio": 4.21,
            "price_fair": 65.98,
            "eps_avg_yearly": 1.89,
            "eps_latest_yearly": 3.36,
            "eps_growth_yearly": 169.59
        },
        "20123": {
            "year_quarter": 20123,
            "year": 2012,
            "quarter": 3,
            "eps": 0.55,
            "eps_growth_year": 38.91,
            "eps_4q": 2.55,
            "eps_4q_growth_year": 72.38,
            "roe": 4.08,
            "roe_4q": 19.68,
            "gross_profit": 83723,
            "gross_margin": 22.6,
            "gross_margin_4q_avg": 23.34,
            "net_income": 27762,
            "net_income_4q": null,
            "revenue": 370494,
            "revenue_4q": null,
            "common_shares": 561824,
            "book_valuer_per_share": 13.4,
            "book_valuer_per_share_4q_avg": 12.78,
            "equity": 701653,
            "current_ratio": 179.7,
            "debt_ratio": 51.06,
            "inventory_turnover_ratio": 0.42,
            "account_receivable_turnover_ratio": 2.86,
            "reinvestment_rate": 18.68,
            "research_to_sale_ratio": 5.87,
            "price_fair": 67.64,
            "eps_avg_yearly": 1.93,
            "eps_latest_yearly": 2.2,
            "eps_growth_yearly": 167.96
        },
        "20124": {
            "year_quarter": 20124,
            "year": 2012,
            "quarter": 4,
            "eps": 0.49,
            "eps_growth_year": -51.28,
            "eps_4q": 2.04,
            "eps_4q_growth_year": 1.77,
            "roe": 3.58,
            "roe_4q": 15.01,
            "gross_profit": 94769,
            "gross_margin": 23.01,
            "gross_margin_4q_avg": 22.17,
            "net_income": 25459,
            "net_income_4q": null,
            "revenue": 411778,
            "revenue_4q": null,
            "common_shares": 561824,
            "book_valuer_per_share": 13.77,
            "book_valuer_per_share_4q_avg": 13.12,
            "equity": 721117,
            "current_ratio": 195.03,
            "debt_ratio": 47.28,
            "inventory_turnover_ratio": 0.47,
            "account_receivable_turnover_ratio": 2.59,
            "reinvestment_rate": 19.81,
            "research_to_sale_ratio": 6.6,
            "price_fair": 69.39,
            "eps_avg_yearly": 1.98,
            "eps_latest_yearly": 1.96,
            "eps_growth_yearly": 170.09
        },
        "20131": {
            "year_quarter": 20131,
            "year": 2013,
            "quarter": 1,
            "eps": 0.45,
            "eps_growth_year": 181.25,
            "eps_4q": 2.17,
            "eps_4q_growth_year": 10.04,
            "roe": 3.22,
            "roe_4q": 17.080000000000002,
            "gross_profit": 74557,
            "gross_margin": 22.97,
            "gross_margin_4q_avg": 22.69,
            "net_income": 23445,
            "net_income_4q": null,
            "revenue": 324579,
            "revenue_4q": null,
            "common_shares": 561824,
            "book_valuer_per_share": 13.1,
            "book_valuer_per_share_4q_avg": 13.21,
            "equity": 735795,
            "current_ratio": 198.71,
            "debt_ratio": 47.08,
            "inventory_turnover_ratio": 0.39,
            "account_receivable_turnover_ratio": 1.85,
            "reinvestment_rate": 18.67,
            "research_to_sale_ratio": 6.1,
            "price_fair": 71.93,
            "eps_avg_yearly": 2.06,
            "eps_latest_yearly": 1.8,
            "eps_growth_yearly": 179.26
        },
        "20132": {
            "year_quarter": 20132,
            "year": 2013,
            "quarter": 2,
            "eps": 0.6,
            "eps_growth_year": -28.53,
            "eps_4q": 2.09,
            "eps_4q_growth_year": -12.7,
            "roe": 4.46,
            "roe_4q": 15.34,
            "gross_profit": 80647,
            "gross_margin": 20.91,
            "gross_margin_4q_avg": 22.37,
            "net_income": 31627,
            "net_income_4q": null,
            "revenue": 385597,
            "revenue_4q": null,
            "common_shares": 561824,
            "book_valuer_per_share": 13.04,
            "book_valuer_per_share_4q_avg": 13.33,
            "equity": 682630,
            "current_ratio": 186.1,
            "debt_ratio": 48.71,
            "inventory_turnover_ratio": 0.53,
            "account_receivable_turnover_ratio": 1.99,
            "reinvestment_rate": 17.85,
            "research_to_sale_ratio": 5.98,
            "price_fair": 73.85,
            "eps_avg_yearly": 2.11,
            "eps_latest_yearly": 2.4,
            "eps_growth_yearly": 153.22
        },
        "20133": {
            "year_quarter": 20133,
            "year": 2013,
            "quarter": 3,
            "eps": 0.99,
            "eps_growth_year": 79.12,
            "eps_4q": 2.43,
            "eps_4q_growth_year": -4.72,
            "roe": 7.07,
            "roe_4q": 18.330000000000002,
            "gross_profit": 90952,
            "gross_margin": 24.92,
            "gross_margin_4q_avg": 22.95,
            "net_income": 52185,
            "net_income_4q": null,
            "revenue": 365026,
            "revenue_4q": null,
            "common_shares": 561824,
            "book_valuer_per_share": 14.54,
            "book_valuer_per_share_4q_avg": 13.61,
            "equity": 794264,
            "current_ratio": 186.34,
            "debt_ratio": 40.87,
            "inventory_turnover_ratio": 0.56,
            "account_receivable_turnover_ratio": 1.72,
            "reinvestment_rate": 18.22,
            "research_to_sale_ratio": 6.2,
            "price_fair": 75.08,
            "eps_avg_yearly": 2.15,
            "eps_latest_yearly": 3.96,
            "eps_growth_yearly": 138.55
        },
        "20134": {
            "year_quarter": 20134,
            "year": 2013,
            "quarter": 4,
            "eps": 0.56,
            "eps_growth_year": 15.74,
            "eps_4q": 2.53,
            "eps_4q_growth_year": 23.95,
            "roe": 3.76,
            "roe_4q": 18.509999999999998,
            "gross_profit": 102364,
            "gross_margin": 27.69,
            "gross_margin_4q_avg": 24.12,
            "net_income": 30742,
            "net_income_4q": null,
            "revenue": 369622,
            "revenue_4q": null,
            "common_shares": 561824,
            "book_valuer_per_share": 15.4,
            "book_valuer_per_share_4q_avg": 14.02,
            "equity": 841331,
            "current_ratio": 152.57,
            "debt_ratio": 66.01,
            "inventory_turnover_ratio": 0.56,
            "account_receivable_turnover_ratio": 1.6,
            "reinvestment_rate": 269.73,
            "research_to_sale_ratio": 7.49,
            "price_fair": 74.55,
            "eps_avg_yearly": 2.13,
            "eps_latest_yearly": 2.24,
            "eps_growth_yearly": 134.45
        },
        "20141": {
            "year_quarter": 20141,
            "year": 2014,
            "quarter": 1,
            "eps": 0.38,
            "eps_growth_year": -15.56,
            "eps_4q": 1.92,
            "eps_4q_growth_year": -11.64,
            "roe": 2.54,
            "roe_4q": 17.830000000000002,
            "gross_profit": 87366,
            "gross_margin": 27.19,
            "gross_margin_4q_avg": 25.18,
            "net_income": 26615,
            "net_income_4q": null,
            "revenue": 321301,
            "revenue_4q": null,
            "common_shares": 736824,
            "book_valuer_per_share": 17.01,
            "book_valuer_per_share_4q_avg": 15,
            "equity": 1253071,
            "current_ratio": 151.23,
            "debt_ratio": 50.36,
            "inventory_turnover_ratio": 0.49,
            "account_receivable_turnover_ratio": 1.35,
            "reinvestment_rate": 274.34,
            "research_to_sale_ratio": 6.98,
            "price_fair": 74.55,
            "eps_avg_yearly": 2.13,
            "eps_latest_yearly": 1.52,
            "eps_growth_yearly": 136.09
        },
        "20142": {
            "year_quarter": 20142,
            "year": 2014,
            "quarter": 2,
            "eps": 0.38,
            "eps_growth_year": -36.67,
            "eps_4q": 1.86,
            "eps_4q_growth_year": -10.81,
            "roe": 2.33,
            "roe_4q": 15.7,
            "gross_profit": 63637,
            "gross_margin": 21.32,
            "gross_margin_4q_avg": 25.28,
            "net_income": 27846,
            "net_income_4q": null,
            "revenue": 298486,
            "revenue_4q": null,
            "common_shares": 736824,
            "book_valuer_per_share": 15.38,
            "book_valuer_per_share_4q_avg": 15.58,
            "equity": 1133184,
            "current_ratio": 124.05,
            "debt_ratio": 54.71,
            "inventory_turnover_ratio": 0.49,
            "account_receivable_turnover_ratio": 1.29,
            "reinvestment_rate": 270.4,
            "research_to_sale_ratio": 7.64,
            "price_fair": 73.94,
            "eps_avg_yearly": 2.11,
            "eps_latest_yearly": 1.52,
            "eps_growth_yearly": 131.49
        },
        "20143": {
            "year_quarter": 20143,
            "year": 2014,
            "quarter": 3,
            "eps": 0.54,
            "eps_growth_year": -45.45,
            "eps_4q": 1.7,
            "eps_4q_growth_year": -29.94,
            "roe": 3.48,
            "roe_4q": 12.110000000000001,
            "gross_profit": 94620,
            "gross_margin": 32.1,
            "gross_margin_4q_avg": 27.08,
            "net_income": 40198,
            "net_income_4q": null,
            "revenue": 294763,
            "revenue_4q": null,
            "common_shares": 736824,
            "book_valuer_per_share": 16.01,
            "book_valuer_per_share_4q_avg": 15.95,
            "equity": 1179312,
            "current_ratio": 122.29,
            "debt_ratio": 55.54,
            "inventory_turnover_ratio": 0.39,
            "account_receivable_turnover_ratio": 1.22,
            "reinvestment_rate": 266.36,
            "research_to_sale_ratio": 8,
            "price_fair": 73.59,
            "eps_avg_yearly": 2.1,
            "eps_latest_yearly": 2.16,
            "eps_growth_yearly": 134.79
        },
        "20144": {
            "year_quarter": 20144,
            "year": 2014,
            "quarter": 4,
            "eps": 0.73,
            "eps_growth_year": 30.34,
            "eps_4q": 2.02,
            "eps_4q_growth_year": -20.1,
            "roe": 4.47,
            "roe_4q": 12.82,
            "gross_profit": 114055,
            "gross_margin": 32.05,
            "gross_margin_4q_avg": 28.17,
            "net_income": 54038,
            "net_income_4q": null,
            "revenue": 355815,
            "revenue_4q": null,
            "common_shares": 736824,
            "book_valuer_per_share": 16.78,
            "book_valuer_per_share_4q_avg": 16.3,
            "equity": 1236308,
            "current_ratio": 127.04,
            "debt_ratio": 52.74,
            "inventory_turnover_ratio": 0.43,
            "account_receivable_turnover_ratio": 1.58,
            "reinvestment_rate": 166.3,
            "research_to_sale_ratio": 6.6,
            "price_fair": 75.95,
            "eps_avg_yearly": 2.17,
            "eps_latest_yearly": 2.92,
            "eps_growth_yearly": 148.76
        },
        "20151": {
            "year_quarter": 20151,
            "year": 2015,
            "quarter": 1,
            "eps": 0.44,
            "eps_growth_year": 15.79,
            "eps_4q": 2.1,
            "eps_4q_growth_year": 9.47,
            "roe": 2.6,
            "roe_4q": 12.88,
            "gross_profit": 84363,
            "gross_margin": 28.26,
            "gross_margin_4q_avg": 28.43,
            "net_income": 32462,
            "net_income_4q": null,
            "revenue": 298540,
            "revenue_4q": null,
            "common_shares": 736824,
            "book_valuer_per_share": 17.16,
            "book_valuer_per_share_4q_avg": 16.33,
            "equity": 1264376,
            "current_ratio": 132.37,
            "debt_ratio": 50.31,
            "inventory_turnover_ratio": 0.4,
            "account_receivable_turnover_ratio": 1.47,
            "reinvestment_rate": 157.53,
            "research_to_sale_ratio": 5.6,
            "price_fair": 78.14,
            "eps_avg_yearly": 2.23,
            "eps_latest_yearly": 1.76,
            "eps_growth_yearly": 153.5
        },
        "20152": {
            "year_quarter": 20152,
            "year": 2015,
            "quarter": 2,
            "eps": 0.58,
            "eps_growth_year": 52.63,
            "eps_4q": 2.3,
            "eps_4q_growth_year": 23.14,
            "roe": 3.41,
            "roe_4q": 13.96,
            "gross_profit": 102373,
            "gross_margin": 30.68,
            "gross_margin_4q_avg": 30.77,
            "net_income": 42481,
            "net_income_4q": null,
            "revenue": 333642,
            "revenue_4q": null,
            "common_shares": 736824,
            "book_valuer_per_share": 16.66,
            "book_valuer_per_share_4q_avg": 16.65,
            "equity": 1227281,
            "current_ratio": 121.6,
            "debt_ratio": 53.76,
            "inventory_turnover_ratio": 0.45,
            "account_receivable_turnover_ratio": 1.47,
            "reinvestment_rate": 148.38,
            "research_to_sale_ratio": 5.71,
            "price_fair": 79.54,
            "eps_avg_yearly": 2.27,
            "eps_latest_yearly": 2.32,
            "eps_growth_yearly": 131.2
        },
        "20153": {
            "year_quarter": 20153,
            "year": 2015,
            "quarter": 3,
            "eps": 0.39,
            "eps_growth_year": -27.78,
            "eps_4q": 2.48,
            "eps_4q_growth_year": 45.45,
            "roe": 2.2,
            "roe_4q": 12.68,
            "gross_profit": 76356,
            "gross_margin": 25.02,
            "gross_margin_4q_avg": 29,
            "net_income": 26058,
            "net_income_4q": null,
            "revenue": 305130,
            "revenue_4q": null,
            "common_shares": 626301,
            "book_valuer_per_share": 18.21,
            "book_valuer_per_share_4q_avg": 17.2,
            "equity": 1140483,
            "current_ratio": 105.19,
            "debt_ratio": 56.1,
            "inventory_turnover_ratio": 0.44,
            "account_receivable_turnover_ratio": 1.21,
            "reinvestment_rate": 146.57,
            "research_to_sale_ratio": 6.25,
            "price_fair": 79.45,
            "eps_avg_yearly": 2.27,
            "eps_latest_yearly": 1.56,
            "eps_growth_yearly": 124.2
        },
        "20154": {
            "year_quarter": 20154,
            "year": 2015,
            "quarter": 4,
            "eps": 0.96,
            "eps_growth_year": 30.26,
            "eps_4q": 2.57,
            "eps_4q_growth_year": 27.25,
            "roe": 5.12,
            "roe_4q": 13.33,
            "gross_profit": 113791,
            "gross_margin": 29.3,
            "gross_margin_4q_avg": 28.32,
            "net_income": 59831,
            "net_income_4q": null,
            "revenue": 388372,
            "revenue_4q": null,
            "common_shares": 626301,
            "book_valuer_per_share": 19.08,
            "book_valuer_per_share_4q_avg": 17.78,
            "equity": 1195064,
            "current_ratio": 105.46,
            "debt_ratio": 56.12,
            "inventory_turnover_ratio": 0.51,
            "account_receivable_turnover_ratio": 1.4,
            "reinvestment_rate": 145.32,
            "research_to_sale_ratio": 5.33,
            "price_fair": 79.1,
            "eps_avg_yearly": 2.26,
            "eps_latest_yearly": 3.84,
            "eps_growth_yearly": 123.23
        },
        "20161": {
            "year_quarter": 20161,
            "year": 2016,
            "quarter": 1,
            "eps": 0.88,
            "eps_growth_year": 100,
            "eps_4q": 2.93,
            "eps_4q_growth_year": 39.83,
            "roe": 4.48,
            "roe_4q": 15.21,
            "gross_profit": 121913,
            "gross_margin": 35.14,
            "gross_margin_4q_avg": 30.04,
            "net_income": 54915,
            "net_income_4q": null,
            "revenue": 346900,
            "revenue_4q": null,
            "common_shares": 626301,
            "book_valuer_per_share": 19.93,
            "book_valuer_per_share_4q_avg": 18.47,
            "equity": 1256044,
            "current_ratio": 107.8,
            "debt_ratio": 55.81,
            "inventory_turnover_ratio": 0.37,
            "account_receivable_turnover_ratio": 1.33,
            "reinvestment_rate": 133.62,
            "research_to_sale_ratio": 5.44,
            "price_fair": 85.4,
            "eps_avg_yearly": 2.44,
            "eps_latest_yearly": 3.52,
            "eps_growth_yearly": 142.15
        },
        "20162": {
            "year_quarter": 20162,
            "year": 2016,
            "quarter": 2,
            "eps": 1.02,
            "eps_growth_year": 75.86,
            "eps_4q": 3.27,
            "eps_4q_growth_year": 42.57,
            "roe": 5.25,
            "roe_4q": 17.05,
            "gross_profit": 133930,
            "gross_margin": 37.67,
            "gross_margin_4q_avg": 31.78,
            "net_income": 63433,
            "net_income_4q": null,
            "revenue": 355554,
            "revenue_4q": null,
            "common_shares": 626301,
            "book_valuer_per_share": 18.38,
            "book_valuer_per_share_4q_avg": 18.9,
            "equity": 1158499,
            "current_ratio": 99.59,
            "debt_ratio": 60.45,
            "inventory_turnover_ratio": 0.33,
            "account_receivable_turnover_ratio": 1.43,
            "reinvestment_rate": 127.32,
            "research_to_sale_ratio": 6.33,
            "price_fair": 86.98,
            "eps_avg_yearly": 2.49,
            "eps_latest_yearly": 4.08,
            "eps_growth_yearly": 39.88
        },
        "20163": {
            "year_quarter": 20163,
            "year": 2016,
            "quarter": 3,
            "eps": 0.41,
            "eps_growth_year": 5.13,
            "eps_4q": 3.27,
            "eps_4q_growth_year": 31.97,
            "roe": 2.16,
            "roe_4q": 17.01,
            "gross_profit": 78758,
            "gross_margin": 22.93,
            "gross_margin_4q_avg": 31.26,
            "net_income": 25371,
            "net_income_4q": null,
            "revenue": 343443,
            "revenue_4q": null,
            "common_shares": 626301,
            "book_valuer_per_share": 18.86,
            "book_valuer_per_share_4q_avg": 19.06,
            "equity": 1188400,
            "current_ratio": 99.71,
            "debt_ratio": 60.47,
            "inventory_turnover_ratio": 0.36,
            "account_receivable_turnover_ratio": 1.19,
            "reinvestment_rate": 128.17,
            "research_to_sale_ratio": 6.16,
            "price_fair": 85.75,
            "eps_avg_yearly": 2.45,
            "eps_latest_yearly": 1.64,
            "eps_growth_yearly": 33.56
        },
        "20164": {
            "year_quarter": 20164,
            "year": 2016,
            "quarter": 4,
            "eps": 0.94,
            "eps_growth_year": -1.34,
            "eps_4q": 3.25,
            "eps_4q_growth_year": 26.71,
            "roe": 4.8,
            "roe_4q": 16.69,
            "gross_profit": 132287,
            "gross_margin": 25.86,
            "gross_margin_4q_avg": 30.4,
            "net_income": 58426,
            "net_income_4q": null,
            "revenue": 511474,
            "revenue_4q": null,
            "common_shares": 626301,
            "book_valuer_per_share": 19.78,
            "book_valuer_per_share_4q_avg": 19.24,
            "equity": 1245057,
            "current_ratio": 102.92,
            "debt_ratio": 54.88,
            "inventory_turnover_ratio": 0.55,
            "account_receivable_turnover_ratio": 1.91,
            "reinvestment_rate": 121.14,
            "research_to_sale_ratio": 4.96,
            "price_fair": 89.69,
            "eps_avg_yearly": 2.56,
            "eps_latest_yearly": 3.76,
            "eps_growth_yearly": 68.6
        },
        "20171": {
            "year_quarter": 20171,
            "year": 2017,
            "quarter": 1,
            "eps": 1.02,
            "eps_growth_year": 15.91,
            "eps_4q": 3.39,
            "eps_4q_growth_year": 15.69,
            "roe": 4.95,
            "roe_4q": 17.16,
            "gross_profit": 126452,
            "gross_margin": 32.12,
            "gross_margin_4q_avg": 29.65,
            "net_income": 63345,
            "net_income_4q": null,
            "revenue": 393746,
            "revenue_4q": null,
            "common_shares": 626301,
            "book_valuer_per_share": 20.9,
            "book_valuer_per_share_4q_avg": 19.48,
            "equity": 1314640,
            "current_ratio": 107.29,
            "debt_ratio": 50.57,
            "inventory_turnover_ratio": 0.46,
            "account_receivable_turnover_ratio": 1.64,
            "reinvestment_rate": 114.16,
            "research_to_sale_ratio": 5.85,
            "price_fair": 94.68,
            "eps_avg_yearly": 2.71,
            "eps_latest_yearly": 4.08,
            "eps_growth_yearly": 72.77
        },
        "20172": {
            "year_quarter": 20172,
            "year": 2017,
            "quarter": 2,
            "eps": 0.85,
            "eps_growth_year": -16.67,
            "eps_4q": 3.22,
            "eps_4q_growth_year": -1.64,
            "roe": 4.19,
            "roe_4q": 16.1,
            "gross_profit": 122193,
            "gross_margin": 35.73,
            "gross_margin_4q_avg": 29.16,
            "net_income": 52229,
            "net_income_4q": null,
            "revenue": 342003,
            "revenue_4q": null,
            "common_shares": 626301,
            "book_valuer_per_share": 18.76,
            "book_valuer_per_share_4q_avg": 19.58,
            "equity": 1179826,
            "current_ratio": 95.27,
            "debt_ratio": 55.82,
            "inventory_turnover_ratio": 0.4,
            "account_receivable_turnover_ratio": 1.25,
            "reinvestment_rate": 109.62,
            "research_to_sale_ratio": 7.43,
            "price_fair": 96.86,
            "eps_avg_yearly": 2.77,
            "eps_latest_yearly": 3.4,
            "eps_growth_yearly": 60.27
        },
        "20173": {
            "year_quarter": 20173,
            "year": 2017,
            "quarter": 3,
            "eps": 1.08,
            "eps_growth_year": 163.41,
            "eps_4q": 3.89,
            "eps_4q_growth_year": 19.05,
            "roe": 5.52,
            "roe_4q": 19.46,
            "gross_profit": 131591,
            "gross_margin": 33.83,
            "gross_margin_4q_avg": 31.89,
            "net_income": 66876,
            "net_income_4q": null,
            "revenue": 388945,
            "revenue_4q": null,
            "common_shares": 626301,
            "book_valuer_per_share": 19.82,
            "book_valuer_per_share_4q_avg": 19.82,
            "equity": 1245305,
            "current_ratio": 96.44,
            "debt_ratio": 54.29,
            "inventory_turnover_ratio": 0.47,
            "account_receivable_turnover_ratio": 1.29,
            "reinvestment_rate": 107.42,
            "research_to_sale_ratio": 6.4,
            "price_fair": 97.65,
            "eps_avg_yearly": 2.79,
            "eps_latest_yearly": 4.32,
            "eps_growth_yearly": 50.79
        },
        "20174": {
            "year_quarter": 20174,
            "year": 2017,
            "quarter": 4,
            "eps": 0.79,
            "eps_growth_year": -16.4,
            "eps_4q": 3.73,
            "eps_4q_growth_year": 14.77,
            "roe": 3.96,
            "roe_4q": 18.62,
            "gross_profit": 124622,
            "gross_margin": 28.75,
            "gross_margin_4q_avg": 32.61,
            "net_income": 50215,
            "net_income_4q": null,
            "revenue": 433453,
            "revenue_4q": null,
            "common_shares": 626301,
            "book_valuer_per_share": 20.5,
            "book_valuer_per_share_4q_avg": 20,
            "equity": 1289328,
            "current_ratio": 93.55,
            "debt_ratio": 52.06,
            "inventory_turnover_ratio": 0.56,
            "account_receivable_turnover_ratio": 1.55,
            "reinvestment_rate": -53.84,
            "research_to_sale_ratio": 7.52,
            "price_fair": 99.66,
            "eps_avg_yearly": 2.85,
            "eps_latest_yearly": 3.16,
            "eps_growth_yearly": 54.93
        },
        "20181": {
            "year_quarter": 20181,
            "year": 2018,
            "quarter": 1,
            "eps": 0.68,
            "eps_growth_year": -33.33,
            "eps_4q": 3.39,
            "eps_4q_growth_year": 0.03,
            "roe": 3.21,
            "roe_4q": 16.88,
            "gross_profit": 105599,
            "gross_margin": 27.22,
            "gross_margin_4q_avg": 31.38,
            "net_income": 42121,
            "net_income_4q": null,
            "revenue": 387952,
            "revenue_4q": null,
            "common_shares": 626301,
            "book_valuer_per_share": 21.23,
            "book_valuer_per_share_4q_avg": 20.08,
            "equity": 1334173,
            "current_ratio": 93.81,
            "debt_ratio": 50.19,
            "inventory_turnover_ratio": 0.53,
            "account_receivable_turnover_ratio": 2.25,
            "reinvestment_rate": -57.83,
            "research_to_sale_ratio": 5.89,
            "price_fair": 102.29,
            "eps_avg_yearly": 2.92,
            "eps_latest_yearly": 2.72,
            "eps_growth_yearly": 59.49
        },
        "20182": {
            "year_quarter": 20182,
            "year": 2018,
            "quarter": 2,
            "eps": 0.63,
            "eps_growth_year": -25.88,
            "eps_4q": 3.17,
            "eps_4q_growth_year": -1.47,
            "roe": 3.05,
            "roe_4q": 15.739999999999998,
            "gross_profit": 107438,
            "gross_margin": 31.34,
            "gross_margin_4q_avg": 30.29,
            "net_income": 38123,
            "net_income_4q": null,
            "revenue": 342859,
            "revenue_4q": null,
            "common_shares": 626301,
            "book_valuer_per_share": 18.49,
            "book_valuer_per_share_4q_avg": 20.01,
            "equity": 1161689,
            "current_ratio": 83.07,
            "debt_ratio": 58.74,
            "inventory_turnover_ratio": 0.41,
            "account_receivable_turnover_ratio": 3.08,
            "reinvestment_rate": -58.81,
            "research_to_sale_ratio": 7.5,
            "price_fair": 104.48,
            "eps_avg_yearly": 2.99,
            "eps_latest_yearly": 2.52,
            "eps_growth_yearly": 57.65
        },
        "20183": {
            "year_quarter": 20183,
            "year": 2018,
            "quarter": 3,
            "eps": 0.76,
            "eps_growth_year": -29.63,
            "eps_4q": 2.86,
            "eps_4q_growth_year": -26.56,
            "roe": 3.98,
            "roe_4q": 14.2,
            "gross_profit": 118440,
            "gross_margin": 28.3,
            "gross_margin_4q_avg": 28.9,
            "net_income": 47209,
            "net_income_4q": null,
            "revenue": 418477,
            "revenue_4q": null,
            "common_shares": 626301,
            "book_valuer_per_share": 19.28,
            "book_valuer_per_share_4q_avg": 19.88,
            "equity": 1210460,
            "current_ratio": 85.97,
            "debt_ratio": 57.61,
            "inventory_turnover_ratio": 0.49,
            "account_receivable_turnover_ratio": 3.01,
            "reinvestment_rate": -58.84,
            "research_to_sale_ratio": 6.22,
            "price_fair": 106.4,
            "eps_avg_yearly": 3.04,
            "eps_latest_yearly": 3.04,
            "eps_growth_yearly": 52.28
        },
        "20184": {
            "year_quarter": 20184,
            "year": 2018,
            "quarter": 4,
            "eps": 1.02,
            "eps_growth_year": 28.96,
            "eps_4q": 3.08,
            "eps_4q_growth_year": -17.41,
            "roe": 5.11,
            "roe_4q": 15.350000000000001,
            "gross_profit": 147422,
            "gross_margin": 32.24,
            "gross_margin_4q_avg": 29.78,
            "net_income": 63400,
            "net_income_4q": null,
            "revenue": 457255,
            "revenue_4q": null,
            "common_shares": 626301,
            "book_valuer_per_share": 20.27,
            "book_valuer_per_share_4q_avg": 19.82,
            "equity": 1272141,
            "current_ratio": 89.8,
            "debt_ratio": 56.8,
            "inventory_turnover_ratio": 0.51,
            "account_receivable_turnover_ratio": 2.96,
            "reinvestment_rate": -5.75,
            "research_to_sale_ratio": 6.48,
            "price_fair": 108.94,
            "eps_avg_yearly": 3.11,
            "eps_latest_yearly": 4.08,
            "eps_growth_yearly": 52.04
        },
        "20191": {
            "year_quarter": 20191,
            "year": 2019,
            "quarter": 1,
            "eps": 0.63,
            "eps_growth_year": -7.35,
            "eps_4q": 3.03,
            "eps_4q_growth_year": -10.73,
            "roe": 2.97,
            "roe_4q": 15.11,
            "gross_profit": 116713,
            "gross_margin": 31.77,
            "gross_margin_4q_avg": 30.91,
            "net_income": 38427,
            "net_income_4q": null,
            "revenue": 367377,
            "revenue_4q": null,
            "common_shares": 626301,
            "book_valuer_per_share": 20.99,
            "book_valuer_per_share_4q_avg": 19.76,
            "equity": 1316554,
            "current_ratio": 92.73,
            "debt_ratio": 54.44,
            "inventory_turnover_ratio": 0.43,
            "account_receivable_turnover_ratio": 2.77,
            "reinvestment_rate": -5.78,
            "research_to_sale_ratio": 7.09,
            "price_fair": 110.6,
            "eps_avg_yearly": 3.16,
            "eps_latest_yearly": 2.52,
            "eps_growth_yearly": 52.41
        },
        "20192": {
            "year_quarter": 20192,
            "year": 2019,
            "quarter": 2,
            "eps": 0.82,
            "eps_growth_year": 30.16,
            "eps_4q": 3.22,
            "eps_4q_growth_year": 1.59,
            "roe": 4.02,
            "roe_4q": 16.080000000000002,
            "gross_profit": 126037,
            "gross_margin": 33.23,
            "gross_margin_4q_avg": 31.39,
            "net_income": 50276,
            "net_income_4q": null,
            "revenue": 379236,
            "revenue_4q": null,
            "common_shares": 626301,
            "book_valuer_per_share": 18.86,
            "book_valuer_per_share_4q_avg": 19.85,
            "equity": 1182350,
            "current_ratio": 85.53,
            "debt_ratio": 59.96,
            "inventory_turnover_ratio": 0.43,
            "account_receivable_turnover_ratio": 2.67,
            "reinvestment_rate": -4.09,
            "research_to_sale_ratio": 7.9,
            "price_fair": 112.7,
            "eps_avg_yearly": 3.22,
            "eps_latest_yearly": 3.28,
            "eps_growth_yearly": 51.99
        },
        "20193": {
            "year_quarter": 20193,
            "year": 2019,
            "quarter": 3,
            "eps": 0.95,
            "eps_growth_year": 25,
            "eps_4q": 3.41,
            "eps_4q_growth_year": 19.44,
            "roe": 4.89,
            "roe_4q": 16.990000000000002,
            "gross_profit": 143755,
            "gross_margin": 31.16,
            "gross_margin_4q_avg": 32.1,
            "net_income": 59419,
            "net_income_4q": null,
            "revenue": 461361,
            "revenue_4q": null,
            "common_shares": 626301,
            "book_valuer_per_share": 19.9,
            "book_valuer_per_share_4q_avg": 20.01,
            "equity": 1247043,
            "current_ratio": 88.22,
            "debt_ratio": 56.4,
            "inventory_turnover_ratio": 0.53,
            "account_receivable_turnover_ratio": 3.29,
            "reinvestment_rate": -4.18,
            "research_to_sale_ratio": 6.64,
            "price_fair": 117.6,
            "eps_avg_yearly": 3.36,
            "eps_latest_yearly": 3.8,
            "eps_growth_yearly": 64.15
        },
        "20194": {
            "year_quarter": 20194,
            "year": 2019,
            "quarter": 4,
            "eps": 1.57,
            "eps_growth_year": 54.16,
            "eps_4q": 3.96,
            "eps_4q_growth_year": 28.45,
            "roe": 7.81,
            "roe_4q": 19.689999999999998,
            "gross_profit": 196483,
            "gross_margin": 33.28,
            "gross_margin_4q_avg": 32.36,
            "net_income": 101506,
            "net_income_4q": null,
            "revenue": 590482,
            "revenue_4q": null,
            "common_shares": 626301,
            "book_valuer_per_share": 21.54,
            "book_valuer_per_share_4q_avg": 20.32,
            "equity": 1353205,
            "current_ratio": 93.52,
            "debt_ratio": 50.89,
            "inventory_turnover_ratio": 0.71,
            "account_receivable_turnover_ratio": 5.11,
            "reinvestment_rate": -4.13,
            "research_to_sale_ratio": 6.19,
            "price_fair": 122.94,
            "eps_avg_yearly": 3.51,
            "eps_latest_yearly": 6.28,
            "eps_growth_yearly": 43.92
        },
        "20201": {
            "year_quarter": 20201,
            "year": 2020,
            "quarter": 1,
            "eps": 0.86,
            "eps_growth_year": 36.51,
            "eps_4q": 4.19,
            "eps_4q_growth_year": 38.33,
            "roe": 4.13,
            "roe_4q": 20.849999999999998,
            "gross_profit": 139724,
            "gross_margin": 36.49,
            "gross_margin_4q_avg": 33.54,
            "net_income": 52713,
            "net_income_4q": null,
            "revenue": 382959,
            "revenue_4q": null,
            "common_shares": 626301,
            "book_valuer_per_share": 19.11,
            "book_valuer_per_share_4q_avg": 19.85,
            "equity": 1200416,
            "current_ratio": 84.12,
            "debt_ratio": 55.85,
            "inventory_turnover_ratio": 0.46,
            "account_receivable_turnover_ratio": 3.81,
            "reinvestment_rate": -4.25,
            "research_to_sale_ratio": 8.17,
            "price_fair": 122.76,
            "eps_avg_yearly": 3.51,
            "eps_latest_yearly": 3.44,
            "eps_growth_yearly": 34.7
        },
        "20202": {
            "year_quarter": 20202,
            "year": 2020,
            "quarter": 2,
            "eps": 1.04,
            "eps_growth_year": 26.83,
            "eps_4q": 4.41,
            "eps_4q_growth_year": 36.87,
            "roe": 5.38,
            "roe_4q": 22.21,
            "gross_profit": 163123,
            "gross_margin": 33.87,
            "gross_margin_4q_avg": 33.7,
            "net_income": 67098,
            "net_income_4q": null,
            "revenue": 481674,
            "revenue_4q": null,
            "common_shares": 626301,
            "book_valuer_per_share": 20.59,
            "book_valuer_per_share_4q_avg": 20.29,
            "equity": 1294912,
            "current_ratio": 91.42,
            "debt_ratio": 55.46,
            "inventory_turnover_ratio": 0.53,
            "account_receivable_turnover_ratio": 4.64,
            "reinvestment_rate": -2.81,
            "research_to_sale_ratio": 8.22,
            "price_fair": 122.94,
            "eps_avg_yearly": 3.51,
            "eps_latest_yearly": 4.16,
            "eps_growth_yearly": 35.96
        },
        "20203": {
            "year_quarter": 20203,
            "year": 2020,
            "quarter": 3,
            "eps": 1.28,
            "eps_growth_year": 34.74,
            "eps_4q": 4.74,
            "eps_4q_growth_year": 39.02,
            "roe": 5.94,
            "roe_4q": 23.259999999999998,
            "gross_profit": 176184,
            "gross_margin": 35.14,
            "gross_margin_4q_avg": 34.7,
            "net_income": 80130,
            "net_income_4q": null,
            "revenue": 501343,
            "revenue_4q": null,
            "common_shares": 626301,
            "book_valuer_per_share": 22.32,
            "book_valuer_per_share_4q_avg": 20.89,
            "equity": 1402997,
            "current_ratio": 98.53,
            "debt_ratio": 54.45,
            "inventory_turnover_ratio": 0.45,
            "account_receivable_turnover_ratio": 4.38,
            "reinvestment_rate": -2.61,
            "research_to_sale_ratio": 6.67,
            "price_fair": 130.55,
            "eps_avg_yearly": 3.73,
            "eps_latest_yearly": 5.12,
            "eps_growth_yearly": 56.68
        },
        "20204": {
            "year_quarter": 20204,
            "year": 2020,
            "quarter": 4,
            "eps": 2.03,
            "eps_growth_year": 29.44,
            "eps_4q": 5.2,
            "eps_4q_growth_year": 31.35,
            "roe": 8.78,
            "roe_4q": 24.229999999999997,
            "gross_profit": 247449,
            "gross_margin": 25.41,
            "gross_margin_4q_avg": 32.73,
            "net_income": 137339,
            "net_income_4q": null,
            "revenue": 973744,
            "revenue_4q": null,
            "common_shares": 626301,
            "book_valuer_per_share": 24.45,
            "book_valuer_per_share_4q_avg": 21.62,
            "equity": 1726466,
            "current_ratio": 94.65,
            "debt_ratio": 65.85,
            "inventory_turnover_ratio": 0.79,
            "account_receivable_turnover_ratio": 2.7,
            "reinvestment_rate": 27.74,
            "research_to_sale_ratio": 5.25,
            "price_fair": 140.09,
            "eps_avg_yearly": 4,
            "eps_latest_yearly": 8.12,
            "eps_growth_yearly": 39.01
        },
        "20211": {
            "year_quarter": 20211,
            "year": 2021,
            "quarter": 1,
            "eps": 1.04,
            "eps_growth_year": 20.93,
            "eps_4q": 5.38,
            "eps_4q_growth_year": 28.48,
            "roe": 4.07,
            "roe_4q": 24.169999999999998,
            "gross_profit": 203773,
            "gross_margin": 23.53,
            "gross_margin_4q_avg": 29.49,
            "net_income": 68179,
            "net_income_4q": null,
            "revenue": 865880,
            "revenue_4q": null,
            "common_shares": 626301,
            "book_valuer_per_share": 22.79,
            "book_valuer_per_share_4q_avg": 22.54,
            "equity": 1625490,
            "current_ratio": 92.75,
            "debt_ratio": 67,
            "inventory_turnover_ratio": 0.61,
            "account_receivable_turnover_ratio": 1.62,
            "reinvestment_rate": 29.91,
            "research_to_sale_ratio": 4.25,
            "price_fair": 139.02,
            "eps_avg_yearly": 4.01,
            "eps_latest_yearly": 4.16,
            "eps_growth_yearly": 24.69
        },
        "20212": {
            "year_quarter": 20212,
            "year": 2021,
            "quarter": 2,
            "eps": 1.17,
            "eps_growth_year": 12.5,
            "eps_4q": 5.51,
            "eps_4q_growth_year": 25,
            "roe": 4.53,
            "roe_4q": 23.320000000000004,
            "gross_profit": 236342,
            "gross_margin": 22.83,
            "gross_margin_4q_avg": 26.73,
            "net_income": 76459,
            "net_income_4q": null,
            "revenue": 1035271,
            "revenue_4q": null,
            "common_shares": 626301,
            "book_valuer_per_share": 24.88,
            "book_valuer_per_share_4q_avg": 23.61,
            "equity": 1750566,
            "current_ratio": 96.33,
            "debt_ratio": 66.01,
            "inventory_turnover_ratio": 0.71,
            "account_receivable_turnover_ratio": 2.19,
            "reinvestment_rate": 31.72,
            "research_to_sale_ratio": 3.67,
            "price_fair": 143.06,
            "eps_avg_yearly": 4.09,
            "eps_latest_yearly": 4.68,
            "eps_growth_yearly": 31.98
        },
        "20213": {
            "year_quarter": 20213,
            "year": 2021,
            "quarter": 3,
            "eps": 2.05,
            "eps_growth_year": 60.16,
            "eps_4q": 5.9,
            "eps_4q_growth_year": 24.38,
            "roe": 8.07,
            "roe_4q": 25.450000000000003,
            "gross_profit": 308010,
            "gross_margin": 29.11,
            "gross_margin_4q_avg": 25.22,
            "net_income": 145456,
            "net_income_4q": null,
            "revenue": 1058188,
            "revenue_4q": null,
            "common_shares": 688931,
            "book_valuer_per_share": 24.11,
            "book_valuer_per_share_4q_avg": 24.06,
            "equity": 1855150,
            "current_ratio": 99.76,
            "debt_ratio": 61.33,
            "inventory_turnover_ratio": 0.67,
            "account_receivable_turnover_ratio": 2.12,
            "reinvestment_rate": 29.09,
            "research_to_sale_ratio": 3.72,
            "price_fair": 151.55,
            "eps_avg_yearly": 4.33,
            "eps_latest_yearly": 8.2,
            "eps_growth_yearly": 44.02
        },
        "20214": {
            "year_quarter": 20214,
            "year": 2021,
            "quarter": 4,
            "eps": 1.77,
            "eps_growth_year": -12.76,
            "eps_4q": 5.71,
            "eps_4q_growth_year": 9.74,
            "roe": 6.97,
            "roe_4q": 23.64,
            "gross_profit": 311292,
            "gross_margin": 27.9,
            "gross_margin_4q_avg": 25.84,
            "net_income": 136678,
            "net_income_4q": null,
            "revenue": 1115642,
            "revenue_4q": null,
            "common_shares": 708851,
            "book_valuer_per_share": 26.27,
            "book_valuer_per_share_4q_avg": 24.51,
            "equity": 2067641,
            "current_ratio": 108.22,
            "debt_ratio": 55.66,
            "inventory_turnover_ratio": 0.73,
            "account_receivable_turnover_ratio": 2.39,
            "reinvestment_rate": 26.47,
            "research_to_sale_ratio": 4.25,
            "price_fair": 160.13,
            "eps_avg_yearly": 4.58,
            "eps_latest_yearly": 7.08,
            "eps_growth_yearly": 47.32
        },
        "20221": {
            "year_quarter": 20221,
            "year": 2022,
            "quarter": 1,
            "eps": 1.4,
            "eps_growth_year": 34.62,
            "eps_4q": 6.16,
            "eps_4q_growth_year": 14.32,
            "roe": 4.96,
            "roe_4q": 24.53,
            "gross_profit": 250510,
            "gross_margin": 26.25,
            "gross_margin_4q_avg": 26.52,
            "net_income": 98219,
            "net_income_4q": null,
            "revenue": 954500,
            "revenue_4q": null,
            "common_shares": 708731,
            "book_valuer_per_share": 23.74,
            "book_valuer_per_share_4q_avg": 24.75,
            "equity": 1889542,
            "current_ratio": 103.07,
            "debt_ratio": 59.07,
            "inventory_turnover_ratio": 0.67,
            "account_receivable_turnover_ratio": 2.49,
            "reinvestment_rate": 25.3,
            "research_to_sale_ratio": 4.33,
            "price_fair": 166.43,
            "eps_avg_yearly": 4.76,
            "eps_latest_yearly": 5.6,
            "eps_growth_yearly": 45.57
        },
        "20222": {
            "year_quarter": 20222,
            "year": 2022,
            "quarter": 2,
            "eps": 1.41,
            "eps_growth_year": 20.51,
            "eps_4q": 6.19,
            "eps_4q_growth_year": 12.26,
            "roe": 5.55,
            "roe_4q": 25.55,
            "gross_profit": 210642,
            "gross_margin": 32.49,
            "gross_margin_4q_avg": 28.94,
            "net_income": 108633,
            "net_income_4q": null,
            "revenue": 648389,
            "revenue_4q": null,
            "common_shares": 743590,
            "book_valuer_per_share": 23.45,
            "book_valuer_per_share_4q_avg": 24.39,
            "equity": 2024358,
            "current_ratio": 127.94,
            "debt_ratio": 57.22,
            "inventory_turnover_ratio": 0.49,
            "account_receivable_turnover_ratio": 2.72,
            "reinvestment_rate": -10.76,
            "research_to_sale_ratio": 6.43,
            "price_fair": 173.25,
            "eps_avg_yearly": 4.95,
            "eps_latest_yearly": 5.64,
            "eps_growth_yearly": 47.59
        },
        "20223": {
            "year_quarter": 20223,
            "year": 2022,
            "quarter": 3,
            "eps": 1.82,
            "eps_growth_year": -11.22,
            "eps_4q": 6.06,
            "eps_4q_growth_year": 2.78,
            "roe": 6.54,
            "roe_4q": 24.02,
            "gross_profit": 254501,
            "gross_margin": 40.4,
            "gross_margin_4q_avg": 31.76,
            "net_income": 136707,
            "net_income_4q": null,
            "revenue": 629910,
            "revenue_4q": null,
            "common_shares": 743410,
            "book_valuer_per_share": 25.14,
            "book_valuer_per_share_4q_avg": 24.65,
            "equity": 2154857,
            "current_ratio": 131.9,
            "debt_ratio": 56.51,
            "inventory_turnover_ratio": 0.46,
            "account_receivable_turnover_ratio": 4.97,
            "reinvestment_rate": -10.18,
            "research_to_sale_ratio": 7.44,
            "price_fair": 182.53,
            "eps_avg_yearly": 5.22,
            "eps_latest_yearly": 7.28,
            "eps_growth_yearly": 49.7
        },
        "20224": {
            "year_quarter": 20224,
            "year": 2022,
            "quarter": 4,
            "eps": 2.31,
            "eps_growth_year": 30.63,
            "eps_4q": 6.69,
            "eps_4q_growth_year": 17.1,
            "roe": 8.28,
            "roe_4q": 25.330000000000002,
            "gross_profit": 305156,
            "gross_margin": 45.58,
            "gross_margin_4q_avg": 36.18,
            "net_income": 187046,
            "net_income_4q": null,
            "revenue": 669562,
            "revenue_4q": null,
            "common_shares": 743350,
            "book_valuer_per_share": 27.75,
            "book_valuer_per_share_4q_avg": 25.02,
            "equity": 2361174,
            "current_ratio": 138.35,
            "debt_ratio": 54.86,
            "inventory_turnover_ratio": 0.41,
            "account_receivable_turnover_ratio": 6.36,
            "reinvestment_rate": -9.18,
            "research_to_sale_ratio": 6.24,
            "price_fair": 193.81,
            "eps_avg_yearly": 5.54,
            "eps_latest_yearly": 9.24,
            "eps_growth_yearly": 47.88
        },
        "20231": {
            "year_quarter": 20231,
            "year": 2023,
            "quarter": 1,
            "eps": 1.71,
            "eps_growth_year": 22.14,
            "eps_4q": 7.06,
            "eps_4q_growth_year": 14.64,
            "roe": 5.8,
            "roe_4q": 26.169999999999998,
            "gross_profit": 247929,
            "gross_margin": 39.86,
            "gross_margin_4q_avg": 39.58,
            "net_income": 130623,
            "net_income_4q": null,
            "revenue": 622019,
            "revenue_4q": null,
            "common_shares": 743230,
            "book_valuer_per_share": 24.75,
            "book_valuer_per_share_4q_avg": 25.27,
            "equity": 2144543,
            "current_ratio": 129.32,
            "debt_ratio": 58.34,
            "inventory_turnover_ratio": 0.4,
            "account_receivable_turnover_ratio": 6.77,
            "reinvestment_rate": -8.46,
            "research_to_sale_ratio": 6.72,
            "price_fair": 203.26,
            "eps_avg_yearly": 5.81,
            "eps_latest_yearly": 6.84,
            "eps_growth_yearly": 50.94
        },
        "20232": {
            "year_quarter": 20232,
            "year": 2023,
            "quarter": 2,
            "eps": 2.47,
            "eps_growth_year": 75.18,
            "eps_4q": 8.16,
            "eps_4q_growth_year": 31.82,
            "roe": 9.02,
            "roe_4q": 29.64,
            "gross_profit": 266878,
            "gross_margin": 40.12,
            "gross_margin_4q_avg": 41.49,
            "net_income": 188366,
            "net_income_4q": null,
            "revenue": 665246,
            "revenue_4q": null,
            "common_shares": 743050,
            "book_valuer_per_share": 27.33,
            "book_valuer_per_share_4q_avg": 26.24,
            "equity": 2030394,
            "current_ratio": 138.74,
            "debt_ratio": 49.51,
            "inventory_turnover_ratio": 0.44,
            "account_receivable_turnover_ratio": 5.73,
            "reinvestment_rate": -7.75,
            "research_to_sale_ratio": 6.98,
            "price_fair": 217.7,
            "eps_avg_yearly": 6.22,
            "eps_latest_yearly": 9.88,
            "eps_growth_yearly": 54.52
        },
        "20233": {
            "year_quarter": 20233,
            "year": 2023,
            "quarter": 3,
            "eps": 2.3,
            "eps_growth_year": 26.37,
            "eps_4q": 8.63,
            "eps_4q_growth_year": 42.38,
            "roe": 7.91,
            "roe_4q": 31.009999999999998,
            "gross_profit": 299712,
            "gross_margin": 41.26,
            "gross_margin_4q_avg": 41.71,
            "net_income": 166961,
            "net_income_4q": null,
            "revenue": 726469,
            "revenue_4q": null,
            "common_shares": 743010,
            "book_valuer_per_share": 29.51,
            "book_valuer_per_share_4q_avg": 27.34,
            "equity": 2192345,
            "current_ratio": 167.02,
            "debt_ratio": 39.14,
            "inventory_turnover_ratio": 0.48,
            "account_receivable_turnover_ratio": 6.12,
            "reinvestment_rate": -7.22,
            "research_to_sale_ratio": 6.14,
            "price_fair": 229.51,
            "eps_avg_yearly": 6.56,
            "eps_latest_yearly": 9.2,
            "eps_growth_yearly": 48.83
        }
    },
    "months": {
        "2001-06": {
            "month": "2001-06",
            "price": "31.12",
            "revenue": 55744
        },
        "2001-08": {
            "month": "2001-08",
            "price": "22.97",
            "revenue": 60615
        },
        "2001-09": {
            "month": "2001-09",
            "price": "20.08",
            "revenue": 110505
        },
        "2001-10": {
            "month": "2001-10",
            "price": "18.03",
            "revenue": 87373
        },
        "2001-11": {
            "month": "2001-11",
            "price": "21.61",
            "revenue": 44061
        },
        "2001-12": {
            "month": "2001-12",
            "price": "32.73",
            "revenue": 91452
        },
        "2002-01": {
            "month": "2002-01",
            "price": "33.30",
            "revenue": 54204
        },
        "2002-02": {
            "month": "2002-02",
            "price": "32.29",
            "revenue": 61405
        },
        "2002-03": {
            "month": "2002-03",
            "price": "32.12",
            "revenue": 77246
        },
        "2002-04": {
            "month": "2002-04",
            "price": "31.70",
            "revenue": 65350
        },
        "2002-05": {
            "month": "2002-05",
            "price": "26.87",
            "revenue": 69670
        },
        "2002-06": {
            "month": "2002-06",
            "price": "25.39",
            "revenue": 64466
        },
        "2002-07": {
            "month": "2002-07",
            "price": "23.24",
            "revenue": 53719
        },
        "2002-08": {
            "month": "2002-08",
            "price": "23.59",
            "revenue": 69320
        },
        "2002-09": {
            "month": "2002-09",
            "price": "20.88",
            "revenue": 112432
        },
        "2002-10": {
            "month": "2002-10",
            "price": "20.34",
            "revenue": 79155
        },
        "2002-11": {
            "month": "2002-11",
            "price": "21.24",
            "revenue": 86215
        },
        "2002-12": {
            "month": "2002-12",
            "price": "21.56",
            "revenue": 115350
        },
        "2003-01": {
            "month": "2003-01",
            "price": "23.49",
            "revenue": 87081
        },
        "2003-02": {
            "month": "2003-02",
            "price": "21.73",
            "revenue": 44273
        },
        "2003-03": {
            "month": "2003-03",
            "price": "21.00",
            "revenue": 81282
        },
        "2003-04": {
            "month": "2003-04",
            "price": "20.17",
            "revenue": 62649
        },
        "2003-05": {
            "month": "2003-05",
            "price": "16.98",
            "revenue": 103827
        },
        "2003-06": {
            "month": "2003-06",
            "price": "18.66",
            "revenue": 91760
        },
        "2003-07": {
            "month": "2003-07",
            "price": "19.43",
            "revenue": 78366
        },
        "2003-08": {
            "month": "2003-08",
            "price": "16.59",
            "revenue": 61063
        },
        "2003-09": {
            "month": "2003-09",
            "price": "16.11",
            "revenue": 121560
        },
        "2003-10": {
            "month": "2003-10",
            "price": "15.98",
            "revenue": 108257
        },
        "2003-11": {
            "month": "2003-11",
            "price": "17.16",
            "revenue": 95370
        },
        "2003-12": {
            "month": "2003-12",
            "price": "17.50",
            "revenue": 178801
        },
        "2004-01": {
            "month": "2004-01",
            "price": "19.38",
            "revenue": 119221
        },
        "2004-02": {
            "month": "2004-02",
            "price": "21.04",
            "revenue": 109330
        },
        "2004-03": {
            "month": "2004-03",
            "price": "20.99",
            "revenue": 118351
        },
        "2004-04": {
            "month": "2004-04",
            "price": "20.45",
            "revenue": 113900
        },
        "2004-05": {
            "month": "2004-05",
            "price": "18.34",
            "revenue": 126795
        },
        "2004-06": {
            "month": "2004-06",
            "price": "17.44",
            "revenue": 102413
        },
        "2004-07": {
            "month": "2004-07",
            "price": "16.33",
            "revenue": 107480
        },
        "2004-08": {
            "month": "2004-08",
            "price": "15.98",
            "revenue": 106789
        },
        "2004-09": {
            "month": "2004-09",
            "price": "17.07",
            "revenue": 132416
        },
        "2004-10": {
            "month": "2004-10",
            "price": "16.82",
            "revenue": 110180
        },
        "2004-11": {
            "month": "2004-11",
            "price": "15.34",
            "revenue": 110077
        },
        "2004-12": {
            "month": "2004-12",
            "price": "15.08",
            "revenue": 137840
        },
        "2005-01": {
            "month": "2005-01",
            "price": "15.04",
            "revenue": 120647
        },
        "2005-02": {
            "month": "2005-02",
            "price": "15.55",
            "revenue": 86316
        },
        "2005-03": {
            "month": "2005-03",
            "price": "16.07",
            "revenue": 129865
        },
        "2005-04": {
            "month": "2005-04",
            "price": "15.41",
            "revenue": 84696
        },
        "2005-05": {
            "month": "2005-05",
            "price": "15.26",
            "revenue": 86288
        },
        "2005-06": {
            "month": "2005-06",
            "price": "15.38",
            "revenue": 149439
        },
        "2005-07": {
            "month": "2005-07",
            "price": "14.55",
            "revenue": 123772
        },
        "2005-08": {
            "month": "2005-08",
            "price": "13.40",
            "revenue": 114437
        },
        "2005-09": {
            "month": "2005-09",
            "price": "13.09",
            "revenue": 162812
        },
        "2005-10": {
            "month": "2005-10",
            "price": "13.08",
            "revenue": 96887
        },
        "2005-11": {
            "month": "2005-11",
            "price": "12.96",
            "revenue": 136565
        },
        "2005-12": {
            "month": "2005-12",
            "price": "13.69",
            "revenue": 183837
        },
        "2006-01": {
            "month": "2006-01",
            "price": "14.31",
            "revenue": 109061
        },
        "2006-02": {
            "month": "2006-02",
            "price": "14.68",
            "revenue": 81411
        },
        "2006-03": {
            "month": "2006-03",
            "price": "14.59",
            "revenue": 121066
        },
        "2006-04": {
            "month": "2006-04",
            "price": "15.08",
            "revenue": 106065
        },
        "2006-05": {
            "month": "2006-05",
            "price": "15.88",
            "revenue": 86884
        },
        "2006-06": {
            "month": "2006-06",
            "price": "15.14",
            "revenue": 145474
        },
        "2006-07": {
            "month": "2006-07",
            "price": "15.25",
            "revenue": 103347
        },
        "2006-08": {
            "month": "2006-08",
            "price": "13.89",
            "revenue": 107187
        },
        "2006-09": {
            "month": "2006-09",
            "price": "13.16",
            "revenue": 90298
        },
        "2006-10": {
            "month": "2006-10",
            "price": "13.05",
            "revenue": 97037
        },
        "2006-11": {
            "month": "2006-11",
            "price": "13.30",
            "revenue": 84186
        },
        "2006-12": {
            "month": "2006-12",
            "price": "14.71",
            "revenue": 183289
        },
        "2007-01": {
            "month": "2007-01",
            "price": "14.62",
            "revenue": 85569
        },
        "2007-02": {
            "month": "2007-02",
            "price": "13.96",
            "revenue": 69706
        },
        "2007-03": {
            "month": "2007-03",
            "price": "14.11",
            "revenue": 104535
        },
        "2007-04": {
            "month": "2007-04",
            "price": "15.67",
            "revenue": 109580
        },
        "2007-05": {
            "month": "2007-05",
            "price": "14.96",
            "revenue": 97326
        },
        "2007-06": {
            "month": "2007-06",
            "price": "15.92",
            "revenue": 87496
        },
        "2007-07": {
            "month": "2007-07",
            "price": "16.64",
            "revenue": 100564
        },
        "2007-08": {
            "month": "2007-08",
            "price": "15.17",
            "revenue": 97067
        },
        "2007-09": {
            "month": "2007-09",
            "price": "13.91",
            "revenue": 122010
        },
        "2007-10": {
            "month": "2007-10",
            "price": "13.84",
            "revenue": 114527
        },
        "2007-11": {
            "month": "2007-11",
            "price": "13.16",
            "revenue": 119328
        },
        "2007-12": {
            "month": "2007-12",
            "price": "12.85",
            "revenue": 155486
        },
        "2008-01": {
            "month": "2008-01",
            "price": "12.97",
            "revenue": 96940
        },
        "2008-02": {
            "month": "2008-02",
            "price": "13.27",
            "revenue": 119428
        },
        "2008-03": {
            "month": "2008-03",
            "price": "14.29",
            "revenue": 152911
        },
        "2008-04": {
            "month": "2008-04",
            "price": "15.45",
            "revenue": 120719
        },
        "2008-05": {
            "month": "2008-05",
            "price": "16.46",
            "revenue": 116587
        },
        "2008-06": {
            "month": "2008-06",
            "price": "15.48",
            "revenue": 103651
        },
        "2008-07": {
            "month": "2008-07",
            "price": "15.26",
            "revenue": 120303
        },
        "2008-08": {
            "month": "2008-08",
            "price": "15.19",
            "revenue": 104929
        },
        "2008-09": {
            "month": "2008-09",
            "price": "13.27",
            "revenue": 113445
        },
        "2008-10": {
            "month": "2008-10",
            "price": "12.36",
            "revenue": 100521
        },
        "2008-11": {
            "month": "2008-11",
            "price": "11.56",
            "revenue": 101185
        },
        "2008-12": {
            "month": "2008-12",
            "price": "11.55",
            "revenue": 163496
        },
        "2009-01": {
            "month": "2009-01",
            "price": "11.56",
            "revenue": 88353
        },
        "2009-02": {
            "month": "2009-02",
            "price": "11.86",
            "revenue": 98872
        },
        "2009-03": {
            "month": "2009-03",
            "price": "12.79",
            "revenue": 106550
        },
        "2009-04": {
            "month": "2009-04",
            "price": "13.40",
            "revenue": 105214
        },
        "2009-05": {
            "month": "2009-05",
            "price": "13.44",
            "revenue": 106432
        },
        "2009-06": {
            "month": "2009-06",
            "price": "12.93",
            "revenue": 101334
        },
        "2009-07": {
            "month": "2009-07",
            "price": "12.54",
            "revenue": 100261
        },
        "2009-08": {
            "month": "2009-08",
            "price": "12.18",
            "revenue": 100095
        },
        "2009-09": {
            "month": "2009-09",
            "price": "12.82",
            "revenue": 100175
        },
        "2009-10": {
            "month": "2009-10",
            "price": "14.19",
            "revenue": 106405
        },
        "2009-11": {
            "month": "2009-11",
            "price": "19.06",
            "revenue": 105161
        },
        "2009-12": {
            "month": "2009-12",
            "price": "22.92",
            "revenue": 105671
        },
        "2010-01": {
            "month": "2010-01",
            "price": "25.72",
            "revenue": 90271
        },
        "2010-02": {
            "month": "2010-02",
            "price": "24.40",
            "revenue": 67468
        },
        "2010-03": {
            "month": "2010-03",
            "price": "27.12",
            "revenue": 101027
        },
        "2010-04": {
            "month": "2010-04",
            "price": "29.40",
            "revenue": 92927
        },
        "2010-05": {
            "month": "2010-05",
            "price": "23.66",
            "revenue": 78819
        },
        "2010-06": {
            "month": "2010-06",
            "price": "23.72",
            "revenue": 74784
        },
        "2010-07": {
            "month": "2010-07",
            "price": "25.54",
            "revenue": 75031
        },
        "2010-08": {
            "month": "2010-08",
            "price": "25.25",
            "revenue": 76344
        },
        "2010-09": {
            "month": "2010-09",
            "price": "24.22",
            "revenue": 67432
        },
        "2010-10": {
            "month": "2010-10",
            "price": "22.72",
            "revenue": 70832
        },
        "2010-11": {
            "month": "2010-11",
            "price": "20.54",
            "revenue": 69728
        },
        "2010-12": {
            "month": "2010-12",
            "price": "22.62",
            "revenue": 63164
        },
        "2011-01": {
            "month": "2011-01",
            "price": "24.29",
            "revenue": 72637
        },
        "2011-02": {
            "month": "2011-02",
            "price": "24.51",
            "revenue": 51158
        },
        "2011-03": {
            "month": "2011-03",
            "price": "24.11",
            "revenue": 65463
        },
        "2011-04": {
            "month": "2011-04",
            "price": "24.33",
            "revenue": 58311
        },
        "2011-05": {
            "month": "2011-05",
            "price": "24.18",
            "revenue": 70167
        },
        "2011-06": {
            "month": "2011-06",
            "price": "23.79",
            "revenue": 75735
        },
        "2011-07": {
            "month": "2011-07",
            "price": "23.04",
            "revenue": 61847
        },
        "2011-08": {
            "month": "2011-08",
            "price": "19.80",
            "revenue": 65706
        },
        "2011-09": {
            "month": "2011-09",
            "price": "19.23",
            "revenue": 91723
        },
        "2011-10": {
            "month": "2011-10",
            "price": "18.56",
            "revenue": 88137
        },
        "2011-11": {
            "month": "2011-11",
            "price": "17.59",
            "revenue": 96103
        },
        "2011-12": {
            "month": "2011-12",
            "price": "18.81",
            "revenue": 115587
        },
        "2012-01": {
            "month": "2012-01",
            "price": "18.87",
            "revenue": 91103
        },
        "2012-02": {
            "month": "2012-02",
            "price": "20.06",
            "revenue": 83494
        },
        "2012-03": {
            "month": "2012-03",
            "price": "20.17",
            "revenue": 101320
        },
        "2012-04": {
            "month": "2012-04",
            "price": "19.46",
            "revenue": 117344
        },
        "2012-05": {
            "month": "2012-05",
            "price": "18.68",
            "revenue": 115065
        },
        "2012-06": {
            "month": "2012-06",
            "price": "18.58",
            "revenue": 160710
        },
        "2012-07": {
            "month": "2012-07",
            "price": "19.53",
            "revenue": 130941
        },
        "2012-08": {
            "month": "2012-08",
            "price": "20.24",
            "revenue": 119239
        },
        "2012-09": {
            "month": "2012-09",
            "price": "20.43",
            "revenue": 118940
        },
        "2012-10": {
            "month": "2012-10",
            "price": "20.29",
            "revenue": 127252
        },
        "2012-11": {
            "month": "2012-11",
            "price": "20.12",
            "revenue": 122336
        },
        "2012-12": {
            "month": "2012-12",
            "price": "20.36",
            "revenue": 163581
        },
        "2013-01": {
            "month": "2013-01",
            "price": "21.07",
            "revenue": 106608
        },
        "2013-02": {
            "month": "2013-02",
            "price": "21.17",
            "revenue": 101482
        },
        "2013-03": {
            "month": "2013-03",
            "price": "21.79",
            "revenue": 116490
        },
        "2013-04": {
            "month": "2013-04",
            "price": "22.45",
            "revenue": 118323
        },
        "2013-05": {
            "month": "2013-05",
            "price": "22.37",
            "revenue": 130529
        },
        "2013-06": {
            "month": "2013-06",
            "price": "23.47",
            "revenue": 136743
        },
        "2013-07": {
            "month": "2013-07",
            "price": "22.87",
            "revenue": 120892
        },
        "2013-08": {
            "month": "2013-08",
            "price": "23.83",
            "revenue": 121347
        },
        "2013-09": {
            "month": "2013-09",
            "price": "23.45",
            "revenue": 122787
        },
        "2013-10": {
            "month": "2013-10",
            "price": "23.27",
            "revenue": 111456
        },
        "2013-11": {
            "month": "2013-11",
            "price": "24.01",
            "revenue": 111911
        },
        "2013-12": {
            "month": "2013-12",
            "price": "24.79",
            "revenue": 146255
        },
        "2014-01": {
            "month": "2014-01",
            "price": "24.79",
            "revenue": 107806
        },
        "2014-02": {
            "month": "2014-02",
            "price": "25.34",
            "revenue": 107250
        },
        "2014-03": {
            "month": "2014-03",
            "price": "26.35",
            "revenue": 106246
        },
        "2014-04": {
            "month": "2014-04",
            "price": "26.63",
            "revenue": 81668
        },
        "2014-05": {
            "month": "2014-05",
            "price": "24.90",
            "revenue": 108510
        },
        "2014-06": {
            "month": "2014-06",
            "price": "24.85",
            "revenue": 108308
        },
        "2014-07": {
            "month": "2014-07",
            "price": "24.15",
            "revenue": 93483
        },
        "2014-08": {
            "month": "2014-08",
            "price": "21.45",
            "revenue": 100091
        },
        "2014-09": {
            "month": "2014-09",
            "price": "21.58",
            "revenue": 101190
        },
        "2014-10": {
            "month": "2014-10",
            "price": "21.35",
            "revenue": 113544
        },
        "2014-11": {
            "month": "2014-11",
            "price": "21.62",
            "revenue": 113622
        },
        "2014-12": {
            "month": "2014-12",
            "price": "22.05",
            "revenue": 128648
        },
        "2015-01": {
            "month": "2015-01",
            "price": "22.62",
            "revenue": 119153
        },
        "2015-02": {
            "month": "2015-02",
            "price": "22.76",
            "revenue": 76945
        },
        "2015-03": {
            "month": "2015-03",
            "price": "22.82",
            "revenue": 102442
        },
        "2015-04": {
            "month": "2015-04",
            "price": "22.52",
            "revenue": 118040
        },
        "2015-05": {
            "month": "2015-05",
            "price": "22.34",
            "revenue": 110789
        },
        "2015-06": {
            "month": "2015-06",
            "price": "21.74",
            "revenue": 104814
        },
        "2015-07": {
            "month": "2015-07",
            "price": "21.62",
            "revenue": 95406
        },
        "2015-08": {
            "month": "2015-08",
            "price": "20.00",
            "revenue": 102992
        },
        "2015-09": {
            "month": "2015-09",
            "price": "20.20",
            "revenue": 106731
        },
        "2015-10": {
            "month": "2015-10",
            "price": "21.92",
            "revenue": 107794
        },
        "2015-11": {
            "month": "2015-11",
            "price": "22.20",
            "revenue": 132097
        },
        "2015-12": {
            "month": "2015-12",
            "price": "21.92",
            "revenue": 148481
        },
        "2016-01": {
            "month": "2016-01",
            "price": "21.73",
            "revenue": 132266
        },
        "2016-02": {
            "month": "2016-02",
            "price": "22.28",
            "revenue": 111868
        },
        "2016-03": {
            "month": "2016-03",
            "price": "26.07",
            "revenue": 102765
        },
        "2016-04": {
            "month": "2016-04",
            "price": "27.86",
            "revenue": 108356
        },
        "2016-05": {
            "month": "2016-05",
            "price": "27.34",
            "revenue": 107463
        },
        "2016-06": {
            "month": "2016-06",
            "price": "27.38",
            "revenue": 139734
        },
        "2016-07": {
            "month": "2016-07",
            "price": "29.74",
            "revenue": 123781
        },
        "2016-08": {
            "month": "2016-08",
            "price": "31.25",
            "revenue": 124597
        },
        "2016-09": {
            "month": "2016-09",
            "price": "32.80",
            "revenue": 95065
        },
        "2016-10": {
            "month": "2016-10",
            "price": "30.92",
            "revenue": 137310
        },
        "2016-11": {
            "month": "2016-11",
            "price": "29.27",
            "revenue": 163781
        },
        "2016-12": {
            "month": "2016-12",
            "price": "30.24",
            "revenue": 210383
        },
        "2017-01": {
            "month": "2017-01",
            "price": "30.80",
            "revenue": 134479
        },
        "2017-02": {
            "month": "2017-02",
            "price": "31.57",
            "revenue": 147194
        },
        "2017-03": {
            "month": "2017-03",
            "price": "34.94",
            "revenue": 112073
        },
        "2017-04": {
            "month": "2017-04",
            "price": "35.22",
            "revenue": 105543
        },
        "2017-05": {
            "month": "2017-05",
            "price": "36.32",
            "revenue": 115594
        },
        "2017-06": {
            "month": "2017-06",
            "price": "36.79",
            "revenue": 120954
        },
        "2017-07": {
            "month": "2017-07",
            "price": "36.56",
            "revenue": 129865
        },
        "2017-08": {
            "month": "2017-08",
            "price": "37.12",
            "revenue": 115678
        },
        "2017-09": {
            "month": "2017-09",
            "price": "34.89",
            "revenue": 143402
        },
        "2017-10": {
            "month": "2017-10",
            "price": "35.40",
            "revenue": 137048
        },
        "2017-11": {
            "month": "2017-11",
            "price": "37.01",
            "revenue": 135551
        },
        "2017-12": {
            "month": "2017-12",
            "price": "37.16",
            "revenue": 160854
        },
        "2018-01": {
            "month": "2018-01",
            "price": "38.42",
            "revenue": 114230
        },
        "2018-02": {
            "month": "2018-02",
            "price": "38.28",
            "revenue": 101432
        },
        "2018-03": {
            "month": "2018-03",
            "price": "39.58",
            "revenue": 172290
        },
        "2018-04": {
            "month": "2018-04",
            "price": "41.16",
            "revenue": 107190
        },
        "2018-05": {
            "month": "2018-05",
            "price": "40.42",
            "revenue": 118060
        },
        "2018-06": {
            "month": "2018-06",
            "price": "40.46",
            "revenue": 119145
        },
        "2018-07": {
            "month": "2018-07",
            "price": "38.02",
            "revenue": 138547
        },
        "2018-08": {
            "month": "2018-08",
            "price": "36.47",
            "revenue": 138749
        },
        "2018-09": {
            "month": "2018-09",
            "price": "36.54",
            "revenue": 142805
        },
        "2018-10": {
            "month": "2018-10",
            "price": "35.27",
            "revenue": 143765
        },
        "2018-11": {
            "month": "2018-11",
            "price": "34.01",
            "revenue": 134594
        },
        "2018-12": {
            "month": "2018-12",
            "price": "34.22",
            "revenue": 178936
        },
        "2019-01": {
            "month": "2019-01",
            "price": "35.10",
            "revenue": 126441
        },
        "2019-02": {
            "month": "2019-02",
            "price": "36.40",
            "revenue": 88832
        },
        "2019-03": {
            "month": "2019-03",
            "price": "37.94",
            "revenue": 152104
        },
        "2019-04": {
            "month": "2019-04",
            "price": "38.32",
            "revenue": 108985
        },
        "2019-05": {
            "month": "2019-05",
            "price": "38.04",
            "revenue": 121139
        },
        "2019-06": {
            "month": "2019-06",
            "price": "38.44",
            "revenue": 149112
        },
        "2019-07": {
            "month": "2019-07",
            "price": "38.63",
            "revenue": 142596
        },
        "2019-08": {
            "month": "2019-08",
            "price": "38.20",
            "revenue": 164271
        },
        "2019-09": {
            "month": "2019-09",
            "price": "38.88",
            "revenue": 154494
        },
        "2019-10": {
            "month": "2019-10",
            "price": "39.46",
            "revenue": 172556
        },
        "2019-11": {
            "month": "2019-11",
            "price": "40.72",
            "revenue": 158494
        },
        "2019-12": {
            "month": "2019-12",
            "price": "41.24",
            "revenue": 260600
        },
        "2020-01": {
            "month": "2020-01",
            "price": "43.27",
            "revenue": 124581
        },
        "2020-02": {
            "month": "2020-02",
            "price": "44.85",
            "revenue": 116452
        },
        "2020-03": {
            "month": "2020-03",
            "price": "42.37",
            "revenue": 141851
        },
        "2020-04": {
            "month": "2020-04",
            "price": "43.20",
            "revenue": 149828
        },
        "2020-05": {
            "month": "2020-05",
            "price": "47.00",
            "revenue": 155251
        },
        "2020-06": {
            "month": "2020-06",
            "price": "54.90",
            "revenue": 176620
        },
        "2020-07": {
            "month": "2020-07",
            "price": "56.00",
            "revenue": 164278
        },
        "2020-08": {
            "month": "2020-08",
            "price": "53.22",
            "revenue": 171423
        },
        "2020-09": {
            "month": "2020-09",
            "price": "52.32",
            "revenue": 165626
        },
        "2020-10": {
            "month": "2020-10",
            "price": "52.29",
            "revenue": 162624
        },
        "2020-11": {
            "month": "2020-11",
            "price": "54.05",
            "revenue": 171448
        },
        "2020-12": {
            "month": "2020-12",
            "price": "55.08",
            "revenue": 638894
        },
        "2021-01": {
            "month": "2021-01",
            "price": "57.42",
            "revenue": 288817
        },
        "2021-02": {
            "month": "2021-02",
            "price": "58.10",
            "revenue": 264675
        },
        "2021-03": {
            "month": "2021-03",
            "price": "66.43",
            "revenue": 311726
        },
        "2021-04": {
            "month": "2021-04",
            "price": "74.33",
            "revenue": 294633
        },
        "2021-05": {
            "month": "2021-05",
            "price": "67.20",
            "revenue": 278921
        },
        "2021-06": {
            "month": "2021-06",
            "price": "67.73",
            "revenue": 460758
        },
        "2021-07": {
            "month": "2021-07",
            "price": "71.82",
            "revenue": 316186
        },
        "2021-08": {
            "month": "2021-08",
            "price": "65.51",
            "revenue": 354360
        },
        "2021-09": {
            "month": "2021-09",
            "price": "63.35",
            "revenue": 387355
        },
        "2021-10": {
            "month": "2021-10",
            "price": "62.78",
            "revenue": 297858
        },
        "2021-11": {
            "month": "2021-11",
            "price": "66.92",
            "revenue": 368712
        },
        "2021-12": {
            "month": "2021-12",
            "price": "68.53",
            "revenue": 448435
        },
        "2022-01": {
            "month": "2022-01",
            "price": "69.49",
            "revenue": 325861
        },
        "2022-02": {
            "month": "2022-02",
            "price": "68.36",
            "revenue": 255456
        },
        "2022-03": {
            "month": "2022-03",
            "price": "71.05",
            "revenue": 372546
        },
        "2022-04": {
            "month": "2022-04",
            "price": "72.90",
            "revenue": 326159
        },
        "2022-05": {
            "month": "2022-05",
            "price": "71.23",
            "revenue": 349030
        },
        "2022-06": {
            "month": "2022-06",
            "price": "70.85",
            "revenue": 407284
        },
        "2022-07": {
            "month": "2022-07",
            "price": "69.15",
            "revenue": 351117
        },
        "2022-08": {
            "month": "2022-08",
            "price": "71.02",
            "revenue": 422395
        },
        "2022-09": {
            "month": "2022-09",
            "price": "71.01",
            "revenue": 325220
        },
        "2022-10": {
            "month": "2022-10",
            "price": "65.38",
            "revenue": 414438
        },
        "2022-11": {
            "month": "2022-11",
            "price": "66.85",
            "revenue": 378939
        },
        "2022-12": {
            "month": "2022-12",
            "price": "67.81",
            "revenue": 493720
        },
        "2023-01": {
            "month": "2023-01",
            "price": "70.64",
            "revenue": 246318
        },
        "2023-02": {
            "month": "2023-02",
            "price": "74.12",
            "revenue": 426287
        },
        "2023-03": {
            "month": "2023-03",
            "price": "84.04",
            "revenue": 492569
        },
        "2023-04": {
            "month": "2023-04",
            "price": "94.45",
            "revenue": 403927
        },
        "2023-05": {
            "month": "2023-05",
            "price": "102.14",
            "revenue": 399738
        },
        "2023-06": {
            "month": "2023-06",
            "price": "103.14",
            "revenue": 361626
        },
        "2023-07": {
            "month": "2023-07",
            "price": "98.88",
            "revenue": 267065
        },
        "2023-08": {
            "month": "2023-08",
            "price": "104.59",
            "revenue": 216200
        },
        "2023-09": {
            "month": "2023-09",
            "price": "103.02",
            "revenue": 243203
        },
        "2023-10": {
            "month": "2023-10",
            "price": "101.50",
            "revenue": 226085
        },
        "2023-11": {
            "month": "2023-11",
            "price": "103.86",
            "revenue": 248648
        }
    }
}
