{
    "summary": {
        "stock_name": "國眾",
        "stock_id": "5410",
        "category": "資訊服務",
        "main_business": "資訊軟硬體銷售、資訊服務、系統整合<br>金融業自動化解決方案<br>網際網路行銷",
        "website_url": "http://www.leosys.com",
        "ceo": "王超群",
        "pe_ratio": 11,
        "report_year_from": 2001,
        "report_year_to": 2023,
        "age": 22,
        "eps_negative_percentage": 30,
        "eps_growth_avg": {
            "last_all": 8.25,
            "last_2y": 20.42,
            "last_4y": 19.22,
            "last_8y": 15.14,
            "last_12y": 16.57,
            "last_16y": 8.25,
            "last_20y": 8.25,
            "at_2006_last_3y": null,
            "at_2007_last_3y": -100,
            "at_2008_last_3y": -100,
            "at_2009_last_3y": -100,
            "at_2010_last_3y": 0,
            "at_2011_last_3y": 21.43,
            "at_2012_last_3y": 30.29,
            "at_2013_last_3y": 19.79,
            "at_2014_last_3y": 0.14,
            "at_2015_last_3y": 18.84,
            "at_2016_last_3y": 5.41,
            "at_2017_last_3y": 10.04,
            "at_2018_last_3y": 7.7,
            "at_2019_last_3y": 8.99,
            "at_2020_last_3y": 11.32,
            "at_2021_last_3y": 11.35,
            "at_2022_last_3y": 21.01,
            "at_2023_last_3y": 21.01,
            "at_2006_last_all": null,
            "at_2007_last_all": -100,
            "at_2008_last_all": -100,
            "at_2009_last_all": -100,
            "at_2010_last_all": 0,
            "at_2011_last_all": -19.05,
            "at_2012_last_all": -2.29,
            "at_2013_last_all": -4.17,
            "at_2014_last_all": 0.1,
            "at_2015_last_all": 2.6,
            "at_2016_last_all": 1.56,
            "at_2017_last_all": 2.15,
            "at_2018_last_all": 3.14,
            "at_2019_last_all": 4.92,
            "at_2020_last_all": 4.81,
            "at_2021_last_all": 4.98,
            "at_2022_last_all": 8.25,
            "at_2023_last_all": 8.25
        },
        "latest_eps": 3.08,
        "latest_price": 35.35,
        "latest_roe": 19.32,
        "latest_gross_margin": 18.79,
        "latest_equity": 1478871,
        "latest_revenue": 783006,
        "latest_gross_profit": 147120,
        "latest_net_income": 28685,
        "latest_debt_ratio": 54.94,
        "latest_current_ratio": 138.18,
        "latest_account_receivable_turnover_ratio": 0.35,
        "latest_inventory_turnover_ratio": 1.59,
        "latest_reinvestment_rate": -0.15,
        "latest_research_to_sale_ratio": null
    },
    "eps_dividends": {
        "2000": {
            "cash": 0,
            "stock": 2,
            "eps": 0
        },
        "2001": {
            "cash": 0,
            "stock": 0,
            "eps": -0.79
        },
        "2002": {
            "cash": 0,
            "stock": 0,
            "eps": -1.33
        },
        "2003": {
            "cash": 0,
            "stock": 0,
            "eps": -3.53
        },
        "2004": {
            "cash": 0,
            "stock": 0,
            "eps": -1.27
        },
        "2005": {
            "cash": 0,
            "stock": 0,
            "eps": -2.76
        },
        "2006": {
            "cash": 0,
            "stock": 0,
            "eps": 0.27
        },
        "2007": {
            "cash": 0,
            "stock": 0,
            "eps": -1.5
        },
        "2008": {
            "cash": 0,
            "stock": 0,
            "eps": -1.01
        },
        "2009": {
            "cash": 0,
            "stock": 0,
            "eps": 0.49
        },
        "2010": {
            "cash": 0,
            "stock": 0,
            "eps": 1.75
        },
        "2011": {
            "cash": 1,
            "stock": 1,
            "eps": 0.75
        },
        "2012": {
            "cash": 1,
            "stock": 0,
            "eps": 1.11
        },
        "2013": {
            "cash": 1,
            "stock": 0,
            "eps": 0.98
        },
        "2014": {
            "cash": 1,
            "stock": 0,
            "eps": 1.19
        },
        "2015": {
            "cash": 1,
            "stock": 0,
            "eps": 1.4
        },
        "2016": {
            "cash": 1,
            "stock": 0,
            "eps": 1.32
        },
        "2017": {
            "cash": 1,
            "stock": 0,
            "eps": 1.41
        },
        "2018": {
            "cash": 1,
            "stock": 0,
            "eps": 1.58
        },
        "2019": {
            "cash": 1,
            "stock": 0,
            "eps": 1.94
        },
        "2020": {
            "cash": 2,
            "stock": 0,
            "eps": 2.01
        },
        "2021": {
            "cash": 2,
            "stock": 0,
            "eps": 2.15
        },
        "2022": {
            "cash": 2,
            "stock": 0,
            "eps": 3.24
        },
        "2023": {
            "cash": 3,
            "stock": 0,
            "eps": 0.32
        }
    },
    "dividends": {
        "2000-05-23": {
            "cash": 0,
            "stock": 1.5
        },
        "2010-04-28": {
            "cash": 0,
            "stock": 0.3
        },
        "2011-04-29": {
            "cash": 0.58,
            "stock": 0.59
        },
        "2012-06-18": {
            "cash": 0.64,
            "stock": 0
        },
        "2013-06-13": {
            "cash": 0.65,
            "stock": 0.35
        },
        "2014-08-29": {
            "cash": 0.83,
            "stock": 0
        },
        "2015-08-28": {
            "cash": 1.08,
            "stock": 0
        },
        "2016-09-13": {
            "cash": 1.22,
            "stock": 0
        },
        "2017-09-01": {
            "cash": 1,
            "stock": 0
        },
        "2018-08-31": {
            "cash": 1.23,
            "stock": 0
        },
        "2019-08-20": {
            "cash": 1.3,
            "stock": 0
        },
        "2020-08-20": {
            "cash": 1.5,
            "stock": 0
        },
        "2021-09-10": {
            "cash": 1.7,
            "stock": 0
        },
        "2022-08-31": {
            "cash": 1.85,
            "stock": 0
        },
        "2023-03-08": {
            "cash": 2.5,
            "stock": 0
        }
    },
    "prices": {
        "200101": "6.62",
        "200102": "10.20",
        "200103": "10.62",
        "200104": "11.80",
        "200105": "9.58",
        "200106": "8.45",
        "200107": "6.47",
        "200108": "6.67",
        "200109": "4.84",
        "200110": "4.38",
        "200111": "5.89",
        "200112": "7.65",
        "200201": "8.40",
        "200202": "7.51",
        "200203": "8.79",
        "200204": "10.78",
        "200205": "8.28",
        "200206": "7.05",
        "200207": "6.57",
        "200208": "6.10",
        "200209": "5.31",
        "200210": "5.33",
        "200211": "5.50",
        "200212": "5.69",
        "200301": "5.74",
        "200302": "5.62",
        "200303": "5.38",
        "200304": "5.12",
        "200305": "3.98",
        "200306": "4.88",
        "200307": "5.25",
        "200308": "4.90",
        "200309": "4.31",
        "200310": "4.28",
        "200311": "4.32",
        "200312": "4.15",
        "200401": "4.65",
        "200402": "5.46",
        "200403": "5.80",
        "200404": "7.44",
        "200405": "5.59",
        "200406": "4.61",
        "200407": "3.45",
        "200408": "3.36",
        "200409": "2.50",
        "200410": "3.11",
        "200411": "3.29",
        "200412": "2.98",
        "200501": "2.89",
        "200502": "2.95",
        "200503": "3.07",
        "200504": "2.71",
        "200505": "2.38",
        "200506": "2.77",
        "200507": "2.91",
        "200508": "2.58",
        "200509": "2.63",
        "200510": "2.50",
        "200511": "2.24",
        "200512": "2.45",
        "200601": "3.04",
        "200602": "2.62",
        "200603": "2.40",
        "200604": "2.49",
        "200605": "2.37",
        "200606": "2.57",
        "200607": "2.66",
        "200608": "2.98",
        "200609": "4.16",
        "200610": "3.49",
        "200611": "3.65",
        "200612": "9.56",
        "200701": "13.20",
        "200702": "10.88",
        "200703": "11.66",
        "200704": "17.00",
        "200705": "15.54",
        "200706": "18.01",
        "200707": "20.62",
        "200708": "16.45",
        "200709": "13.13",
        "200710": "14.83",
        "200711": "14.92",
        "200712": "13.77",
        "200801": "11.14",
        "200802": "9.49",
        "200803": "12.11",
        "200804": "13.58",
        "200805": "13.24",
        "200806": "10.37",
        "200807": "10.02",
        "200808": "8.55",
        "200809": "4.56",
        "200810": "4.67",
        "200811": "4.27",
        "200812": "3.87",
        "200901": "3.90",
        "200902": "4.20",
        "200903": "4.87",
        "200904": "5.31",
        "200905": "5.76",
        "200906": "5.91",
        "200907": "6.33",
        "200908": "8.49",
        "200909": "10.02",
        "200910": "10.13",
        "200911": "9.76",
        "200912": "19.56",
        "201001": "45.51",
        "201002": "42.50",
        "201003": "43.43",
        "201004": "33.56",
        "201005": "24.38",
        "201006": "26.59",
        "201007": "25.59",
        "201008": "24.50",
        "201009": "21.46",
        "201010": "20.47",
        "201011": "17.03",
        "201012": "21.00",
        "201101": "20.46",
        "201102": "17.87",
        "201103": "16.94",
        "201104": "16.44",
        "201105": "16.60",
        "201106": "16.84",
        "201107": "16.01",
        "201108": "13.33",
        "201109": "12.50",
        "201110": "12.81",
        "201111": "11.76",
        "201112": "10.02",
        "201201": "10.17",
        "201202": "13.48",
        "201203": "13.46",
        "201204": "12.74",
        "201205": "11.94",
        "201206": "11.19",
        "201207": "11.12",
        "201208": "10.98",
        "201209": "11.90",
        "201210": "10.95",
        "201211": "10.17",
        "201212": "10.92",
        "201301": "11.65",
        "201302": "11.62",
        "201303": "12.43",
        "201304": "15.04",
        "201305": "15.31",
        "201306": "14.67",
        "201307": "15.05",
        "201308": "13.73",
        "201309": "12.42",
        "201310": "12.34",
        "201311": "11.50",
        "201312": "12.01",
        "201401": "13.26",
        "201402": "13.80",
        "201403": "13.83",
        "201404": "13.60",
        "201405": "12.94",
        "201406": "13.18",
        "201407": "13.72",
        "201408": "12.53",
        "201409": "12.83",
        "201410": "12.40",
        "201411": "12.06",
        "201412": "12.15",
        "201501": "12.54",
        "201502": "12.35",
        "201503": "12.77",
        "201504": "13.30",
        "201505": "13.02",
        "201506": "12.61",
        "201507": "12.18",
        "201508": "10.55",
        "201509": "11.57",
        "201510": "11.88",
        "201511": "11.89",
        "201512": "11.48",
        "201601": "10.99",
        "201602": "11.56",
        "201603": "12.56",
        "201604": "13.01",
        "201605": "12.84",
        "201606": "12.84",
        "201607": "13.37",
        "201608": "13.38",
        "201609": "13.39",
        "201610": "13.27",
        "201611": "12.86",
        "201612": "13.23",
        "201701": "13.18",
        "201702": "13.41",
        "201703": "13.62",
        "201704": "13.61",
        "201705": "13.98",
        "201706": "14.24",
        "201707": "14.30",
        "201708": "13.43",
        "201709": "13.58",
        "201710": "13.49",
        "201711": "13.35",
        "201712": "13.26",
        "201801": "13.67",
        "201802": "13.74",
        "201803": "16.87",
        "201804": "18.48",
        "201805": "17.70",
        "201806": "18.70",
        "201807": "18.52",
        "201808": "16.46",
        "201809": "16.36",
        "201810": "15.61",
        "201811": "15.59",
        "201812": "15.51",
        "201901": "15.63",
        "201902": "16.32",
        "201903": "17.49",
        "201904": "18.07",
        "201905": "18.36",
        "201906": "18.56",
        "201907": "18.38",
        "201908": "17.79",
        "201909": "18.76",
        "201910": "19.25",
        "201911": "19.91",
        "201912": "20.22",
        "202001": "19.91",
        "202002": "19.33",
        "202003": "17.50",
        "202004": "18.88",
        "202005": "20.49",
        "202006": "21.38",
        "202007": "22.45",
        "202008": "21.45",
        "202009": "20.94",
        "202010": "20.21",
        "202011": "21.04",
        "202012": "21.56",
        "202101": "21.02",
        "202102": "21.08",
        "202103": "22.96",
        "202104": "24.27",
        "202105": "22.93",
        "202106": "23.20",
        "202107": "23.82",
        "202108": "22.99",
        "202109": "22.41",
        "202110": "22.56",
        "202111": "23.88",
        "202112": "25.42",
        "202201": "25.42",
        "202202": "25.55",
        "202203": "25.89",
        "202204": "25.96",
        "202205": "25.24",
        "202206": "25.31",
        "202207": "24.64",
        "202208": "25.12",
        "202209": "25.60",
        "202210": "26.60",
        "202211": "33.50",
        "202212": "33.79",
        "202301": "31.77",
        "202302": "33.14",
        "202303": "35.74",
        "202304": "35.39",
        "202305": "35.33"
    },
    "quarters": {
        "20011": {
            "year_quarter": 20011,
            "year": 2001,
            "quarter": 1,
            "eps": -0.16,
            "eps_growth_year": -157.14,
            "eps_4q": -2.08,
            "eps_4q_growth_year": -369.24,
            "roe": -1.48,
            "roe_4q": -1.48,
            "gross_profit": 72070,
            "gross_margin": 8.89,
            "gross_margin_4q_avg": 8.89,
            "net_income": -25220,
            "revenue": 810681,
            "common_shares": 1605973,
            "book_valuer_per_share": 10.52,
            "book_valuer_per_share_4q_avg": 10.52,
            "equity": 1690063,
            "current_ratio": 202.11,
            "debt_ratio": 29.52,
            "inventory_turnover_ratio": 3.23,
            "account_receivable_turnover_ratio": null,
            "reinvestment_rate": null,
            "research_to_sale_ratio": null,
            "price_fair": 0,
            "eps_avg_yearly": 0,
            "eps_latest_yearly": 0,
            "eps_growth_yearly": 0
        },
        "20012": {
            "year_quarter": 20012,
            "year": 2001,
            "quarter": 2,
            "eps": -0.16,
            "eps_growth_year": -155.17,
            "eps_4q": -2.49,
            "eps_4q_growth_year": -494.33,
            "roe": -1.54,
            "roe_4q": -3.02,
            "gross_profit": 67062,
            "gross_margin": 9.67,
            "gross_margin_4q_avg": 9.28,
            "net_income": -25869,
            "revenue": 693379,
            "common_shares": 1605973,
            "book_valuer_per_share": 10.36,
            "book_valuer_per_share_4q_avg": 10.44,
            "equity": 1664194,
            "current_ratio": 223.98,
            "debt_ratio": 26.31,
            "inventory_turnover_ratio": 3.65,
            "account_receivable_turnover_ratio": null,
            "reinvestment_rate": null,
            "research_to_sale_ratio": null,
            "price_fair": 0,
            "eps_avg_yearly": 0,
            "eps_latest_yearly": 0,
            "eps_growth_yearly": 0
        },
        "20013": {
            "year_quarter": 20013,
            "year": 2001,
            "quarter": 3,
            "eps": -0.06,
            "eps_growth_year": null,
            "eps_4q": -1.94,
            "eps_4q_growth_year": -16542.53,
            "roe": -0.61,
            "roe_4q": -3.63,
            "gross_profit": 66445,
            "gross_margin": 8.92,
            "gross_margin_4q_avg": 9.16,
            "net_income": -10153,
            "revenue": 744658,
            "common_shares": 1605973,
            "book_valuer_per_share": 10.3,
            "book_valuer_per_share_4q_avg": 10.39,
            "equity": 1654041,
            "current_ratio": 183.14,
            "debt_ratio": 34.33,
            "inventory_turnover_ratio": 3.57,
            "account_receivable_turnover_ratio": null,
            "reinvestment_rate": null,
            "research_to_sale_ratio": null,
            "price_fair": 0,
            "eps_avg_yearly": 0,
            "eps_latest_yearly": 0,
            "eps_growth_yearly": 0
        },
        "20014": {
            "year_quarter": 20014,
            "year": 2001,
            "quarter": 4,
            "eps": -0.41,
            "eps_growth_year": null,
            "eps_4q": -0.8,
            "eps_4q_growth_year": null,
            "roe": -3.99,
            "roe_4q": -7.620000000000001,
            "gross_profit": 61790,
            "gross_margin": 5.79,
            "gross_margin_4q_avg": 8.32,
            "net_income": -64252,
            "revenue": 1067950,
            "common_shares": 1564483,
            "book_valuer_per_share": 10,
            "book_valuer_per_share_4q_avg": 10.3,
            "equity": 1564704,
            "current_ratio": 163.66,
            "debt_ratio": 40.36,
            "inventory_turnover_ratio": 3.95,
            "account_receivable_turnover_ratio": null,
            "reinvestment_rate": null,
            "research_to_sale_ratio": null,
            "price_fair": 0,
            "eps_avg_yearly": 0,
            "eps_latest_yearly": 0,
            "eps_growth_yearly": 0
        },
        "20021": {
            "year_quarter": 20021,
            "year": 2002,
            "quarter": 1,
            "eps": -0.08,
            "eps_growth_year": null,
            "eps_4q": -0.73,
            "eps_4q_growth_year": null,
            "roe": -0.79,
            "roe_4q": -6.930000000000001,
            "gross_profit": 74621,
            "gross_margin": 10.73,
            "gross_margin_4q_avg": 8.78,
            "net_income": -12340,
            "revenue": 695235,
            "common_shares": 1564483,
            "book_valuer_per_share": 9.86,
            "book_valuer_per_share_4q_avg": 10.13,
            "equity": 1542067,
            "current_ratio": 206.19,
            "debt_ratio": 30.11,
            "inventory_turnover_ratio": 2.22,
            "account_receivable_turnover_ratio": null,
            "reinvestment_rate": null,
            "research_to_sale_ratio": null,
            "price_fair": 0,
            "eps_avg_yearly": 0,
            "eps_latest_yearly": 0,
            "eps_growth_yearly": 0
        },
        "20022": {
            "year_quarter": 20022,
            "year": 2002,
            "quarter": 2,
            "eps": -0.06,
            "eps_growth_year": null,
            "eps_4q": -0.62,
            "eps_4q_growth_year": null,
            "roe": -0.63,
            "roe_4q": -6.0200000000000005,
            "gross_profit": 71284,
            "gross_margin": 9.81,
            "gross_margin_4q_avg": 8.81,
            "net_income": -9737,
            "revenue": 726990,
            "common_shares": 1564483,
            "book_valuer_per_share": 9.79,
            "book_valuer_per_share_4q_avg": 9.99,
            "equity": 1532329,
            "current_ratio": 224.76,
            "debt_ratio": 27.41,
            "inventory_turnover_ratio": 2.91,
            "account_receivable_turnover_ratio": null,
            "reinvestment_rate": null,
            "research_to_sale_ratio": null,
            "price_fair": 0,
            "eps_avg_yearly": 0,
            "eps_latest_yearly": 0,
            "eps_growth_yearly": 0
        },
        "20023": {
            "year_quarter": 20023,
            "year": 2002,
            "quarter": 3,
            "eps": -0.65,
            "eps_growth_year": null,
            "eps_4q": -1.18,
            "eps_4q_growth_year": null,
            "roe": -6.65,
            "roe_4q": -12.06,
            "gross_profit": 63758,
            "gross_margin": 9.69,
            "gross_margin_4q_avg": 9.01,
            "net_income": -98616,
            "revenue": 657905,
            "common_shares": 1564483,
            "book_valuer_per_share": 9.16,
            "book_valuer_per_share_4q_avg": 9.7,
            "equity": 1433713,
            "current_ratio": 220.25,
            "debt_ratio": 28.68,
            "inventory_turnover_ratio": 3.66,
            "account_receivable_turnover_ratio": null,
            "reinvestment_rate": null,
            "research_to_sale_ratio": null,
            "price_fair": 0,
            "eps_avg_yearly": 0,
            "eps_latest_yearly": 0,
            "eps_growth_yearly": 0
        },
        "20024": {
            "year_quarter": 20024,
            "year": 2002,
            "quarter": 4,
            "eps": -0.54,
            "eps_growth_year": null,
            "eps_4q": -1.33,
            "eps_4q_growth_year": null,
            "roe": -5.87,
            "roe_4q": -13.940000000000001,
            "gross_profit": 44429,
            "gross_margin": 6.57,
            "gross_margin_4q_avg": 9.2,
            "net_income": -81767,
            "revenue": 676416,
            "common_shares": 1564483,
            "book_valuer_per_share": 8.64,
            "book_valuer_per_share_4q_avg": 9.36,
            "equity": 1351946,
            "current_ratio": 198.78,
            "debt_ratio": 31.67,
            "inventory_turnover_ratio": 4.35,
            "account_receivable_turnover_ratio": null,
            "reinvestment_rate": null,
            "research_to_sale_ratio": null,
            "price_fair": 0,
            "eps_avg_yearly": 0,
            "eps_latest_yearly": 0,
            "eps_growth_yearly": 0
        },
        "20031": {
            "year_quarter": 20031,
            "year": 2003,
            "quarter": 1,
            "eps": -0.17,
            "eps_growth_year": null,
            "eps_4q": -1.4,
            "eps_4q_growth_year": null,
            "roe": -1.96,
            "roe_4q": -15.110000000000001,
            "gross_profit": 51358,
            "gross_margin": 9.5,
            "gross_margin_4q_avg": 8.89,
            "net_income": -26300,
            "revenue": 540401,
            "common_shares": 1564483,
            "book_valuer_per_share": 8.47,
            "book_valuer_per_share_4q_avg": 9.02,
            "equity": 1325646,
            "current_ratio": 243.88,
            "debt_ratio": 24.55,
            "inventory_turnover_ratio": 3.38,
            "account_receivable_turnover_ratio": null,
            "reinvestment_rate": null,
            "research_to_sale_ratio": null,
            "price_fair": 0,
            "eps_avg_yearly": 0,
            "eps_latest_yearly": 0,
            "eps_growth_yearly": 0
        },
        "20032": {
            "year_quarter": 20032,
            "year": 2003,
            "quarter": 2,
            "eps": -1.17,
            "eps_growth_year": null,
            "eps_4q": -2.45,
            "eps_4q_growth_year": null,
            "roe": -14.32,
            "roe_4q": -28.800000000000004,
            "gross_profit": 47269,
            "gross_margin": 8.17,
            "gross_margin_4q_avg": 8.48,
            "net_income": -177127,
            "revenue": 578487,
            "common_shares": 1564483,
            "book_valuer_per_share": 7.34,
            "book_valuer_per_share_4q_avg": 8.4,
            "equity": 1148519,
            "current_ratio": 159.91,
            "debt_ratio": 38.93,
            "inventory_turnover_ratio": 3.23,
            "account_receivable_turnover_ratio": null,
            "reinvestment_rate": null,
            "research_to_sale_ratio": null,
            "price_fair": 0,
            "eps_avg_yearly": 0,
            "eps_latest_yearly": 0,
            "eps_growth_yearly": 0
        },
        "20033": {
            "year_quarter": 20033,
            "year": 2003,
            "quarter": 3,
            "eps": -0.59,
            "eps_growth_year": null,
            "eps_4q": -2.39,
            "eps_4q_growth_year": null,
            "roe": -8.09,
            "roe_4q": -30.240000000000002,
            "gross_profit": 29713,
            "gross_margin": 4.41,
            "gross_margin_4q_avg": 7.16,
            "net_income": -89348,
            "revenue": 673450,
            "common_shares": 1564483,
            "book_valuer_per_share": 6.77,
            "book_valuer_per_share_4q_avg": 7.81,
            "equity": 1059171,
            "current_ratio": 141.54,
            "debt_ratio": 46.17,
            "inventory_turnover_ratio": 3.26,
            "account_receivable_turnover_ratio": null,
            "reinvestment_rate": null,
            "research_to_sale_ratio": null,
            "price_fair": 0,
            "eps_avg_yearly": 0,
            "eps_latest_yearly": 0,
            "eps_growth_yearly": 0
        },
        "20034": {
            "year_quarter": 20034,
            "year": 2003,
            "quarter": 4,
            "eps": -1.6,
            "eps_growth_year": null,
            "eps_4q": -3.53,
            "eps_4q_growth_year": null,
            "roe": -25.93,
            "roe_4q": -50.3,
            "gross_profit": -27783,
            "gross_margin": -4.37,
            "gross_margin_4q_avg": 4.43,
            "net_income": -243023,
            "revenue": 635416,
            "common_shares": 1529613,
            "book_valuer_per_share": 5.33,
            "book_valuer_per_share_4q_avg": 6.98,
            "equity": 815273,
            "current_ratio": 121.42,
            "debt_ratio": 53.99,
            "inventory_turnover_ratio": 4.25,
            "account_receivable_turnover_ratio": null,
            "reinvestment_rate": null,
            "research_to_sale_ratio": null,
            "price_fair": 0,
            "eps_avg_yearly": 0,
            "eps_latest_yearly": 0,
            "eps_growth_yearly": 0
        },
        "20041": {
            "year_quarter": 20041,
            "year": 2004,
            "quarter": 1,
            "eps": -0.11,
            "eps_growth_year": null,
            "eps_4q": -3.42,
            "eps_4q_growth_year": null,
            "roe": -2.1,
            "roe_4q": -50.440000000000005,
            "gross_profit": 48222,
            "gross_margin": 11.41,
            "gross_margin_4q_avg": 4.91,
            "net_income": -16939,
            "revenue": 422566,
            "common_shares": 1529613,
            "book_valuer_per_share": 5.22,
            "book_valuer_per_share_4q_avg": 6.17,
            "equity": 798334,
            "current_ratio": 126.87,
            "debt_ratio": 48.86,
            "inventory_turnover_ratio": 4.43,
            "account_receivable_turnover_ratio": null,
            "reinvestment_rate": null,
            "research_to_sale_ratio": null,
            "price_fair": 0,
            "eps_avg_yearly": 0,
            "eps_latest_yearly": 0,
            "eps_growth_yearly": 0
        },
        "20042": {
            "year_quarter": 20042,
            "year": 2004,
            "quarter": 2,
            "eps": -0.09,
            "eps_growth_year": null,
            "eps_4q": -2.37,
            "eps_4q_growth_year": null,
            "roe": -1.66,
            "roe_4q": -37.78,
            "gross_profit": 32831,
            "gross_margin": 9.15,
            "gross_margin_4q_avg": 5.15,
            "net_income": -13108,
            "revenue": 358699,
            "common_shares": 1529613,
            "book_valuer_per_share": 5.13,
            "book_valuer_per_share_4q_avg": 5.61,
            "equity": 785226,
            "current_ratio": 123.16,
            "debt_ratio": 43.72,
            "inventory_turnover_ratio": 5.04,
            "account_receivable_turnover_ratio": null,
            "reinvestment_rate": null,
            "research_to_sale_ratio": null,
            "price_fair": 0,
            "eps_avg_yearly": 0,
            "eps_latest_yearly": 0,
            "eps_growth_yearly": 0
        },
        "20043": {
            "year_quarter": 20043,
            "year": 2004,
            "quarter": 3,
            "eps": -0.26,
            "eps_growth_year": null,
            "eps_4q": -3.58,
            "eps_4q_growth_year": null,
            "roe": -2.69,
            "roe_4q": -32.379999999999995,
            "gross_profit": 31942,
            "gross_margin": 10.37,
            "gross_margin_4q_avg": 6.64,
            "net_income": -20850,
            "revenue": 308111,
            "common_shares": 820000,
            "book_valuer_per_share": 9.32,
            "book_valuer_per_share_4q_avg": 6.25,
            "equity": 764342,
            "current_ratio": 123.85,
            "debt_ratio": 40.71,
            "inventory_turnover_ratio": 5.04,
            "account_receivable_turnover_ratio": null,
            "reinvestment_rate": null,
            "research_to_sale_ratio": null,
            "price_fair": 0,
            "eps_avg_yearly": 0,
            "eps_latest_yearly": 0,
            "eps_growth_yearly": 0
        },
        "20044": {
            "year_quarter": 20044,
            "year": 2004,
            "quarter": 4,
            "eps": -0.81,
            "eps_growth_year": null,
            "eps_4q": -1.44,
            "eps_4q_growth_year": null,
            "roe": -8.88,
            "roe_4q": -15.33,
            "gross_profit": 31040,
            "gross_margin": 9.86,
            "gross_margin_4q_avg": 10.2,
            "net_income": -65738,
            "revenue": 314669,
            "common_shares": 820000,
            "book_valuer_per_share": 8.52,
            "book_valuer_per_share_4q_avg": 7.05,
            "equity": 715661,
            "current_ratio": 115.01,
            "debt_ratio": 53.27,
            "inventory_turnover_ratio": 4.58,
            "account_receivable_turnover_ratio": null,
            "reinvestment_rate": null,
            "research_to_sale_ratio": null,
            "price_fair": 0,
            "eps_avg_yearly": 0,
            "eps_latest_yearly": 0,
            "eps_growth_yearly": 0
        },
        "20051": {
            "year_quarter": 20051,
            "year": 2005,
            "quarter": 1,
            "eps": -0.47,
            "eps_growth_year": null,
            "eps_4q": -1.69,
            "eps_4q_growth_year": null,
            "roe": -5.6,
            "roe_4q": -18.830000000000002,
            "gross_profit": 25851,
            "gross_margin": 11.52,
            "gross_margin_4q_avg": 10.23,
            "net_income": -38530,
            "revenue": 224338,
            "common_shares": 820000,
            "book_valuer_per_share": 8.05,
            "book_valuer_per_share_4q_avg": 7.76,
            "equity": 659995,
            "current_ratio": 118.37,
            "debt_ratio": 40.73,
            "inventory_turnover_ratio": 3.59,
            "account_receivable_turnover_ratio": null,
            "reinvestment_rate": null,
            "research_to_sale_ratio": null,
            "price_fair": 0,
            "eps_avg_yearly": 0,
            "eps_latest_yearly": 0,
            "eps_growth_yearly": 0
        },
        "20052": {
            "year_quarter": 20052,
            "year": 2005,
            "quarter": 2,
            "eps": -0.92,
            "eps_growth_year": null,
            "eps_4q": -2.44,
            "eps_4q_growth_year": null,
            "roe": -12.06,
            "roe_4q": -29.23,
            "gross_profit": 13815,
            "gross_margin": 8.49,
            "gross_margin_4q_avg": 10.06,
            "net_income": -75071,
            "revenue": 162695,
            "common_shares": 820000,
            "book_valuer_per_share": 7.13,
            "book_valuer_per_share_4q_avg": 8.26,
            "equity": 584966,
            "current_ratio": 107.01,
            "debt_ratio": 46.69,
            "inventory_turnover_ratio": 4.79,
            "account_receivable_turnover_ratio": null,
            "reinvestment_rate": null,
            "research_to_sale_ratio": null,
            "price_fair": 0,
            "eps_avg_yearly": 0,
            "eps_latest_yearly": 0,
            "eps_growth_yearly": 0
        },
        "20053": {
            "year_quarter": 20053,
            "year": 2005,
            "quarter": 3,
            "eps": -0.61,
            "eps_growth_year": null,
            "eps_4q": -2.79,
            "eps_4q_growth_year": null,
            "roe": -8.84,
            "roe_4q": -35.38,
            "gross_profit": 25995,
            "gross_margin": 14.64,
            "gross_margin_4q_avg": 11.13,
            "net_income": -49575,
            "revenue": 177622,
            "common_shares": 820000,
            "book_valuer_per_share": 6.55,
            "book_valuer_per_share_4q_avg": 7.56,
            "equity": 536741,
            "current_ratio": 97.1,
            "debt_ratio": 49.56,
            "inventory_turnover_ratio": 8.71,
            "account_receivable_turnover_ratio": null,
            "reinvestment_rate": null,
            "research_to_sale_ratio": null,
            "price_fair": 0,
            "eps_avg_yearly": 0,
            "eps_latest_yearly": 0,
            "eps_growth_yearly": 0
        },
        "20054": {
            "year_quarter": 20054,
            "year": 2005,
            "quarter": 4,
            "eps": -0.76,
            "eps_growth_year": null,
            "eps_4q": -2.69,
            "eps_4q_growth_year": null,
            "roe": -12.01,
            "roe_4q": -38.510000000000005,
            "gross_profit": 17873,
            "gross_margin": 9.9,
            "gross_margin_4q_avg": 11.14,
            "net_income": -61921,
            "revenue": 180446,
            "common_shares": 820000,
            "book_valuer_per_share": 5.82,
            "book_valuer_per_share_4q_avg": 6.89,
            "equity": 494276,
            "current_ratio": 90.48,
            "debt_ratio": 52.29,
            "inventory_turnover_ratio": 9.19,
            "account_receivable_turnover_ratio": null,
            "reinvestment_rate": null,
            "research_to_sale_ratio": null,
            "price_fair": 0,
            "eps_avg_yearly": 0,
            "eps_latest_yearly": 0,
            "eps_growth_yearly": 0
        },
        "20061": {
            "year_quarter": 20061,
            "year": 2006,
            "quarter": 1,
            "eps": -0.01,
            "eps_growth_year": null,
            "eps_4q": -1.67,
            "eps_4q_growth_year": null,
            "roe": -0.23,
            "roe_4q": -33.14,
            "gross_profit": 23604,
            "gross_margin": 16.97,
            "gross_margin_4q_avg": 12.5,
            "net_income": -1122,
            "revenue": 139106,
            "common_shares": 820000,
            "book_valuer_per_share": 5.79,
            "book_valuer_per_share_4q_avg": 6.32,
            "equity": 474569,
            "current_ratio": 77.01,
            "debt_ratio": 44.57,
            "inventory_turnover_ratio": 9.71,
            "account_receivable_turnover_ratio": null,
            "reinvestment_rate": null,
            "research_to_sale_ratio": null,
            "price_fair": 0,
            "eps_avg_yearly": 0,
            "eps_latest_yearly": 0,
            "eps_growth_yearly": 0
        },
        "20062": {
            "year_quarter": 20062,
            "year": 2006,
            "quarter": 2,
            "eps": -0.01,
            "eps_growth_year": null,
            "eps_4q": -1.4,
            "eps_4q_growth_year": null,
            "roe": -0.22,
            "roe_4q": -21.299999999999997,
            "gross_profit": 22481,
            "gross_margin": 17.58,
            "gross_margin_4q_avg": 14.77,
            "net_income": -1059,
            "revenue": 127904,
            "common_shares": 813086,
            "book_valuer_per_share": 5.85,
            "book_valuer_per_share_4q_avg": 6,
            "equity": 475739,
            "current_ratio": 75.23,
            "debt_ratio": 37.68,
            "inventory_turnover_ratio": 15.98,
            "account_receivable_turnover_ratio": null,
            "reinvestment_rate": null,
            "research_to_sale_ratio": null,
            "price_fair": 0,
            "eps_avg_yearly": 0,
            "eps_latest_yearly": 0,
            "eps_growth_yearly": 0
        },
        "20063": {
            "year_quarter": 20063,
            "year": 2006,
            "quarter": 3,
            "eps": 0.04,
            "eps_growth_year": null,
            "eps_4q": -1.35,
            "eps_4q_growth_year": null,
            "roe": 0.39,
            "roe_4q": -12.07,
            "gross_profit": 27631,
            "gross_margin": 15.72,
            "gross_margin_4q_avg": 15.04,
            "net_income": 1848,
            "revenue": 175732,
            "common_shares": 477800,
            "book_valuer_per_share": 9.99,
            "book_valuer_per_share_4q_avg": 6.86,
            "equity": 477380,
            "current_ratio": 81.22,
            "debt_ratio": 40.78,
            "inventory_turnover_ratio": 22.75,
            "account_receivable_turnover_ratio": null,
            "reinvestment_rate": null,
            "research_to_sale_ratio": null,
            "price_fair": 0,
            "eps_avg_yearly": 0,
            "eps_latest_yearly": 0,
            "eps_growth_yearly": 0
        },
        "20064": {
            "year_quarter": 20064,
            "year": 2006,
            "quarter": 4,
            "eps": 0.25,
            "eps_growth_year": null,
            "eps_4q": 0.24,
            "eps_4q_growth_year": null,
            "roe": 2.41,
            "roe_4q": 2.35,
            "gross_profit": 27173,
            "gross_margin": 12.25,
            "gross_margin_4q_avg": 15.63,
            "net_income": 11803,
            "revenue": 221781,
            "common_shares": 477800,
            "book_valuer_per_share": 10.27,
            "book_valuer_per_share_4q_avg": 7.98,
            "equity": 503861,
            "current_ratio": 109.01,
            "debt_ratio": 37.93,
            "inventory_turnover_ratio": 85.45,
            "account_receivable_turnover_ratio": null,
            "reinvestment_rate": null,
            "research_to_sale_ratio": null,
            "price_fair": 35,
            "eps_avg_yearly": 1,
            "eps_latest_yearly": 1,
            "eps_growth_yearly": 2100
        },
        "20071": {
            "year_quarter": 20071,
            "year": 2007,
            "quarter": 1,
            "eps": -0.05,
            "eps_growth_year": null,
            "eps_4q": 0.23,
            "eps_4q_growth_year": null,
            "roe": -0.45,
            "roe_4q": 2.13,
            "gross_profit": 18965,
            "gross_margin": 19.71,
            "gross_margin_4q_avg": 16.32,
            "net_income": -2238,
            "revenue": 96242,
            "common_shares": 477800,
            "book_valuer_per_share": 10.23,
            "book_valuer_per_share_4q_avg": 9.09,
            "equity": 488711,
            "current_ratio": 89.66,
            "debt_ratio": 30.98,
            "inventory_turnover_ratio": 21.77,
            "account_receivable_turnover_ratio": null,
            "reinvestment_rate": null,
            "research_to_sale_ratio": null,
            "price_fair": 35,
            "eps_avg_yearly": 1,
            "eps_latest_yearly": 1,
            "eps_growth_yearly": 2100
        },
        "20072": {
            "year_quarter": 20072,
            "year": 2007,
            "quarter": 2,
            "eps": -0.01,
            "eps_growth_year": null,
            "eps_4q": 0.23,
            "eps_4q_growth_year": null,
            "roe": -0.1,
            "roe_4q": 2.25,
            "gross_profit": 23711,
            "gross_margin": 16.11,
            "gross_margin_4q_avg": 15.95,
            "net_income": -499,
            "revenue": 147162,
            "common_shares": 477800,
            "book_valuer_per_share": 10.18,
            "book_valuer_per_share_4q_avg": 10.17,
            "equity": 486479,
            "current_ratio": 90.4,
            "debt_ratio": 27.81,
            "inventory_turnover_ratio": 25.46,
            "account_receivable_turnover_ratio": null,
            "reinvestment_rate": null,
            "research_to_sale_ratio": null,
            "price_fair": 35,
            "eps_avg_yearly": 1,
            "eps_latest_yearly": 1,
            "eps_growth_yearly": 2100
        },
        "20073": {
            "year_quarter": 20073,
            "year": 2007,
            "quarter": 3,
            "eps": 0.21,
            "eps_growth_year": 425,
            "eps_4q": 0.4,
            "eps_4q_growth_year": null,
            "roe": 2.02,
            "roe_4q": 3.88,
            "gross_profit": 27274,
            "gross_margin": 12.64,
            "gross_margin_4q_avg": 15.18,
            "net_income": 9945,
            "revenue": 215719,
            "common_shares": 477800,
            "book_valuer_per_share": 10.39,
            "book_valuer_per_share_4q_avg": 10.27,
            "equity": 496424,
            "current_ratio": 96.06,
            "debt_ratio": 36.57,
            "inventory_turnover_ratio": 19.07,
            "account_receivable_turnover_ratio": null,
            "reinvestment_rate": null,
            "research_to_sale_ratio": null,
            "price_fair": 35,
            "eps_avg_yearly": 1,
            "eps_latest_yearly": 1,
            "eps_growth_yearly": 2100
        },
        "20074": {
            "year_quarter": 20074,
            "year": 2007,
            "quarter": 4,
            "eps": -1.65,
            "eps_growth_year": -760,
            "eps_4q": -1.5,
            "eps_4q_growth_year": -716.8,
            "roe": -17.03,
            "roe_4q": -15.56,
            "gross_profit": 36116,
            "gross_margin": 11.98,
            "gross_margin_4q_avg": 15.11,
            "net_income": -78760,
            "revenue": 301357,
            "common_shares": 477800,
            "book_valuer_per_share": 8.7,
            "book_valuer_per_share_4q_avg": 9.88,
            "equity": 428693,
            "current_ratio": 107.31,
            "debt_ratio": 67.18,
            "inventory_turnover_ratio": 23.51,
            "account_receivable_turnover_ratio": null,
            "reinvestment_rate": null,
            "research_to_sale_ratio": null,
            "price_fair": 35,
            "eps_avg_yearly": 1,
            "eps_latest_yearly": 1,
            "eps_growth_yearly": 2100
        },
        "20081": {
            "year_quarter": 20081,
            "year": 2008,
            "quarter": 1,
            "eps": 0.31,
            "eps_growth_year": null,
            "eps_4q": -0.51,
            "eps_4q_growth_year": -320.21,
            "roe": 3.82,
            "roe_4q": -11.290000000000001,
            "gross_profit": 102749,
            "gross_margin": 26.78,
            "gross_margin_4q_avg": 16.88,
            "net_income": 26397,
            "revenue": 383715,
            "common_shares": 836313,
            "book_valuer_per_share": 11.23,
            "book_valuer_per_share_4q_avg": 10.13,
            "equity": 952386,
            "current_ratio": 142.2,
            "debt_ratio": 39.91,
            "inventory_turnover_ratio": 5.48,
            "account_receivable_turnover_ratio": null,
            "reinvestment_rate": null,
            "research_to_sale_ratio": null,
            "price_fair": 35,
            "eps_avg_yearly": 1,
            "eps_latest_yearly": 1,
            "eps_growth_yearly": 2100
        },
        "20082": {
            "year_quarter": 20082,
            "year": 2008,
            "quarter": 2,
            "eps": -0.72,
            "eps_growth_year": null,
            "eps_4q": -1.24,
            "eps_4q_growth_year": -641.64,
            "roe": -6.55,
            "roe_4q": -17.740000000000002,
            "gross_profit": 103639,
            "gross_margin": 27.53,
            "gross_margin_4q_avg": 19.73,
            "net_income": -60392,
            "revenue": 376441,
            "common_shares": 836313,
            "book_valuer_per_share": 10.51,
            "book_valuer_per_share_4q_avg": 10.21,
            "equity": 892629,
            "current_ratio": 138.74,
            "debt_ratio": 41.89,
            "inventory_turnover_ratio": 2.87,
            "account_receivable_turnover_ratio": null,
            "reinvestment_rate": null,
            "research_to_sale_ratio": null,
            "price_fair": 35,
            "eps_avg_yearly": 1,
            "eps_latest_yearly": 1,
            "eps_growth_yearly": 2100
        },
        "20083": {
            "year_quarter": 20083,
            "year": 2008,
            "quarter": 3,
            "eps": -0.1,
            "eps_growth_year": -147.62,
            "eps_4q": -1.45,
            "eps_4q_growth_year": -462.24,
            "roe": -0.91,
            "roe_4q": -20.67,
            "gross_profit": 94087,
            "gross_margin": 24.61,
            "gross_margin_4q_avg": 22.73,
            "net_income": -7995,
            "revenue": 382286,
            "common_shares": 836313,
            "book_valuer_per_share": 10.38,
            "book_valuer_per_share_4q_avg": 10.21,
            "equity": 868319,
            "current_ratio": 111.33,
            "debt_ratio": 41.1,
            "inventory_turnover_ratio": 3.13,
            "account_receivable_turnover_ratio": null,
            "reinvestment_rate": null,
            "research_to_sale_ratio": null,
            "price_fair": 35,
            "eps_avg_yearly": 1,
            "eps_latest_yearly": 1,
            "eps_growth_yearly": 2100
        },
        "20084": {
            "year_quarter": 20084,
            "year": 2008,
            "quarter": 4,
            "eps": -0.5,
            "eps_growth_year": null,
            "eps_4q": -1.02,
            "eps_4q_growth_year": null,
            "roe": -4.92,
            "roe_4q": -8.559999999999999,
            "gross_profit": 135115,
            "gross_margin": 34.78,
            "gross_margin_4q_avg": 28.43,
            "net_income": -41612,
            "revenue": 388530,
            "common_shares": 821803,
            "book_valuer_per_share": 10,
            "book_valuer_per_share_4q_avg": 10.53,
            "equity": 821717,
            "current_ratio": 110.71,
            "debt_ratio": 42.54,
            "inventory_turnover_ratio": 3.91,
            "account_receivable_turnover_ratio": 2.94,
            "reinvestment_rate": null,
            "research_to_sale_ratio": null,
            "price_fair": 35,
            "eps_avg_yearly": 1,
            "eps_latest_yearly": 1,
            "eps_growth_yearly": 2100
        },
        "20091": {
            "year_quarter": 20091,
            "year": 2009,
            "quarter": 1,
            "eps": 0.24,
            "eps_growth_year": -22.58,
            "eps_4q": -1.13,
            "eps_4q_growth_year": null,
            "roe": 2.33,
            "roe_4q": -10.05,
            "gross_profit": 94089,
            "gross_margin": 34.95,
            "gross_margin_4q_avg": 30.47,
            "net_income": 19401,
            "revenue": 269219,
            "common_shares": 821803,
            "book_valuer_per_share": 10.24,
            "book_valuer_per_share_4q_avg": 10.28,
            "equity": 841565,
            "current_ratio": 117.33,
            "debt_ratio": 36.41,
            "inventory_turnover_ratio": 5.2,
            "account_receivable_turnover_ratio": 1.13,
            "reinvestment_rate": null,
            "research_to_sale_ratio": null,
            "price_fair": 35,
            "eps_avg_yearly": 1,
            "eps_latest_yearly": 1,
            "eps_growth_yearly": 2100
        },
        "20092": {
            "year_quarter": 20092,
            "year": 2009,
            "quarter": 2,
            "eps": -0.08,
            "eps_growth_year": null,
            "eps_4q": -0.45,
            "eps_4q_growth_year": null,
            "roe": -0.79,
            "roe_4q": -4.29,
            "gross_profit": 93886,
            "gross_margin": 30.2,
            "gross_margin_4q_avg": 31.14,
            "net_income": -6574,
            "revenue": 310930,
            "common_shares": 821803,
            "book_valuer_per_share": 10.11,
            "book_valuer_per_share_4q_avg": 10.18,
            "equity": 830990,
            "current_ratio": 114.12,
            "debt_ratio": 39.67,
            "inventory_turnover_ratio": 8.39,
            "account_receivable_turnover_ratio": 1.2,
            "reinvestment_rate": null,
            "research_to_sale_ratio": null,
            "price_fair": 35,
            "eps_avg_yearly": 1,
            "eps_latest_yearly": 1,
            "eps_growth_yearly": 2100
        },
        "20093": {
            "year_quarter": 20093,
            "year": 2009,
            "quarter": 3,
            "eps": -0.22,
            "eps_growth_year": null,
            "eps_4q": -0.57,
            "eps_4q_growth_year": null,
            "roe": -2.16,
            "roe_4q": -5.54,
            "gross_profit": 109330,
            "gross_margin": 23.53,
            "gross_margin_4q_avg": 30.87,
            "net_income": -17678,
            "revenue": 464577,
            "common_shares": 821803,
            "book_valuer_per_share": 9.84,
            "book_valuer_per_share_4q_avg": 10.05,
            "equity": 808824,
            "current_ratio": 102.97,
            "debt_ratio": 45.05,
            "inventory_turnover_ratio": 13.22,
            "account_receivable_turnover_ratio": 1.47,
            "reinvestment_rate": null,
            "research_to_sale_ratio": null,
            "price_fair": 35,
            "eps_avg_yearly": 1,
            "eps_latest_yearly": 1,
            "eps_growth_yearly": 2100
        },
        "20094": {
            "year_quarter": 20094,
            "year": 2009,
            "quarter": 4,
            "eps": 0.55,
            "eps_growth_year": null,
            "eps_4q": 0.49,
            "eps_4q_growth_year": null,
            "roe": 5.37,
            "roe_4q": 4.75,
            "gross_profit": 126901,
            "gross_margin": 21.46,
            "gross_margin_4q_avg": 27.54,
            "net_income": 44815,
            "revenue": 591308,
            "common_shares": 821803,
            "book_valuer_per_share": 10.45,
            "book_valuer_per_share_4q_avg": 10.16,
            "equity": 858856,
            "current_ratio": 111.02,
            "debt_ratio": 47.75,
            "inventory_turnover_ratio": 10.1,
            "account_receivable_turnover_ratio": 3.04,
            "reinvestment_rate": null,
            "research_to_sale_ratio": null,
            "price_fair": 35,
            "eps_avg_yearly": 1,
            "eps_latest_yearly": 1,
            "eps_growth_yearly": 2100
        },
        "20101": {
            "year_quarter": 20101,
            "year": 2010,
            "quarter": 1,
            "eps": 0.18,
            "eps_growth_year": -25,
            "eps_4q": 0.43,
            "eps_4q_growth_year": null,
            "roe": 1.73,
            "roe_4q": 4.1499999999999995,
            "gross_profit": 93645,
            "gross_margin": 23.89,
            "gross_margin_4q_avg": 24.77,
            "net_income": 15033,
            "revenue": 391963,
            "common_shares": 821803,
            "book_valuer_per_share": 10.69,
            "book_valuer_per_share_4q_avg": 10.27,
            "equity": 878883,
            "current_ratio": 116.15,
            "debt_ratio": 46.04,
            "inventory_turnover_ratio": 6.31,
            "account_receivable_turnover_ratio": 1.06,
            "reinvestment_rate": null,
            "research_to_sale_ratio": null,
            "price_fair": 30.1,
            "eps_avg_yearly": 0.86,
            "eps_latest_yearly": 0.72,
            "eps_growth_yearly": 915.45
        },
        "20102": {
            "year_quarter": 20102,
            "year": 2010,
            "quarter": 2,
            "eps": 0.49,
            "eps_growth_year": null,
            "eps_4q": 0.99,
            "eps_4q_growth_year": null,
            "roe": 4.61,
            "roe_4q": 9.55,
            "gross_profit": 91935,
            "gross_margin": 24.47,
            "gross_margin_4q_avg": 23.34,
            "net_income": 41405,
            "revenue": 375731,
            "common_shares": 821803,
            "book_valuer_per_share": 11.14,
            "book_valuer_per_share_4q_avg": 10.53,
            "equity": 915715,
            "current_ratio": 124.16,
            "debt_ratio": 37.21,
            "inventory_turnover_ratio": 8.89,
            "account_receivable_turnover_ratio": 1.11,
            "reinvestment_rate": null,
            "research_to_sale_ratio": null,
            "price_fair": 42.93,
            "eps_avg_yearly": 1.23,
            "eps_latest_yearly": 1.96,
            "eps_growth_yearly": 839.93
        },
        "20103": {
            "year_quarter": 20103,
            "year": 2010,
            "quarter": 3,
            "eps": 0.63,
            "eps_growth_year": null,
            "eps_4q": 1.83,
            "eps_4q_growth_year": null,
            "roe": 5.67,
            "roe_4q": 17.380000000000003,
            "gross_profit": 91520,
            "gross_margin": 30.88,
            "gross_margin_4q_avg": 25.18,
            "net_income": 53518,
            "revenue": 296344,
            "common_shares": 821803,
            "book_valuer_per_share": 11.84,
            "book_valuer_per_share_4q_avg": 11.03,
            "equity": 973018,
            "current_ratio": 190.34,
            "debt_ratio": 32.11,
            "inventory_turnover_ratio": 5.29,
            "account_receivable_turnover_ratio": 0.95,
            "reinvestment_rate": 2361.44,
            "research_to_sale_ratio": null,
            "price_fair": 54.25,
            "eps_avg_yearly": 1.55,
            "eps_latest_yearly": 2.52,
            "eps_growth_yearly": 658.52
        },
        "20104": {
            "year_quarter": 20104,
            "year": 2010,
            "quarter": 4,
            "eps": 0.45,
            "eps_growth_year": -17.49,
            "eps_4q": 1.75,
            "eps_4q_growth_year": 260.25,
            "roe": 3.88,
            "roe_4q": 15.89,
            "gross_profit": 110898,
            "gross_margin": 28.04,
            "gross_margin_4q_avg": 26.82,
            "net_income": 38442,
            "revenue": 395470,
            "common_shares": 847077,
            "book_valuer_per_share": 11.9,
            "book_valuer_per_share_4q_avg": 11.39,
            "equity": 1008125,
            "current_ratio": 224.66,
            "debt_ratio": 26.8,
            "inventory_turnover_ratio": 6.86,
            "account_receivable_turnover_ratio": 1.39,
            "reinvestment_rate": 471.73,
            "research_to_sale_ratio": null,
            "price_fair": 61.25,
            "eps_avg_yearly": 1.75,
            "eps_latest_yearly": 1.8,
            "eps_growth_yearly": 104.95
        },
        "20111": {
            "year_quarter": 20111,
            "year": 2011,
            "quarter": 1,
            "eps": 0.12,
            "eps_growth_year": -33.33,
            "eps_4q": 1.7,
            "eps_4q_growth_year": 292.07,
            "roe": 1.04,
            "roe_4q": 15.2,
            "gross_profit": 87591,
            "gross_margin": 29.7,
            "gross_margin_4q_avg": 28.27,
            "net_income": 10488,
            "revenue": 294952,
            "common_shares": 847077,
            "book_valuer_per_share": 12.02,
            "book_valuer_per_share_4q_avg": 11.73,
            "equity": 1017997,
            "current_ratio": 275.73,
            "debt_ratio": 22.29,
            "inventory_turnover_ratio": 5.48,
            "account_receivable_turnover_ratio": 1.1,
            "reinvestment_rate": 329.69,
            "research_to_sale_ratio": null,
            "price_fair": 52.36,
            "eps_avg_yearly": 1.5,
            "eps_latest_yearly": 0.48,
            "eps_growth_yearly": 25.29
        },
        "20112": {
            "year_quarter": 20112,
            "year": 2011,
            "quarter": 2,
            "eps": 0.18,
            "eps_growth_year": -62.61,
            "eps_4q": 1.32,
            "eps_4q_growth_year": 34.28,
            "roe": 1.64,
            "roe_4q": 12.23,
            "gross_profit": 97022,
            "gross_margin": 26.54,
            "gross_margin_4q_avg": 28.79,
            "net_income": 16395,
            "revenue": 365544,
            "common_shares": 847077,
            "book_valuer_per_share": 11.6,
            "book_valuer_per_share_4q_avg": 11.84,
            "equity": 982505,
            "current_ratio": 206,
            "debt_ratio": 30.29,
            "inventory_turnover_ratio": 6.35,
            "account_receivable_turnover_ratio": 1.29,
            "reinvestment_rate": 240.26,
            "research_to_sale_ratio": null,
            "price_fair": 47.83,
            "eps_avg_yearly": 1.37,
            "eps_latest_yearly": 0.72,
            "eps_growth_yearly": 54.41
        },
        "20113": {
            "year_quarter": 20113,
            "year": 2011,
            "quarter": 3,
            "eps": 0.07,
            "eps_growth_year": -89.1,
            "eps_4q": 0.8,
            "eps_4q_growth_year": -56.37,
            "roe": 0.63,
            "roe_4q": 7.1899999999999995,
            "gross_profit": 100971,
            "gross_margin": 21.52,
            "gross_margin_4q_avg": 26.45,
            "net_income": 6178,
            "revenue": 469216,
            "common_shares": 897055,
            "book_valuer_per_share": 11.04,
            "book_valuer_per_share_4q_avg": 11.64,
            "equity": 989965,
            "current_ratio": 228.41,
            "debt_ratio": 28.66,
            "inventory_turnover_ratio": 8.49,
            "account_receivable_turnover_ratio": 1.28,
            "reinvestment_rate": 256.17,
            "research_to_sale_ratio": null,
            "price_fair": 26.31,
            "eps_avg_yearly": 1.21,
            "eps_latest_yearly": 0.28,
            "eps_growth_yearly": 11.72
        },
        "20114": {
            "year_quarter": 20114,
            "year": 2011,
            "quarter": 4,
            "eps": 0.38,
            "eps_growth_year": -15.94,
            "eps_4q": 0.75,
            "eps_4q_growth_year": -57.19,
            "roe": 3.4,
            "roe_4q": 6.71,
            "gross_profit": 117356,
            "gross_margin": 20,
            "gross_margin_4q_avg": 24.44,
            "net_income": 34221,
            "revenue": 586832,
            "common_shares": 897055,
            "book_valuer_per_share": 11.4,
            "book_valuer_per_share_4q_avg": 11.52,
            "equity": 1022458,
            "current_ratio": 192.06,
            "debt_ratio": 36.02,
            "inventory_turnover_ratio": 9.4,
            "account_receivable_turnover_ratio": 1.18,
            "reinvestment_rate": 86.83,
            "research_to_sale_ratio": null,
            "price_fair": 43.75,
            "eps_avg_yearly": 1.25,
            "eps_latest_yearly": 1.52,
            "eps_growth_yearly": 231.68
        },
        "20121": {
            "year_quarter": 20121,
            "year": 2012,
            "quarter": 1,
            "eps": 0.2,
            "eps_growth_year": 66.67,
            "eps_4q": 0.83,
            "eps_4q_growth_year": -51.12,
            "roe": 1.71,
            "roe_4q": 7.379999999999999,
            "gross_profit": 107458,
            "gross_margin": 28.55,
            "gross_margin_4q_avg": 24.15,
            "net_income": 17672,
            "revenue": 376329,
            "common_shares": 897055,
            "book_valuer_per_share": 11.59,
            "book_valuer_per_share_4q_avg": 11.41,
            "equity": 1039449,
            "current_ratio": 227.44,
            "debt_ratio": 28.15,
            "inventory_turnover_ratio": 4.05,
            "account_receivable_turnover_ratio": 0.89,
            "reinvestment_rate": 79.75,
            "research_to_sale_ratio": null,
            "price_fair": 42,
            "eps_avg_yearly": 1.2,
            "eps_latest_yearly": 0.8,
            "eps_growth_yearly": 184.89
        },
        "20122": {
            "year_quarter": 20122,
            "year": 2012,
            "quarter": 2,
            "eps": 0.24,
            "eps_growth_year": 31.15,
            "eps_4q": 0.89,
            "eps_4q_growth_year": -33.04,
            "roe": 2.1,
            "roe_4q": 7.84,
            "gross_profit": 110386,
            "gross_margin": 25.32,
            "gross_margin_4q_avg": 23.85,
            "net_income": 21502,
            "revenue": 435936,
            "common_shares": 897055,
            "book_valuer_per_share": 11.19,
            "book_valuer_per_share_4q_avg": 11.31,
            "equity": 1003644,
            "current_ratio": 194.5,
            "debt_ratio": 32.34,
            "inventory_turnover_ratio": 4.92,
            "account_receivable_turnover_ratio": 1.39,
            "reinvestment_rate": 52.88,
            "research_to_sale_ratio": null,
            "price_fair": 41.16,
            "eps_avg_yearly": 1.18,
            "eps_latest_yearly": 0.96,
            "eps_growth_yearly": 174.4
        },
        "20123": {
            "year_quarter": 20123,
            "year": 2012,
            "quarter": 3,
            "eps": 0.27,
            "eps_growth_year": 288.05,
            "eps_4q": 1.09,
            "eps_4q_growth_year": 36.17,
            "roe": 2.36,
            "roe_4q": 9.57,
            "gross_profit": 117436,
            "gross_margin": 27.28,
            "gross_margin_4q_avg": 25.29,
            "net_income": 23974,
            "revenue": 430501,
            "common_shares": 897055,
            "book_valuer_per_share": 11.47,
            "book_valuer_per_share_4q_avg": 11.41,
            "equity": 1028710,
            "current_ratio": 221.91,
            "debt_ratio": 28.05,
            "inventory_turnover_ratio": 5.78,
            "account_receivable_turnover_ratio": 1.25,
            "reinvestment_rate": 49.64,
            "research_to_sale_ratio": null,
            "price_fair": 40.85,
            "eps_avg_yearly": 1.17,
            "eps_latest_yearly": 1.08,
            "eps_growth_yearly": 163.09
        },
        "20124": {
            "year_quarter": 20124,
            "year": 2012,
            "quarter": 4,
            "eps": 0.4,
            "eps_growth_year": 4.42,
            "eps_4q": 1.12,
            "eps_4q_growth_year": 48.7,
            "roe": 3.38,
            "roe_4q": 9.55,
            "gross_profit": 124950,
            "gross_margin": 22.48,
            "gross_margin_4q_avg": 25.91,
            "net_income": 35088,
            "revenue": 555776,
            "common_shares": 897055,
            "book_valuer_per_share": 11.87,
            "book_valuer_per_share_4q_avg": 11.53,
            "equity": 1045193,
            "current_ratio": 194.81,
            "debt_ratio": 34.08,
            "inventory_turnover_ratio": 8.05,
            "account_receivable_turnover_ratio": 1.42,
            "reinvestment_rate": 36.47,
            "research_to_sale_ratio": null,
            "price_fair": 42.12,
            "eps_avg_yearly": 1.2,
            "eps_latest_yearly": 1.6,
            "eps_growth_yearly": 165.55
        },
        "20131": {
            "year_quarter": 20131,
            "year": 2013,
            "quarter": 1,
            "eps": 0.36,
            "eps_growth_year": 80,
            "eps_4q": 1.29,
            "eps_4q_growth_year": 55.54,
            "roe": 2.98,
            "roe_4q": 10.819999999999999,
            "gross_profit": 115087,
            "gross_margin": 28.44,
            "gross_margin_4q_avg": 25.88,
            "net_income": 31385,
            "revenue": 404717,
            "common_shares": 867055,
            "book_valuer_per_share": 12.22,
            "book_valuer_per_share_4q_avg": 11.69,
            "equity": 1059744,
            "current_ratio": 226.44,
            "debt_ratio": 28.77,
            "inventory_turnover_ratio": 5.28,
            "account_receivable_turnover_ratio": 0.98,
            "reinvestment_rate": 36.45,
            "research_to_sale_ratio": null,
            "price_fair": 42.75,
            "eps_avg_yearly": 1.22,
            "eps_latest_yearly": 1.44,
            "eps_growth_yearly": 149.74
        },
        "20132": {
            "year_quarter": 20132,
            "year": 2013,
            "quarter": 2,
            "eps": 0.16,
            "eps_growth_year": -33.25,
            "eps_4q": 1.16,
            "eps_4q_growth_year": 30.97,
            "roe": 1.33,
            "roe_4q": 10.05,
            "gross_profit": 100753,
            "gross_margin": 22.42,
            "gross_margin_4q_avg": 25.16,
            "net_income": 13807,
            "revenue": 449461,
            "common_shares": 867055,
            "book_valuer_per_share": 11.71,
            "book_valuer_per_share_4q_avg": 11.82,
            "equity": 1015549,
            "current_ratio": 198.03,
            "debt_ratio": 33.57,
            "inventory_turnover_ratio": 5.43,
            "account_receivable_turnover_ratio": 1.04,
            "reinvestment_rate": 32.46,
            "research_to_sale_ratio": null,
            "price_fair": 41.3,
            "eps_avg_yearly": 1.18,
            "eps_latest_yearly": 0.64,
            "eps_growth_yearly": 123.17
        },
        "20133": {
            "year_quarter": 20133,
            "year": 2013,
            "quarter": 3,
            "eps": 0.11,
            "eps_growth_year": -58.84,
            "eps_4q": 1.01,
            "eps_4q_growth_year": -7.02,
            "roe": 1.01,
            "roe_4q": 8.7,
            "gross_profit": 103043,
            "gross_margin": 26.36,
            "gross_margin_4q_avg": 24.93,
            "net_income": 10292,
            "revenue": 390862,
            "common_shares": 897402,
            "book_valuer_per_share": 11.37,
            "book_valuer_per_share_4q_avg": 11.79,
            "equity": 1020319,
            "current_ratio": 229.28,
            "debt_ratio": 28.91,
            "inventory_turnover_ratio": 4.55,
            "account_receivable_turnover_ratio": 0.88,
            "reinvestment_rate": 30.54,
            "research_to_sale_ratio": null,
            "price_fair": 39.57,
            "eps_avg_yearly": 1.13,
            "eps_latest_yearly": 0.44,
            "eps_growth_yearly": 106.62
        },
        "20134": {
            "year_quarter": 20134,
            "year": 2013,
            "quarter": 4,
            "eps": 0.35,
            "eps_growth_year": -11.26,
            "eps_4q": 0.97,
            "eps_4q_growth_year": -12.87,
            "roe": 3.05,
            "roe_4q": 8.37,
            "gross_profit": 122174,
            "gross_margin": 17.65,
            "gross_margin_4q_avg": 23.72,
            "net_income": 31723,
            "revenue": 692371,
            "common_shares": 897401,
            "book_valuer_per_share": 11.8,
            "book_valuer_per_share_4q_avg": 11.78,
            "equity": 1058760,
            "current_ratio": 185.75,
            "debt_ratio": 38.89,
            "inventory_turnover_ratio": 14.2,
            "account_receivable_turnover_ratio": 1.39,
            "reinvestment_rate": -7.22,
            "research_to_sale_ratio": null,
            "price_fair": 40.16,
            "eps_avg_yearly": 1.15,
            "eps_latest_yearly": 1.4,
            "eps_growth_yearly": 154.5
        },
        "20141": {
            "year_quarter": 20141,
            "year": 2014,
            "quarter": 1,
            "eps": 0.25,
            "eps_growth_year": -30.56,
            "eps_4q": 0.87,
            "eps_4q_growth_year": -32.45,
            "roe": 2.1,
            "roe_4q": 7.49,
            "gross_profit": 110059,
            "gross_margin": 26.68,
            "gross_margin_4q_avg": 23.28,
            "net_income": 22448,
            "revenue": 412577,
            "common_shares": 897401,
            "book_valuer_per_share": 12.05,
            "book_valuer_per_share_4q_avg": 11.73,
            "equity": 1081747,
            "current_ratio": 244.29,
            "debt_ratio": 26.77,
            "inventory_turnover_ratio": 10.28,
            "account_receivable_turnover_ratio": 0.91,
            "reinvestment_rate": -4.42,
            "research_to_sale_ratio": null,
            "price_fair": 40.78,
            "eps_avg_yearly": 1.17,
            "eps_latest_yearly": 1,
            "eps_growth_yearly": 164.18
        },
        "20142": {
            "year_quarter": 20142,
            "year": 2014,
            "quarter": 2,
            "eps": 0.22,
            "eps_growth_year": 37.5,
            "eps_4q": 0.94,
            "eps_4q_growth_year": -19.48,
            "roe": 1.85,
            "roe_4q": 8.01,
            "gross_profit": 104190,
            "gross_margin": 20.16,
            "gross_margin_4q_avg": 22.71,
            "net_income": 19483,
            "revenue": 516887,
            "common_shares": 897401,
            "book_valuer_per_share": 11.46,
            "book_valuer_per_share_4q_avg": 11.67,
            "equity": 1028204,
            "current_ratio": 182.4,
            "debt_ratio": 35.46,
            "inventory_turnover_ratio": 15.66,
            "account_receivable_turnover_ratio": 1.39,
            "reinvestment_rate": -4.72,
            "research_to_sale_ratio": null,
            "price_fair": 38.41,
            "eps_avg_yearly": 1.1,
            "eps_latest_yearly": 0.88,
            "eps_growth_yearly": 118.12
        },
        "20143": {
            "year_quarter": 20143,
            "year": 2014,
            "quarter": 3,
            "eps": 0.21,
            "eps_growth_year": 90.91,
            "eps_4q": 1.03,
            "eps_4q_growth_year": 1.65,
            "roe": 1.77,
            "roe_4q": 8.77,
            "gross_profit": 109729,
            "gross_margin": 16.31,
            "gross_margin_4q_avg": 20.2,
            "net_income": 18408,
            "revenue": 672581,
            "common_shares": 897401,
            "book_valuer_per_share": 11.67,
            "book_valuer_per_share_4q_avg": 11.75,
            "equity": 1047299,
            "current_ratio": 175.9,
            "debt_ratio": 40.03,
            "inventory_turnover_ratio": 16.46,
            "account_receivable_turnover_ratio": 1.22,
            "reinvestment_rate": -2.96,
            "research_to_sale_ratio": null,
            "price_fair": 34.74,
            "eps_avg_yearly": 0.99,
            "eps_latest_yearly": 0.84,
            "eps_growth_yearly": 109.85
        },
        "20144": {
            "year_quarter": 20144,
            "year": 2014,
            "quarter": 4,
            "eps": 0.51,
            "eps_growth_year": 43.04,
            "eps_4q": 1.18,
            "eps_4q_growth_year": 21.22,
            "roe": 4.24,
            "roe_4q": 9.959999999999999,
            "gross_profit": 156128,
            "gross_margin": 20.71,
            "gross_margin_4q_avg": 20.97,
            "net_income": 45377,
            "revenue": 753754,
            "common_shares": 897401,
            "book_valuer_per_share": 12.16,
            "book_valuer_per_share_4q_avg": 11.84,
            "equity": 1091035,
            "current_ratio": 200.81,
            "debt_ratio": 36.49,
            "inventory_turnover_ratio": 11.84,
            "account_receivable_turnover_ratio": 1.16,
            "reinvestment_rate": -2.37,
            "research_to_sale_ratio": null,
            "price_fair": 35.26,
            "eps_avg_yearly": 1.01,
            "eps_latest_yearly": 2.04,
            "eps_growth_yearly": 152.7
        },
        "20151": {
            "year_quarter": 20151,
            "year": 2015,
            "quarter": 1,
            "eps": 0.27,
            "eps_growth_year": 8,
            "eps_4q": 1.19,
            "eps_4q_growth_year": 36.94,
            "roe": 2.17,
            "roe_4q": 10.03,
            "gross_profit": 114343,
            "gross_margin": 31.58,
            "gross_margin_4q_avg": 22.19,
            "net_income": 23914,
            "revenue": 362025,
            "common_shares": 897401,
            "book_valuer_per_share": 12.42,
            "book_valuer_per_share_4q_avg": 11.93,
            "equity": 1114843,
            "current_ratio": 287.44,
            "debt_ratio": 25.54,
            "inventory_turnover_ratio": 4.5,
            "account_receivable_turnover_ratio": 0.67,
            "reinvestment_rate": -0.53,
            "research_to_sale_ratio": null,
            "price_fair": 36.58,
            "eps_avg_yearly": 1.05,
            "eps_latest_yearly": 1.08,
            "eps_growth_yearly": 159.27
        },
        "20152": {
            "year_quarter": 20152,
            "year": 2015,
            "quarter": 2,
            "eps": 0.19,
            "eps_growth_year": -13.64,
            "eps_4q": 1.17,
            "eps_4q_growth_year": 25.25,
            "roe": 1.43,
            "roe_4q": 9.61,
            "gross_profit": 108616,
            "gross_margin": 21.33,
            "gross_margin_4q_avg": 22.48,
            "net_income": 15574,
            "revenue": 509213,
            "common_shares": 897401,
            "book_valuer_per_share": 11.53,
            "book_valuer_per_share_4q_avg": 11.95,
            "equity": 1058454,
            "current_ratio": 190.47,
            "debt_ratio": 38.53,
            "inventory_turnover_ratio": 7.09,
            "account_receivable_turnover_ratio": 1,
            "reinvestment_rate": 0.94,
            "research_to_sale_ratio": null,
            "price_fair": 36.66,
            "eps_avg_yearly": 1.05,
            "eps_latest_yearly": 0.76,
            "eps_growth_yearly": 139.36
        },
        "20153": {
            "year_quarter": 20153,
            "year": 2015,
            "quarter": 3,
            "eps": 0.36,
            "eps_growth_year": 71.43,
            "eps_4q": 1.35,
            "eps_4q_growth_year": 31.64,
            "roe": 2.66,
            "roe_4q": 10.5,
            "gross_profit": 119235,
            "gross_margin": 17.56,
            "gross_margin_4q_avg": 22.8,
            "net_income": 28279,
            "revenue": 678994,
            "common_shares": 897401,
            "book_valuer_per_share": 11.9,
            "book_valuer_per_share_4q_avg": 12,
            "equity": 1065182,
            "current_ratio": 171.34,
            "debt_ratio": 40.88,
            "inventory_turnover_ratio": 6.14,
            "account_receivable_turnover_ratio": 1.08,
            "reinvestment_rate": 10.75,
            "research_to_sale_ratio": null,
            "price_fair": 39.2,
            "eps_avg_yearly": 1.12,
            "eps_latest_yearly": 1.44,
            "eps_growth_yearly": 177.01
        },
        "20154": {
            "year_quarter": 20154,
            "year": 2015,
            "quarter": 4,
            "eps": 0.58,
            "eps_growth_year": 15.57,
            "eps_4q": 1.44,
            "eps_4q_growth_year": 21.99,
            "roe": 5.6,
            "roe_4q": 11.86,
            "gross_profit": 164038,
            "gross_margin": 18.74,
            "gross_margin_4q_avg": 22.3,
            "net_income": 60494,
            "revenue": 875331,
            "common_shares": 897401,
            "book_valuer_per_share": 12.41,
            "book_valuer_per_share_4q_avg": 12.07,
            "equity": 1095727,
            "current_ratio": 164.36,
            "debt_ratio": 46.17,
            "inventory_turnover_ratio": 4.68,
            "account_receivable_turnover_ratio": 1.16,
            "reinvestment_rate": 10.56,
            "research_to_sale_ratio": null,
            "price_fair": 40.95,
            "eps_avg_yearly": 1.17,
            "eps_latest_yearly": 2.32,
            "eps_growth_yearly": 81.57
        },
        "20161": {
            "year_quarter": 20161,
            "year": 2016,
            "quarter": 1,
            "eps": 0.29,
            "eps_growth_year": 7.41,
            "eps_4q": 1.45,
            "eps_4q_growth_year": 21.48,
            "roe": 1.98,
            "roe_4q": 11.67,
            "gross_profit": 113906,
            "gross_margin": 24.02,
            "gross_margin_4q_avg": 20.41,
            "net_income": 21935,
            "revenue": 474238,
            "common_shares": 859001,
            "book_valuer_per_share": 12.69,
            "book_valuer_per_share_4q_avg": 12.13,
            "equity": 1116721,
            "current_ratio": 182.92,
            "debt_ratio": 40.93,
            "inventory_turnover_ratio": 1.85,
            "account_receivable_turnover_ratio": 0.63,
            "reinvestment_rate": 11.11,
            "research_to_sale_ratio": null,
            "price_fair": 41.74,
            "eps_avg_yearly": 1.19,
            "eps_latest_yearly": 1.16,
            "eps_growth_yearly": 80.92
        },
        "20162": {
            "year_quarter": 20162,
            "year": 2016,
            "quarter": 2,
            "eps": 0.32,
            "eps_growth_year": 68.42,
            "eps_4q": 1.57,
            "eps_4q_growth_year": 33.86,
            "roe": 2.72,
            "roe_4q": 12.96,
            "gross_profit": 121042,
            "gross_margin": 22.66,
            "gross_margin_4q_avg": 20.75,
            "net_income": 29234,
            "revenue": 534200,
            "common_shares": 859001,
            "book_valuer_per_share": 11.73,
            "book_valuer_per_share_4q_avg": 12.18,
            "equity": 1036462,
            "current_ratio": 177.66,
            "debt_ratio": 40.91,
            "inventory_turnover_ratio": 2,
            "account_receivable_turnover_ratio": 0.82,
            "reinvestment_rate": 11.59,
            "research_to_sale_ratio": null,
            "price_fair": 42.44,
            "eps_avg_yearly": 1.21,
            "eps_latest_yearly": 1.28,
            "eps_growth_yearly": 78.5
        },
        "20163": {
            "year_quarter": 20163,
            "year": 2016,
            "quarter": 3,
            "eps": 0.32,
            "eps_growth_year": -11.11,
            "eps_4q": 1.51,
            "eps_4q_growth_year": 12.12,
            "roe": 2.64,
            "roe_4q": 12.94,
            "gross_profit": 123995,
            "gross_margin": 15.44,
            "gross_margin_4q_avg": 20.22,
            "net_income": 27721,
            "revenue": 803167,
            "common_shares": 859001,
            "book_valuer_per_share": 12.02,
            "book_valuer_per_share_4q_avg": 12.21,
            "equity": 1061297,
            "current_ratio": 163.7,
            "debt_ratio": 46.3,
            "inventory_turnover_ratio": 3.33,
            "account_receivable_turnover_ratio": 1.13,
            "reinvestment_rate": 12.45,
            "research_to_sale_ratio": null,
            "price_fair": 42.88,
            "eps_avg_yearly": 1.23,
            "eps_latest_yearly": 1.28,
            "eps_growth_yearly": 75.38
        },
        "20164": {
            "year_quarter": 20164,
            "year": 2016,
            "quarter": 4,
            "eps": 0.39,
            "eps_growth_year": -32.5,
            "eps_4q": 1.32,
            "eps_4q_growth_year": -7.85,
            "roe": 3.68,
            "roe_4q": 11.020000000000001,
            "gross_profit": 139652,
            "gross_margin": 18.55,
            "gross_margin_4q_avg": 20.17,
            "net_income": 39694,
            "revenue": 753030,
            "common_shares": 859001,
            "book_valuer_per_share": 12.38,
            "book_valuer_per_share_4q_avg": 12.21,
            "equity": 1098243,
            "current_ratio": 183.31,
            "debt_ratio": 41.01,
            "inventory_turnover_ratio": 3.06,
            "account_receivable_turnover_ratio": 1.04,
            "reinvestment_rate": 13.03,
            "research_to_sale_ratio": null,
            "price_fair": 42.79,
            "eps_avg_yearly": 1.22,
            "eps_latest_yearly": 1.56,
            "eps_growth_yearly": 68.81
        },
        "20171": {
            "year_quarter": 20171,
            "year": 2017,
            "quarter": 1,
            "eps": 0.3,
            "eps_growth_year": 3.45,
            "eps_4q": 1.33,
            "eps_4q_growth_year": -8.42,
            "roe": 2.22,
            "roe_4q": 11.260000000000002,
            "gross_profit": 112521,
            "gross_margin": 21.41,
            "gross_margin_4q_avg": 19.52,
            "net_income": 24653,
            "revenue": 525611,
            "common_shares": 859001,
            "book_valuer_per_share": 12.64,
            "book_valuer_per_share_4q_avg": 12.19,
            "equity": 1120145,
            "current_ratio": 220.29,
            "debt_ratio": 33.32,
            "inventory_turnover_ratio": 2.46,
            "account_receivable_turnover_ratio": 0.88,
            "reinvestment_rate": 12.98,
            "research_to_sale_ratio": null,
            "price_fair": 42.26,
            "eps_avg_yearly": 1.21,
            "eps_latest_yearly": 1.2,
            "eps_growth_yearly": 65.54
        },
        "20172": {
            "year_quarter": 20172,
            "year": 2017,
            "quarter": 2,
            "eps": 0.32,
            "eps_growth_year": 0,
            "eps_4q": 1.33,
            "eps_4q_growth_year": -15.22,
            "roe": 2.43,
            "roe_4q": 10.97,
            "gross_profit": 120551,
            "gross_margin": 16.88,
            "gross_margin_4q_avg": 18.07,
            "net_income": 26464,
            "revenue": 714172,
            "common_shares": 859001,
            "book_valuer_per_share": 11.98,
            "book_valuer_per_share_4q_avg": 12.26,
            "equity": 1062341,
            "current_ratio": 185.17,
            "debt_ratio": 39.42,
            "inventory_turnover_ratio": 5.09,
            "account_receivable_turnover_ratio": 1.36,
            "reinvestment_rate": 13.16,
            "research_to_sale_ratio": null,
            "price_fair": 43.66,
            "eps_avg_yearly": 1.25,
            "eps_latest_yearly": 1.28,
            "eps_growth_yearly": 81.09
        },
        "20173": {
            "year_quarter": 20173,
            "year": 2017,
            "quarter": 3,
            "eps": 0.32,
            "eps_growth_year": 0,
            "eps_4q": 1.33,
            "eps_4q_growth_year": -12.31,
            "roe": 2.48,
            "roe_4q": 10.81,
            "gross_profit": 124309,
            "gross_margin": 15.25,
            "gross_margin_4q_avg": 18.02,
            "net_income": 26675,
            "revenue": 815131,
            "common_shares": 859001,
            "book_valuer_per_share": 12.3,
            "book_valuer_per_share_4q_avg": 12.33,
            "equity": 1089326,
            "current_ratio": 165.73,
            "debt_ratio": 45.99,
            "inventory_turnover_ratio": 4.29,
            "account_receivable_turnover_ratio": 1.25,
            "reinvestment_rate": 13.25,
            "research_to_sale_ratio": null,
            "price_fair": 45.5,
            "eps_avg_yearly": 1.3,
            "eps_latest_yearly": 1.28,
            "eps_growth_yearly": 88.91
        },
        "20174": {
            "year_quarter": 20174,
            "year": 2017,
            "quarter": 4,
            "eps": 0.47,
            "eps_growth_year": 18.37,
            "eps_4q": 1.4,
            "eps_4q_growth_year": 5.74,
            "roe": 4.1,
            "roe_4q": 11.23,
            "gross_profit": 159071,
            "gross_margin": 20.66,
            "gross_margin_4q_avg": 18.55,
            "net_income": 45563,
            "revenue": 770064,
            "common_shares": 859001,
            "book_valuer_per_share": 12.75,
            "book_valuer_per_share_4q_avg": 12.42,
            "equity": 1132821,
            "current_ratio": 165.86,
            "debt_ratio": 47.23,
            "inventory_turnover_ratio": 2.19,
            "account_receivable_turnover_ratio": 1.02,
            "reinvestment_rate": 12.68,
            "research_to_sale_ratio": null,
            "price_fair": 46.55,
            "eps_avg_yearly": 1.33,
            "eps_latest_yearly": 1.88,
            "eps_growth_yearly": 46.08
        },
        "20181": {
            "year_quarter": 20181,
            "year": 2018,
            "quarter": 1,
            "eps": 0.46,
            "eps_growth_year": 53.33,
            "eps_4q": 1.57,
            "eps_4q_growth_year": 17.86,
            "roe": 3.36,
            "roe_4q": 12.37,
            "gross_profit": 144931,
            "gross_margin": 18.56,
            "gross_margin_4q_avg": 17.84,
            "net_income": 38618,
            "revenue": 780956,
            "common_shares": 859001,
            "book_valuer_per_share": 13.13,
            "book_valuer_per_share_4q_avg": 12.54,
            "equity": 1164442,
            "current_ratio": 196.41,
            "debt_ratio": 38.37,
            "inventory_turnover_ratio": 2.12,
            "account_receivable_turnover_ratio": 1.18,
            "reinvestment_rate": 5.65,
            "research_to_sale_ratio": null,
            "price_fair": 48.39,
            "eps_avg_yearly": 1.38,
            "eps_latest_yearly": 1.84,
            "eps_growth_yearly": 52.69
        },
        "20182": {
            "year_quarter": 20182,
            "year": 2018,
            "quarter": 2,
            "eps": 0.34,
            "eps_growth_year": 6.25,
            "eps_4q": 1.58,
            "eps_4q_growth_year": 18.97,
            "roe": 2.57,
            "roe_4q": 12.51,
            "gross_profit": 131488,
            "gross_margin": 20.15,
            "gross_margin_4q_avg": 18.66,
            "net_income": 28422,
            "revenue": 652570,
            "common_shares": 859001,
            "book_valuer_per_share": 12.22,
            "book_valuer_per_share_4q_avg": 12.6,
            "equity": 1049370,
            "current_ratio": 168.7,
            "debt_ratio": 42.77,
            "inventory_turnover_ratio": 2.24,
            "account_receivable_turnover_ratio": 1.1,
            "reinvestment_rate": 8.95,
            "research_to_sale_ratio": null,
            "price_fair": 49.44,
            "eps_avg_yearly": 1.41,
            "eps_latest_yearly": 1.36,
            "eps_growth_yearly": 49.17
        },
        "20183": {
            "year_quarter": 20183,
            "year": 2018,
            "quarter": 3,
            "eps": 0.37,
            "eps_growth_year": 15.62,
            "eps_4q": 1.64,
            "eps_4q_growth_year": 23.3,
            "roe": 2.99,
            "roe_4q": 13.02,
            "gross_profit": 140118,
            "gross_margin": 14.86,
            "gross_margin_4q_avg": 18.56,
            "net_income": 31836,
            "revenue": 943026,
            "common_shares": 859001,
            "book_valuer_per_share": 12.57,
            "book_valuer_per_share_4q_avg": 12.67,
            "equity": 1079359,
            "current_ratio": 163.02,
            "debt_ratio": 47,
            "inventory_turnover_ratio": 4.27,
            "account_receivable_turnover_ratio": 1.29,
            "reinvestment_rate": 6.65,
            "research_to_sale_ratio": null,
            "price_fair": 50.84,
            "eps_avg_yearly": 1.45,
            "eps_latest_yearly": 1.48,
            "eps_growth_yearly": 52.51
        },
        "20184": {
            "year_quarter": 20184,
            "year": 2018,
            "quarter": 4,
            "eps": 0.41,
            "eps_growth_year": -11.46,
            "eps_4q": 1.58,
            "eps_4q_growth_year": 13.1,
            "roe": 3.24,
            "roe_4q": 12.16,
            "gross_profit": 137891,
            "gross_margin": 16.09,
            "gross_margin_4q_avg": 17.42,
            "net_income": 35513,
            "revenue": 857218,
            "common_shares": 859001,
            "book_valuer_per_share": 12.97,
            "book_valuer_per_share_4q_avg": 12.72,
            "equity": 1114456,
            "current_ratio": 161.95,
            "debt_ratio": 47.69,
            "inventory_turnover_ratio": 3.66,
            "account_receivable_turnover_ratio": 1.04,
            "reinvestment_rate": 7.17,
            "research_to_sale_ratio": null,
            "price_fair": 42.11,
            "eps_avg_yearly": 1.43,
            "eps_latest_yearly": 1.64,
            "eps_growth_yearly": 19.5
        },
        "20191": {
            "year_quarter": 20191,
            "year": 2019,
            "quarter": 1,
            "eps": 0.5,
            "eps_growth_year": 8.7,
            "eps_4q": 1.62,
            "eps_4q_growth_year": 3.49,
            "roe": 3.78,
            "roe_4q": 12.58,
            "gross_profit": 142197,
            "gross_margin": 16.82,
            "gross_margin_4q_avg": 16.98,
            "net_income": 42941,
            "revenue": 845330,
            "common_shares": 859001,
            "book_valuer_per_share": 13.5,
            "book_valuer_per_share_4q_avg": 12.82,
            "equity": 1160001,
            "current_ratio": 176.04,
            "debt_ratio": 44.65,
            "inventory_turnover_ratio": 3.05,
            "account_receivable_turnover_ratio": 1.16,
            "reinvestment_rate": 7.56,
            "research_to_sale_ratio": null,
            "price_fair": 51.98,
            "eps_avg_yearly": 1.49,
            "eps_latest_yearly": 2,
            "eps_growth_yearly": 36.75
        },
        "20192": {
            "year_quarter": 20192,
            "year": 2019,
            "quarter": 2,
            "eps": 0.4,
            "eps_growth_year": 17.65,
            "eps_4q": 1.69,
            "eps_4q_growth_year": 6.7,
            "roe": 3.09,
            "roe_4q": 13.1,
            "gross_profit": 118661,
            "gross_margin": 17.24,
            "gross_margin_4q_avg": 16.25,
            "net_income": 34693,
            "revenue": 688214,
            "common_shares": 859001,
            "book_valuer_per_share": 12.61,
            "book_valuer_per_share_4q_avg": 12.91,
            "equity": 1083325,
            "current_ratio": 157.6,
            "debt_ratio": 48.31,
            "inventory_turnover_ratio": 2.21,
            "account_receivable_turnover_ratio": 1.04,
            "reinvestment_rate": 9.63,
            "research_to_sale_ratio": null,
            "price_fair": 53.81,
            "eps_avg_yearly": 1.54,
            "eps_latest_yearly": 1.6,
            "eps_growth_yearly": 39.16
        },
        "20193": {
            "year_quarter": 20193,
            "year": 2019,
            "quarter": 3,
            "eps": 0.58,
            "eps_growth_year": 56.76,
            "eps_4q": 1.9,
            "eps_4q_growth_year": 15.85,
            "roe": 4.49,
            "roe_4q": 14.6,
            "gross_profit": 167191,
            "gross_margin": 15.01,
            "gross_margin_4q_avg": 16.29,
            "net_income": 49776,
            "revenue": 1113642,
            "common_shares": 859001,
            "book_valuer_per_share": 13.18,
            "book_valuer_per_share_4q_avg": 13.07,
            "equity": 1132361,
            "current_ratio": 150.75,
            "debt_ratio": 51.33,
            "inventory_turnover_ratio": 3.58,
            "account_receivable_turnover_ratio": 1.3,
            "reinvestment_rate": 2.15,
            "research_to_sale_ratio": null,
            "price_fair": 55.74,
            "eps_avg_yearly": 1.59,
            "eps_latest_yearly": 2.32,
            "eps_growth_yearly": 28.04
        },
        "20194": {
            "year_quarter": 20194,
            "year": 2019,
            "quarter": 4,
            "eps": 0.46,
            "eps_growth_year": 10.61,
            "eps_4q": 1.94,
            "eps_4q_growth_year": 22.53,
            "roe": 3.43,
            "roe_4q": 14.79,
            "gross_profit": 145687,
            "gross_margin": 18.17,
            "gross_margin_4q_avg": 16.81,
            "net_income": 39282,
            "revenue": 802005,
            "common_shares": 859001,
            "book_valuer_per_share": 13.49,
            "book_valuer_per_share_4q_avg": 13.2,
            "equity": 1158625,
            "current_ratio": 149.23,
            "debt_ratio": 50.16,
            "inventory_turnover_ratio": 1.96,
            "account_receivable_turnover_ratio": 0.93,
            "reinvestment_rate": 4.87,
            "research_to_sale_ratio": null,
            "price_fair": 27.49,
            "eps_avg_yearly": 1.56,
            "eps_latest_yearly": 1.84,
            "eps_growth_yearly": 7.59
        },
        "20201": {
            "year_quarter": 20201,
            "year": 2020,
            "quarter": 1,
            "eps": 0.48,
            "eps_growth_year": -4,
            "eps_4q": 1.92,
            "eps_4q_growth_year": 18.55,
            "roe": 3.5,
            "roe_4q": 14.51,
            "gross_profit": 146893,
            "gross_margin": 16.24,
            "gross_margin_4q_avg": 16.67,
            "net_income": 41311,
            "revenue": 904516,
            "common_shares": 859001,
            "book_valuer_per_share": 13.96,
            "book_valuer_per_share_4q_avg": 13.31,
            "equity": 1198998,
            "current_ratio": 157.76,
            "debt_ratio": 48.13,
            "inventory_turnover_ratio": 1.61,
            "account_receivable_turnover_ratio": 1.42,
            "reinvestment_rate": 4.53,
            "research_to_sale_ratio": null,
            "price_fair": 50.2,
            "eps_avg_yearly": 1.61,
            "eps_latest_yearly": 1.92,
            "eps_growth_yearly": 21.18
        },
        "20202": {
            "year_quarter": 20202,
            "year": 2020,
            "quarter": 2,
            "eps": 0.53,
            "eps_growth_year": 32.5,
            "eps_4q": 2.05,
            "eps_4q_growth_year": 21.53,
            "roe": 3.96,
            "roe_4q": 15.38,
            "gross_profit": 143701,
            "gross_margin": 16.29,
            "gross_margin_4q_avg": 16.43,
            "net_income": 45826,
            "revenue": 882227,
            "common_shares": 859001,
            "book_valuer_per_share": 13,
            "book_valuer_per_share_4q_avg": 13.41,
            "equity": 1116759,
            "current_ratio": 142.72,
            "debt_ratio": 52.9,
            "inventory_turnover_ratio": 1.52,
            "account_receivable_turnover_ratio": 1.17,
            "reinvestment_rate": -1.34,
            "research_to_sale_ratio": null,
            "price_fair": 51.86,
            "eps_avg_yearly": 1.66,
            "eps_latest_yearly": 2.12,
            "eps_growth_yearly": 21.2
        },
        "20203": {
            "year_quarter": 20203,
            "year": 2020,
            "quarter": 3,
            "eps": 0.54,
            "eps_growth_year": -6.9,
            "eps_4q": 2.01,
            "eps_4q_growth_year": 5.82,
            "roe": 4.03,
            "roe_4q": 14.92,
            "gross_profit": 149926,
            "gross_margin": 15.58,
            "gross_margin_4q_avg": 16.57,
            "net_income": 45989,
            "revenue": 962211,
            "common_shares": 859001,
            "book_valuer_per_share": 13.54,
            "book_valuer_per_share_4q_avg": 13.5,
            "equity": 1163476,
            "current_ratio": 150.73,
            "debt_ratio": 50.53,
            "inventory_turnover_ratio": 1.96,
            "account_receivable_turnover_ratio": 1.07,
            "reinvestment_rate": -1.3,
            "research_to_sale_ratio": null,
            "price_fair": 54.39,
            "eps_avg_yearly": 1.72,
            "eps_latest_yearly": 2.16,
            "eps_growth_yearly": 21.67
        },
        "20204": {
            "year_quarter": 20204,
            "year": 2020,
            "quarter": 4,
            "eps": 0.46,
            "eps_growth_year": 1.29,
            "eps_4q": 2.01,
            "eps_4q_growth_year": 3.73,
            "roe": 3.37,
            "roe_4q": 14.86,
            "gross_profit": 130207,
            "gross_margin": 16.28,
            "gross_margin_4q_avg": 16.1,
            "net_income": 39790,
            "revenue": 799897,
            "common_shares": 859001,
            "book_valuer_per_share": 13.97,
            "book_valuer_per_share_4q_avg": 13.62,
            "equity": 1200335,
            "current_ratio": 132.06,
            "debt_ratio": 54.52,
            "inventory_turnover_ratio": 1.65,
            "account_receivable_turnover_ratio": 0.93,
            "reinvestment_rate": 27.05,
            "research_to_sale_ratio": null,
            "price_fair": 39.03,
            "eps_avg_yearly": 1.74,
            "eps_latest_yearly": 1.84,
            "eps_growth_yearly": 12.5
        },
        "20211": {
            "year_quarter": 20211,
            "year": 2021,
            "quarter": 1,
            "eps": 0.52,
            "eps_growth_year": 8.33,
            "eps_4q": 2.01,
            "eps_4q_growth_year": 4.67,
            "roe": 3.62,
            "roe_4q": 14.98,
            "gross_profit": 153913,
            "gross_margin": 17.48,
            "gross_margin_4q_avg": 16.41,
            "net_income": 44609,
            "revenue": 880292,
            "common_shares": 859001,
            "book_valuer_per_share": 14.48,
            "book_valuer_per_share_4q_avg": 13.75,
            "equity": 1262289,
            "current_ratio": 161.83,
            "debt_ratio": 43.01,
            "inventory_turnover_ratio": 2.28,
            "account_receivable_turnover_ratio": 1.35,
            "reinvestment_rate": 22.73,
            "research_to_sale_ratio": null,
            "price_fair": 56.43,
            "eps_avg_yearly": 1.79,
            "eps_latest_yearly": 2.08,
            "eps_growth_yearly": 21.53
        },
        "20212": {
            "year_quarter": 20212,
            "year": 2021,
            "quarter": 2,
            "eps": 0.56,
            "eps_growth_year": 5.66,
            "eps_4q": 2.05,
            "eps_4q_growth_year": -0.18,
            "roe": 3.76,
            "roe_4q": 14.780000000000001,
            "gross_profit": 152392,
            "gross_margin": 17.76,
            "gross_margin_4q_avg": 16.78,
            "net_income": 48429,
            "revenue": 858048,
            "common_shares": 873061,
            "book_valuer_per_share": 14.8,
            "book_valuer_per_share_4q_avg": 14.2,
            "equity": 1313053,
            "current_ratio": 178.93,
            "debt_ratio": 39.88,
            "inventory_turnover_ratio": 4.16,
            "account_receivable_turnover_ratio": 1.33,
            "reinvestment_rate": 17.87,
            "research_to_sale_ratio": 1.1,
            "price_fair": 58.8,
            "eps_avg_yearly": 1.85,
            "eps_latest_yearly": 2.24,
            "eps_growth_yearly": 21.78
        },
        "20213": {
            "year_quarter": 20213,
            "year": 2021,
            "quarter": 3,
            "eps": 0.59,
            "eps_growth_year": 9.26,
            "eps_4q": 2.11,
            "eps_4q_growth_year": 4.99,
            "roe": 4.02,
            "roe_4q": 14.77,
            "gross_profit": 159744,
            "gross_margin": 18.31,
            "gross_margin_4q_avg": 17.46,
            "net_income": 51277,
            "revenue": 872563,
            "common_shares": 873061,
            "book_valuer_per_share": 14.16,
            "book_valuer_per_share_4q_avg": 14.35,
            "equity": 1236628,
            "current_ratio": 143.7,
            "debt_ratio": 48.35,
            "inventory_turnover_ratio": 5.47,
            "account_receivable_turnover_ratio": 1.02,
            "reinvestment_rate": 13.98,
            "research_to_sale_ratio": 1.04,
            "price_fair": 63.51,
            "eps_avg_yearly": 1.92,
            "eps_latest_yearly": 2.36,
            "eps_growth_yearly": 23.12
        },
        "20214": {
            "year_quarter": 20214,
            "year": 2021,
            "quarter": 4,
            "eps": 0.48,
            "eps_growth_year": 4.21,
            "eps_4q": 2.13,
            "eps_4q_growth_year": 6.03,
            "roe": 3.31,
            "roe_4q": 14.71,
            "gross_profit": 145516,
            "gross_margin": 14.85,
            "gross_margin_4q_avg": 17.1,
            "net_income": 42178,
            "revenue": 979774,
            "common_shares": 873701,
            "book_valuer_per_share": 15.02,
            "book_valuer_per_share_4q_avg": 14.62,
            "equity": 1312366,
            "current_ratio": 144.77,
            "debt_ratio": 48.3,
            "inventory_turnover_ratio": 5.34,
            "account_receivable_turnover_ratio": 1.01,
            "reinvestment_rate": 11.98,
            "research_to_sale_ratio": null,
            "price_fair": 32.14,
            "eps_avg_yearly": 1.92,
            "eps_latest_yearly": 1.92,
            "eps_growth_yearly": 6.74
        },
        "20221": {
            "year_quarter": 20221,
            "year": 2022,
            "quarter": 1,
            "eps": 0.45,
            "eps_growth_year": -13.46,
            "eps_4q": 2.06,
            "eps_4q_growth_year": 2.24,
            "roe": 2.97,
            "roe_4q": 14.06,
            "gross_profit": 148248,
            "gross_margin": 20.44,
            "gross_margin_4q_avg": 17.84,
            "net_income": 39655,
            "revenue": 725343,
            "common_shares": 873701,
            "book_valuer_per_share": 15.46,
            "book_valuer_per_share_4q_avg": 14.86,
            "equity": 1361754,
            "current_ratio": 166.38,
            "debt_ratio": 43.22,
            "inventory_turnover_ratio": 3.27,
            "account_receivable_turnover_ratio": 0.8,
            "reinvestment_rate": 14.02,
            "research_to_sale_ratio": null,
            "price_fair": 30.13,
            "eps_avg_yearly": 1.92,
            "eps_latest_yearly": 1.8,
            "eps_growth_yearly": 5.71
        },
        "20222": {
            "year_quarter": 20222,
            "year": 2022,
            "quarter": 2,
            "eps": 0.45,
            "eps_growth_year": -19.64,
            "eps_4q": 1.96,
            "eps_4q_growth_year": -4.06,
            "roe": 3.08,
            "roe_4q": 13.38,
            "gross_profit": 150893,
            "gross_margin": 20.94,
            "gross_margin_4q_avg": 18.64,
            "net_income": 40007,
            "revenue": 720466,
            "common_shares": 881006,
            "book_valuer_per_share": 14,
            "book_valuer_per_share_4q_avg": 14.66,
            "equity": 1235189,
            "current_ratio": 120.17,
            "debt_ratio": 63.3,
            "inventory_turnover_ratio": 0.93,
            "account_receivable_turnover_ratio": 0.9,
            "reinvestment_rate": 8.05,
            "research_to_sale_ratio": 1.33,
            "price_fair": 43.24,
            "eps_avg_yearly": 1.95,
            "eps_latest_yearly": 1.8,
            "eps_growth_yearly": 12.23
        },
        "20223": {
            "year_quarter": 20223,
            "year": 2022,
            "quarter": 3,
            "eps": 1.39,
            "eps_growth_year": 135.59,
            "eps_4q": 2.77,
            "eps_4q_growth_year": 31.35,
            "roe": 9.43,
            "roe_4q": 18.79,
            "gross_profit": 280905,
            "gross_margin": 12.18,
            "gross_margin_4q_avg": 17.1,
            "net_income": 122285,
            "revenue": 2307182,
            "common_shares": 881401,
            "book_valuer_per_share": 15.39,
            "book_valuer_per_share_4q_avg": 14.97,
            "equity": 1357950,
            "current_ratio": 112.08,
            "debt_ratio": 76.27,
            "inventory_turnover_ratio": 1.35,
            "account_receivable_turnover_ratio": 1.46,
            "reinvestment_rate": 5.02,
            "research_to_sale_ratio": 0.39,
            "price_fair": 77,
            "eps_avg_yearly": 2.2,
            "eps_latest_yearly": 5.56,
            "eps_growth_yearly": 62.25
        },
        "20224": {
            "year_quarter": 20224,
            "year": 2022,
            "quarter": 4,
            "eps": 0.95,
            "eps_growth_year": 95.8,
            "eps_4q": 3.23,
            "eps_4q_growth_year": 51.5,
            "roe": 5.97,
            "roe_4q": 21.449999999999996,
            "gross_profit": 274215,
            "gross_margin": 9.48,
            "gross_margin_4q_avg": 15.76,
            "net_income": 83406,
            "revenue": 2892125,
            "common_shares": 882301,
            "book_valuer_per_share": 16.27,
            "book_valuer_per_share_4q_avg": 15.28,
            "equity": 1436686,
            "current_ratio": 118.37,
            "debt_ratio": 69.75,
            "inventory_turnover_ratio": 2.2,
            "account_receivable_turnover_ratio": 1.11,
            "reinvestment_rate": 2.29,
            "research_to_sale_ratio": 0.39,
            "price_fair": 81.73,
            "eps_avg_yearly": 2.34,
            "eps_latest_yearly": 3.8,
            "eps_growth_yearly": 51.63
        },
        "20231": {
            "year_quarter": 20231,
            "year": 2023,
            "quarter": 1,
            "eps": 0.32,
            "eps_growth_year": -28.89,
            "eps_4q": 3.08,
            "eps_4q_growth_year": 49.6,
            "roe": 1.97,
            "roe_4q": 20.449999999999996,
            "gross_profit": 147120,
            "gross_margin": 18.79,
            "gross_margin_4q_avg": 15.35,
            "net_income": 28685,
            "revenue": 783006,
            "common_shares": 882301,
            "book_valuer_per_share": 16.59,
            "book_valuer_per_share_4q_avg": 15.56,
            "equity": 1478871,
            "current_ratio": 138.18,
            "debt_ratio": 54.94,
            "inventory_turnover_ratio": 1.59,
            "account_receivable_turnover_ratio": 0.35,
            "reinvestment_rate": -0.15,
            "research_to_sale_ratio": null,
            "price_fair": 80.15,
            "eps_avg_yearly": 2.29,
            "eps_latest_yearly": 1.28,
            "eps_growth_yearly": 29.57
        }
    },
    "months": {
        "2001-06": {
            "month": "2001-06",
            "price": "8.45",
            "revenue": 227601
        },
        "2001-07": {
            "month": "2001-07",
            "price": "6.47",
            "revenue": 230545
        },
        "2001-08": {
            "month": "2001-08",
            "price": "6.67",
            "revenue": 277227
        },
        "2001-09": {
            "month": "2001-09",
            "price": "4.84",
            "revenue": 238711
        },
        "2001-10": {
            "month": "2001-10",
            "price": "4.38",
            "revenue": 389506
        },
        "2001-11": {
            "month": "2001-11",
            "price": "5.89",
            "revenue": 346861
        },
        "2001-12": {
            "month": "2001-12",
            "price": "7.65",
            "revenue": 332903
        },
        "2002-01": {
            "month": "2002-01",
            "price": "8.40",
            "revenue": 264461
        },
        "2002-02": {
            "month": "2002-02",
            "price": "7.51",
            "revenue": 190495
        },
        "2002-03": {
            "month": "2002-03",
            "price": "8.79",
            "revenue": 240227
        },
        "2002-04": {
            "month": "2002-04",
            "price": "10.78",
            "revenue": 247530
        },
        "2002-05": {
            "month": "2002-05",
            "price": "8.28",
            "revenue": 235961
        },
        "2002-06": {
            "month": "2002-06",
            "price": "7.05",
            "revenue": 243553
        },
        "2002-07": {
            "month": "2002-07",
            "price": "6.57",
            "revenue": 254201
        },
        "2002-08": {
            "month": "2002-08",
            "price": "6.10",
            "revenue": 224988
        },
        "2002-09": {
            "month": "2002-09",
            "price": "5.31",
            "revenue": 178628
        },
        "2002-10": {
            "month": "2002-10",
            "price": "5.33",
            "revenue": 211509
        },
        "2002-11": {
            "month": "2002-11",
            "price": "5.50",
            "revenue": 201042
        },
        "2002-12": {
            "month": "2002-12",
            "price": "5.69",
            "revenue": 264109
        },
        "2003-01": {
            "month": "2003-01",
            "price": "5.74",
            "revenue": 164748
        },
        "2003-02": {
            "month": "2003-02",
            "price": "5.62",
            "revenue": 124604
        },
        "2003-03": {
            "month": "2003-03",
            "price": "5.38",
            "revenue": 250637
        },
        "2003-04": {
            "month": "2003-04",
            "price": "5.12",
            "revenue": 202490
        },
        "2003-05": {
            "month": "2003-05",
            "price": "3.98",
            "revenue": 178664
        },
        "2003-06": {
            "month": "2003-06",
            "price": "4.88",
            "revenue": 205699
        },
        "2003-07": {
            "month": "2003-07",
            "price": "5.25",
            "revenue": 203164
        },
        "2003-08": {
            "month": "2003-08",
            "price": "4.90",
            "revenue": 207436
        },
        "2003-09": {
            "month": "2003-09",
            "price": "4.31",
            "revenue": 254896
        },
        "2003-10": {
            "month": "2003-10",
            "price": "4.28",
            "revenue": 217822
        },
        "2003-11": {
            "month": "2003-11",
            "price": "4.32",
            "revenue": 169621
        },
        "2003-12": {
            "month": "2003-12",
            "price": "4.15",
            "revenue": 247845
        },
        "2004-01": {
            "month": "2004-01",
            "price": "4.65",
            "revenue": 229604
        },
        "2004-02": {
            "month": "2004-02",
            "price": "5.46",
            "revenue": 117325
        },
        "2004-03": {
            "month": "2004-03",
            "price": "5.80",
            "revenue": 213648
        },
        "2004-04": {
            "month": "2004-04",
            "price": "7.44",
            "revenue": 161913
        },
        "2004-05": {
            "month": "2004-05",
            "price": "5.59",
            "revenue": 83481
        },
        "2004-06": {
            "month": "2004-06",
            "price": "4.61",
            "revenue": 145590
        },
        "2004-07": {
            "month": "2004-07",
            "price": "3.45",
            "revenue": 83259
        },
        "2004-08": {
            "month": "2004-08",
            "price": "3.36",
            "revenue": 92819
        },
        "2004-09": {
            "month": "2004-09",
            "price": "2.50",
            "revenue": 99606
        },
        "2004-10": {
            "month": "2004-10",
            "price": "3.11",
            "revenue": 96498
        },
        "2004-11": {
            "month": "2004-11",
            "price": "3.29",
            "revenue": 106506
        },
        "2004-12": {
            "month": "2004-12",
            "price": "2.98",
            "revenue": 105360
        },
        "2005-01": {
            "month": "2005-01",
            "price": "2.89",
            "revenue": 92289
        },
        "2005-02": {
            "month": "2005-02",
            "price": "2.95",
            "revenue": 71589
        },
        "2005-03": {
            "month": "2005-03",
            "price": "3.07",
            "revenue": 60141
        },
        "2005-04": {
            "month": "2005-04",
            "price": "2.71",
            "revenue": 54703
        },
        "2005-05": {
            "month": "2005-05",
            "price": "2.38",
            "revenue": 51067
        },
        "2005-06": {
            "month": "2005-06",
            "price": "2.77",
            "revenue": 57244
        },
        "2005-07": {
            "month": "2005-07",
            "price": "2.91",
            "revenue": 58839
        },
        "2005-08": {
            "month": "2005-08",
            "price": "2.58",
            "revenue": 38555
        },
        "2005-09": {
            "month": "2005-09",
            "price": "2.63",
            "revenue": 80228
        },
        "2005-10": {
            "month": "2005-10",
            "price": "2.50",
            "revenue": 72331
        },
        "2005-11": {
            "month": "2005-11",
            "price": "2.24",
            "revenue": 66078
        },
        "2005-12": {
            "month": "2005-12",
            "price": "2.45",
            "revenue": 42865
        },
        "2006-01": {
            "month": "2006-01",
            "price": "3.04",
            "revenue": 60877
        },
        "2006-02": {
            "month": "2006-02",
            "price": "2.62",
            "revenue": 28444
        },
        "2006-03": {
            "month": "2006-03",
            "price": "2.40",
            "revenue": 49551
        },
        "2006-04": {
            "month": "2006-04",
            "price": "2.49",
            "revenue": 33478
        },
        "2006-05": {
            "month": "2006-05",
            "price": "2.37",
            "revenue": 38993
        },
        "2006-06": {
            "month": "2006-06",
            "price": "2.57",
            "revenue": 62153
        },
        "2006-07": {
            "month": "2006-07",
            "price": "2.66",
            "revenue": 49977
        },
        "2006-08": {
            "month": "2006-08",
            "price": "2.98",
            "revenue": 63332
        },
        "2006-09": {
            "month": "2006-09",
            "price": "4.16",
            "revenue": 54247
        },
        "2006-10": {
            "month": "2006-10",
            "price": "3.49",
            "revenue": 51063
        },
        "2006-11": {
            "month": "2006-11",
            "price": "3.65",
            "revenue": 50905
        },
        "2006-12": {
            "month": "2006-12",
            "price": "9.56",
            "revenue": 122704
        },
        "2007-01": {
            "month": "2007-01",
            "price": "13.20",
            "revenue": 27128
        },
        "2007-02": {
            "month": "2007-02",
            "price": "10.88",
            "revenue": 31613
        },
        "2007-03": {
            "month": "2007-03",
            "price": "11.66",
            "revenue": 37384
        },
        "2007-04": {
            "month": "2007-04",
            "price": "17.00",
            "revenue": 46848
        },
        "2007-05": {
            "month": "2007-05",
            "price": "15.54",
            "revenue": 28559
        },
        "2007-06": {
            "month": "2007-06",
            "price": "18.01",
            "revenue": 71872
        },
        "2007-07": {
            "month": "2007-07",
            "price": "20.62",
            "revenue": 45410
        },
        "2007-08": {
            "month": "2007-08",
            "price": "16.45",
            "revenue": 87655
        },
        "2007-09": {
            "month": "2007-09",
            "price": "13.13",
            "revenue": 83894
        },
        "2007-10": {
            "month": "2007-10",
            "price": "14.83",
            "revenue": 70295
        },
        "2007-11": {
            "month": "2007-11",
            "price": "14.92",
            "revenue": 99992
        },
        "2007-12": {
            "month": "2007-12",
            "price": "13.77",
            "revenue": 129615
        },
        "2008-01": {
            "month": "2008-01",
            "price": "11.14",
            "revenue": 52524
        },
        "2008-02": {
            "month": "2008-02",
            "price": "9.49",
            "revenue": 112883
        },
        "2008-03": {
            "month": "2008-03",
            "price": "12.11",
            "revenue": 199036
        },
        "2008-04": {
            "month": "2008-04",
            "price": "13.58",
            "revenue": 96214
        },
        "2008-05": {
            "month": "2008-05",
            "price": "13.24",
            "revenue": 106509
        },
        "2008-06": {
            "month": "2008-06",
            "price": "10.37",
            "revenue": 145774
        },
        "2008-07": {
            "month": "2008-07",
            "price": "10.02",
            "revenue": 85184
        },
        "2008-08": {
            "month": "2008-08",
            "price": "8.55",
            "revenue": 120253
        },
        "2008-09": {
            "month": "2008-09",
            "price": "4.56",
            "revenue": 133899
        },
        "2008-10": {
            "month": "2008-10",
            "price": "4.67",
            "revenue": 128520
        },
        "2008-11": {
            "month": "2008-11",
            "price": "4.27",
            "revenue": 104149
        },
        "2008-12": {
            "month": "2008-12",
            "price": "3.87",
            "revenue": 133153
        },
        "2009-01": {
            "month": "2009-01",
            "price": "3.90",
            "revenue": 81061
        },
        "2009-02": {
            "month": "2009-02",
            "price": "4.20",
            "revenue": 59354
        },
        "2009-03": {
            "month": "2009-03",
            "price": "4.87",
            "revenue": 112635
        },
        "2009-04": {
            "month": "2009-04",
            "price": "5.31",
            "revenue": 68334
        },
        "2009-05": {
            "month": "2009-05",
            "price": "5.76",
            "revenue": 92205
        },
        "2009-06": {
            "month": "2009-06",
            "price": "5.91",
            "revenue": 115616
        },
        "2009-07": {
            "month": "2009-07",
            "price": "6.33",
            "revenue": 66164
        },
        "2009-08": {
            "month": "2009-08",
            "price": "8.49",
            "revenue": 229862
        },
        "2009-09": {
            "month": "2009-09",
            "price": "10.02",
            "revenue": 128411
        },
        "2009-10": {
            "month": "2009-10",
            "price": "10.13",
            "revenue": 237651
        },
        "2009-11": {
            "month": "2009-11",
            "price": "9.76",
            "revenue": 118879
        },
        "2009-12": {
            "month": "2009-12",
            "price": "19.56",
            "revenue": 173517
        },
        "2010-01": {
            "month": "2010-01",
            "price": "45.51",
            "revenue": 215183
        },
        "2010-02": {
            "month": "2010-02",
            "price": "42.50",
            "revenue": 86856
        },
        "2010-03": {
            "month": "2010-03",
            "price": "43.43",
            "revenue": 104372
        },
        "2010-04": {
            "month": "2010-04",
            "price": "33.56",
            "revenue": 113580
        },
        "2010-05": {
            "month": "2010-05",
            "price": "24.38",
            "revenue": 91954
        },
        "2010-06": {
            "month": "2010-06",
            "price": "26.59",
            "revenue": 162304
        },
        "2010-07": {
            "month": "2010-07",
            "price": "25.59",
            "revenue": 98396
        },
        "2010-08": {
            "month": "2010-08",
            "price": "24.50",
            "revenue": 93646
        },
        "2010-09": {
            "month": "2010-09",
            "price": "21.46",
            "revenue": 105353
        },
        "2010-10": {
            "month": "2010-10",
            "price": "20.47",
            "revenue": 121568
        },
        "2010-11": {
            "month": "2010-11",
            "price": "17.03",
            "revenue": 103577
        },
        "2010-12": {
            "month": "2010-12",
            "price": "21.00",
            "revenue": 169379
        },
        "2011-01": {
            "month": "2011-01",
            "price": "20.46",
            "revenue": 112423
        },
        "2011-02": {
            "month": "2011-02",
            "price": "17.87",
            "revenue": 68372
        },
        "2011-03": {
            "month": "2011-03",
            "price": "16.94",
            "revenue": 109375
        },
        "2011-04": {
            "month": "2011-04",
            "price": "16.44",
            "revenue": 119048
        },
        "2011-05": {
            "month": "2011-05",
            "price": "16.60",
            "revenue": 120379
        },
        "2011-06": {
            "month": "2011-06",
            "price": "16.84",
            "revenue": 130734
        },
        "2011-07": {
            "month": "2011-07",
            "price": "16.01",
            "revenue": 134787
        },
        "2011-08": {
            "month": "2011-08",
            "price": "13.33",
            "revenue": 194036
        },
        "2011-09": {
            "month": "2011-09",
            "price": "12.50",
            "revenue": 143212
        },
        "2011-10": {
            "month": "2011-10",
            "price": "12.81",
            "revenue": 208016
        },
        "2011-11": {
            "month": "2011-11",
            "price": "11.76",
            "revenue": 142130
        },
        "2011-12": {
            "month": "2011-12",
            "price": "10.02",
            "revenue": 247093
        },
        "2012-01": {
            "month": "2012-01",
            "price": "10.17",
            "revenue": 86414
        },
        "2012-02": {
            "month": "2012-02",
            "price": "13.48",
            "revenue": 93140
        },
        "2012-03": {
            "month": "2012-03",
            "price": "13.46",
            "revenue": 202810
        },
        "2012-04": {
            "month": "2012-04",
            "price": "12.74",
            "revenue": 141523
        },
        "2012-05": {
            "month": "2012-05",
            "price": "11.94",
            "revenue": 114962
        },
        "2012-06": {
            "month": "2012-06",
            "price": "11.19",
            "revenue": 180854
        },
        "2012-07": {
            "month": "2012-07",
            "price": "11.12",
            "revenue": 107038
        },
        "2012-08": {
            "month": "2012-08",
            "price": "10.98",
            "revenue": 156099
        },
        "2012-09": {
            "month": "2012-09",
            "price": "11.90",
            "revenue": 174575
        },
        "2012-10": {
            "month": "2012-10",
            "price": "10.95",
            "revenue": 185526
        },
        "2012-11": {
            "month": "2012-11",
            "price": "10.17",
            "revenue": 150484
        },
        "2012-12": {
            "month": "2012-12",
            "price": "10.92",
            "revenue": 229087
        },
        "2013-01": {
            "month": "2013-01",
            "price": "11.65",
            "revenue": 107970
        },
        "2013-02": {
            "month": "2013-02",
            "price": "11.62",
            "revenue": 77760
        },
        "2013-03": {
            "month": "2013-03",
            "price": "12.43",
            "revenue": 216153
        },
        "2013-04": {
            "month": "2013-04",
            "price": "15.04",
            "revenue": 118170
        },
        "2013-05": {
            "month": "2013-05",
            "price": "15.31",
            "revenue": 124080
        },
        "2013-06": {
            "month": "2013-06",
            "price": "14.67",
            "revenue": 206173
        },
        "2013-07": {
            "month": "2013-07",
            "price": "15.05",
            "revenue": 125404
        },
        "2013-08": {
            "month": "2013-08",
            "price": "13.73",
            "revenue": 143193
        },
        "2013-09": {
            "month": "2013-09",
            "price": "12.42",
            "revenue": 122912
        },
        "2013-10": {
            "month": "2013-10",
            "price": "12.34",
            "revenue": 173253
        },
        "2013-11": {
            "month": "2013-11",
            "price": "11.50",
            "revenue": 216909
        },
        "2013-12": {
            "month": "2013-12",
            "price": "12.01",
            "revenue": 308269
        },
        "2014-01": {
            "month": "2014-01",
            "price": "13.26",
            "revenue": 134014
        },
        "2014-02": {
            "month": "2014-02",
            "price": "13.80",
            "revenue": 110101
        },
        "2014-03": {
            "month": "2014-03",
            "price": "13.83",
            "revenue": 166826
        },
        "2014-04": {
            "month": "2014-04",
            "price": "13.60",
            "revenue": 130825
        },
        "2014-05": {
            "month": "2014-05",
            "price": "12.94",
            "revenue": 128403
        },
        "2014-06": {
            "month": "2014-06",
            "price": "13.18",
            "revenue": 257821
        },
        "2014-07": {
            "month": "2014-07",
            "price": "13.72",
            "revenue": 189121
        },
        "2014-08": {
            "month": "2014-08",
            "price": "12.53",
            "revenue": 251429
        },
        "2014-09": {
            "month": "2014-09",
            "price": "12.83",
            "revenue": 236510
        },
        "2014-10": {
            "month": "2014-10",
            "price": "12.40",
            "revenue": 200848
        },
        "2014-11": {
            "month": "2014-11",
            "price": "12.06",
            "revenue": 243228
        },
        "2014-12": {
            "month": "2014-12",
            "price": "12.15",
            "revenue": 320484
        },
        "2015-01": {
            "month": "2015-01",
            "price": "12.54",
            "revenue": 128851
        },
        "2015-02": {
            "month": "2015-02",
            "price": "12.35",
            "revenue": 95887
        },
        "2015-03": {
            "month": "2015-03",
            "price": "12.77",
            "revenue": 144340
        },
        "2015-04": {
            "month": "2015-04",
            "price": "13.30",
            "revenue": 124956
        },
        "2015-05": {
            "month": "2015-05",
            "price": "13.02",
            "revenue": 151121
        },
        "2015-06": {
            "month": "2015-06",
            "price": "12.61",
            "revenue": 230335
        },
        "2015-07": {
            "month": "2015-07",
            "price": "12.18",
            "revenue": 223583
        },
        "2015-08": {
            "month": "2015-08",
            "price": "10.55",
            "revenue": 170740
        },
        "2015-09": {
            "month": "2015-09",
            "price": "11.57",
            "revenue": 280687
        },
        "2015-10": {
            "month": "2015-10",
            "price": "11.88",
            "revenue": 237693
        },
        "2015-11": {
            "month": "2015-11",
            "price": "11.89",
            "revenue": 171199
        },
        "2015-12": {
            "month": "2015-12",
            "price": "11.48",
            "revenue": 466063
        },
        "2016-01": {
            "month": "2016-01",
            "price": "10.99",
            "revenue": 164212
        },
        "2016-02": {
            "month": "2016-02",
            "price": "11.56",
            "revenue": 93488
        },
        "2016-03": {
            "month": "2016-03",
            "price": "12.56",
            "revenue": 211317
        },
        "2016-04": {
            "month": "2016-04",
            "price": "13.01",
            "revenue": 141137
        },
        "2016-05": {
            "month": "2016-05",
            "price": "12.84",
            "revenue": 158707
        },
        "2016-06": {
            "month": "2016-06",
            "price": "12.84",
            "revenue": 244940
        },
        "2016-07": {
            "month": "2016-07",
            "price": "13.37",
            "revenue": 244513
        },
        "2016-08": {
            "month": "2016-08",
            "price": "13.38",
            "revenue": 345671
        },
        "2016-09": {
            "month": "2016-09",
            "price": "13.39",
            "revenue": 215624
        },
        "2016-10": {
            "month": "2016-10",
            "price": "13.27",
            "revenue": 232931
        },
        "2016-11": {
            "month": "2016-11",
            "price": "12.86",
            "revenue": 231314
        },
        "2016-12": {
            "month": "2016-12",
            "price": "13.23",
            "revenue": 285659
        },
        "2017-01": {
            "month": "2017-01",
            "price": "13.18",
            "revenue": 143378
        },
        "2017-02": {
            "month": "2017-02",
            "price": "13.41",
            "revenue": 161637
        },
        "2017-03": {
            "month": "2017-03",
            "price": "13.62",
            "revenue": 221147
        },
        "2017-04": {
            "month": "2017-04",
            "price": "13.61",
            "revenue": 274575
        },
        "2017-05": {
            "month": "2017-05",
            "price": "13.98",
            "revenue": 187865
        },
        "2017-06": {
            "month": "2017-06",
            "price": "14.24",
            "revenue": 248040
        },
        "2017-07": {
            "month": "2017-07",
            "price": "14.30",
            "revenue": 321662
        },
        "2017-08": {
            "month": "2017-08",
            "price": "13.43",
            "revenue": 251784
        },
        "2017-09": {
            "month": "2017-09",
            "price": "13.58",
            "revenue": 250278
        },
        "2017-10": {
            "month": "2017-10",
            "price": "13.49",
            "revenue": 165822
        },
        "2017-11": {
            "month": "2017-11",
            "price": "13.35",
            "revenue": 258393
        },
        "2017-12": {
            "month": "2017-12",
            "price": "13.26",
            "revenue": 390625
        },
        "2018-01": {
            "month": "2018-01",
            "price": "13.67",
            "revenue": 339063
        },
        "2018-02": {
            "month": "2018-02",
            "price": "13.74",
            "revenue": 172540
        },
        "2018-03": {
            "month": "2018-03",
            "price": "16.87",
            "revenue": 273263
        },
        "2018-04": {
            "month": "2018-04",
            "price": "18.48",
            "revenue": 184353
        },
        "2018-05": {
            "month": "2018-05",
            "price": "17.70",
            "revenue": 264437
        },
        "2018-06": {
            "month": "2018-06",
            "price": "18.70",
            "revenue": 205286
        },
        "2018-07": {
            "month": "2018-07",
            "price": "18.52",
            "revenue": 279766
        },
        "2018-08": {
            "month": "2018-08",
            "price": "16.46",
            "revenue": 326438
        },
        "2018-09": {
            "month": "2018-09",
            "price": "16.36",
            "revenue": 339427
        },
        "2018-10": {
            "month": "2018-10",
            "price": "15.61",
            "revenue": 261101
        },
        "2018-11": {
            "month": "2018-11",
            "price": "15.59",
            "revenue": 226870
        },
        "2018-12": {
            "month": "2018-12",
            "price": "15.51",
            "revenue": 372905
        },
        "2019-01": {
            "month": "2019-01",
            "price": "15.63",
            "revenue": 337014
        },
        "2019-02": {
            "month": "2019-02",
            "price": "16.32",
            "revenue": 252924
        },
        "2019-03": {
            "month": "2019-03",
            "price": "17.49",
            "revenue": 244173
        },
        "2019-04": {
            "month": "2019-04",
            "price": "18.07",
            "revenue": 217543
        },
        "2019-05": {
            "month": "2019-05",
            "price": "18.36",
            "revenue": 250680
        },
        "2019-06": {
            "month": "2019-06",
            "price": "18.56",
            "revenue": 219507
        },
        "2019-07": {
            "month": "2019-07",
            "price": "18.38",
            "revenue": 333267
        },
        "2019-08": {
            "month": "2019-08",
            "price": "17.79",
            "revenue": 394911
        },
        "2019-09": {
            "month": "2019-09",
            "price": "18.76",
            "revenue": 379821
        },
        "2019-10": {
            "month": "2019-10",
            "price": "19.25",
            "revenue": 278577
        },
        "2019-11": {
            "month": "2019-11",
            "price": "19.91",
            "revenue": 262218
        },
        "2019-12": {
            "month": "2019-12",
            "price": "20.22",
            "revenue": 256183
        },
        "2020-01": {
            "month": "2020-01",
            "price": "19.91",
            "revenue": 306268
        },
        "2020-02": {
            "month": "2020-02",
            "price": "19.33",
            "revenue": 209568
        },
        "2020-03": {
            "month": "2020-03",
            "price": "17.50",
            "revenue": 391661
        },
        "2020-04": {
            "month": "2020-04",
            "price": "18.88",
            "revenue": 278643
        },
        "2020-05": {
            "month": "2020-05",
            "price": "20.49",
            "revenue": 299602
        },
        "2020-06": {
            "month": "2020-06",
            "price": "21.38",
            "revenue": 301363
        },
        "2020-07": {
            "month": "2020-07",
            "price": "22.45",
            "revenue": 275273
        },
        "2020-08": {
            "month": "2020-08",
            "price": "21.45",
            "revenue": 329623
        },
        "2020-09": {
            "month": "2020-09",
            "price": "20.94",
            "revenue": 364629
        },
        "2020-10": {
            "month": "2020-10",
            "price": "20.21",
            "revenue": 320802
        },
        "2020-11": {
            "month": "2020-11",
            "price": "21.04",
            "revenue": 235078
        },
        "2020-12": {
            "month": "2020-12",
            "price": "21.56",
            "revenue": 234588
        },
        "2021-01": {
            "month": "2021-01",
            "price": "21.02",
            "revenue": 353045
        },
        "2021-02": {
            "month": "2021-02",
            "price": "21.08",
            "revenue": 225765
        },
        "2021-03": {
            "month": "2021-03",
            "price": "22.96",
            "revenue": 298616
        },
        "2021-04": {
            "month": "2021-04",
            "price": "24.27",
            "revenue": 221614
        },
        "2021-05": {
            "month": "2021-05",
            "price": "22.93",
            "revenue": 245962
        },
        "2021-06": {
            "month": "2021-06",
            "price": "23.20",
            "revenue": 391030
        },
        "2021-07": {
            "month": "2021-07",
            "price": "23.82",
            "revenue": 219255
        },
        "2021-08": {
            "month": "2021-08",
            "price": "22.99",
            "revenue": 341767
        },
        "2021-09": {
            "month": "2021-09",
            "price": "22.41",
            "revenue": 310491
        },
        "2021-10": {
            "month": "2021-10",
            "price": "22.56",
            "revenue": 298905
        },
        "2021-11": {
            "month": "2021-11",
            "price": "23.88",
            "revenue": 239451
        },
        "2021-12": {
            "month": "2021-12",
            "price": "25.42",
            "revenue": 444041
        },
        "2022-01": {
            "month": "2022-01",
            "price": "25.42",
            "revenue": 246656
        },
        "2022-02": {
            "month": "2022-02",
            "price": "25.55",
            "revenue": 252819
        },
        "2022-03": {
            "month": "2022-03",
            "price": "25.89",
            "revenue": 225156
        },
        "2022-04": {
            "month": "2022-04",
            "price": "25.96",
            "revenue": 216286
        },
        "2022-05": {
            "month": "2022-05",
            "price": "25.24",
            "revenue": 231281
        },
        "2022-06": {
            "month": "2022-06",
            "price": "25.31",
            "revenue": 271714
        },
        "2022-07": {
            "month": "2022-07",
            "price": "24.64",
            "revenue": 328523
        },
        "2022-08": {
            "month": "2022-08",
            "price": "25.12",
            "revenue": 216488
        },
        "2022-09": {
            "month": "2022-09",
            "price": "25.60",
            "revenue": 1765119
        },
        "2022-10": {
            "month": "2022-10",
            "price": "26.60",
            "revenue": 1903799
        },
        "2022-11": {
            "month": "2022-11",
            "price": "33.50",
            "revenue": 497308
        },
        "2022-12": {
            "month": "2022-12",
            "price": "33.79",
            "revenue": 485997
        },
        "2023-01": {
            "month": "2023-01",
            "price": "31.77",
            "revenue": 309115
        },
        "2023-02": {
            "month": "2023-02",
            "price": "33.14",
            "revenue": 232145
        },
        "2023-03": {
            "month": "2023-03",
            "price": "35.74",
            "revenue": 240884
        },
        "2023-04": {
            "month": "2023-04",
            "price": "35.39",
            "revenue": 224733
        }
    }
}
