{
    "summary": {
        "stock_name": "台半",
        "stock_id": "5425",
        "category": "半導體",
        "main_business": "整流器之生產製造．銷售及進出口業務",
        "website_url": "http://www.ts.com.tw",
        "ceo": "王秀亭",
        "pe_ratio": 16,
        "report_year_from": 2001,
        "report_year_to": 2023,
        "age": 22,
        "eps_negative_percentage": 0,
        "eps_growth_avg": {
            "last_all": 15.46,
            "last_2y": 44.12,
            "last_4y": 18.12,
            "last_8y": 21.5,
            "last_12y": 23.97,
            "last_16y": 22.08,
            "last_20y": 15.46,
            "at_2006_last_3y": 12.83,
            "at_2007_last_3y": 7.54,
            "at_2008_last_3y": 0.94,
            "at_2009_last_3y": 15.94,
            "at_2010_last_3y": 15.94,
            "at_2011_last_3y": 19.85,
            "at_2012_last_3y": 29.51,
            "at_2013_last_3y": 29.51,
            "at_2014_last_3y": 19.04,
            "at_2015_last_3y": 32.93,
            "at_2016_last_3y": 47.44,
            "at_2017_last_3y": 25.74,
            "at_2018_last_3y": 9.62,
            "at_2019_last_3y": -7.14,
            "at_2020_last_3y": -7.03,
            "at_2021_last_3y": 3.42,
            "at_2022_last_3y": 24.24,
            "at_2023_last_3y": 24.24,
            "at_2006_last_all": 9.88,
            "at_2007_last_all": 1.64,
            "at_2008_last_all": -12.4,
            "at_2009_last_all": 1.65,
            "at_2010_last_all": 12.58,
            "at_2011_last_all": 8.92,
            "at_2012_last_all": 2.84,
            "at_2013_last_all": 10.93,
            "at_2014_last_all": 14.56,
            "at_2015_last_all": 15.78,
            "at_2016_last_all": 14.73,
            "at_2017_last_all": 14.64,
            "at_2018_last_all": 13.4,
            "at_2019_last_all": 10.69,
            "at_2020_last_all": 10.15,
            "at_2021_last_all": 12.39,
            "at_2022_last_all": 15.46,
            "at_2023_last_all": 15.46
        },
        "latest_eps": 5.66,
        "latest_price": 90.6,
        "latest_roe": 19.62,
        "latest_gross_margin": 31.04,
        "latest_equity": 11084417,
        "latest_revenue": 3625363,
        "latest_gross_profit": 1125312,
        "latest_net_income": 360393,
        "latest_debt_ratio": 38.98,
        "latest_current_ratio": 220.12,
        "latest_account_receivable_turnover_ratio": 1.23,
        "latest_inventory_turnover_ratio": 0.7,
        "latest_reinvestment_rate": 18.48,
        "latest_research_to_sale_ratio": 2.52
    },
    "eps_dividends": {
        "1998": {
            "cash": 0,
            "stock": 2,
            "eps": 0
        },
        "1999": {
            "cash": 0,
            "stock": 2,
            "eps": 0
        },
        "2000": {
            "cash": 0,
            "stock": 2,
            "eps": 0
        },
        "2001": {
            "cash": 0,
            "stock": 1,
            "eps": 1.05
        },
        "2002": {
            "cash": 0,
            "stock": 1,
            "eps": 1.03
        },
        "2003": {
            "cash": 0,
            "stock": 0,
            "eps": 0.84
        },
        "2004": {
            "cash": 0,
            "stock": 0,
            "eps": 0.25
        },
        "2005": {
            "cash": 0,
            "stock": 0,
            "eps": 0.35
        },
        "2006": {
            "cash": 0,
            "stock": 0,
            "eps": 1.97
        },
        "2007": {
            "cash": 1,
            "stock": 0,
            "eps": 1.19
        },
        "2008": {
            "cash": 1,
            "stock": 0,
            "eps": 0.04
        },
        "2009": {
            "cash": 0,
            "stock": 0,
            "eps": 0.52
        },
        "2010": {
            "cash": 0,
            "stock": 0,
            "eps": 2.13
        },
        "2011": {
            "cash": 1,
            "stock": 0,
            "eps": 1.62
        },
        "2012": {
            "cash": 1,
            "stock": 0,
            "eps": 0.68
        },
        "2013": {
            "cash": 1,
            "stock": 0,
            "eps": 1.6
        },
        "2014": {
            "cash": 1,
            "stock": 0,
            "eps": 2.53
        },
        "2015": {
            "cash": 2,
            "stock": 0,
            "eps": 3.33
        },
        "2016": {
            "cash": 3,
            "stock": 0,
            "eps": 3.33
        },
        "2017": {
            "cash": 3,
            "stock": 0,
            "eps": 3.77
        },
        "2018": {
            "cash": 3,
            "stock": 0,
            "eps": 3.53
        },
        "2019": {
            "cash": 3,
            "stock": 0,
            "eps": 2.28
        },
        "2020": {
            "cash": 2,
            "stock": 0,
            "eps": 2.29
        },
        "2021": {
            "cash": 2,
            "stock": 0,
            "eps": 3.55
        },
        "2022": {
            "cash": 3,
            "stock": 0,
            "eps": 6.28
        },
        "2023": {
            "cash": 4,
            "stock": 0,
            "eps": 0.93
        }
    },
    "dividends": {
        "1998-06-19": {
            "cash": 0,
            "stock": 2
        },
        "1999-06-21": {
            "cash": 0,
            "stock": 2
        },
        "2000-05-22": {
            "cash": 0,
            "stock": 1.5
        },
        "2001-05-28": {
            "cash": 0.2,
            "stock": 1
        },
        "2002-06-24": {
            "cash": 0,
            "stock": 0.8
        },
        "2003-06-23": {
            "cash": 0.4,
            "stock": 0.4
        },
        "2004-03-30": {
            "cash": 0.4,
            "stock": 0.4
        },
        "2005-03-28": {
            "cash": 0.2,
            "stock": 0
        },
        "2006-04-24": {
            "cash": 0.3,
            "stock": 0
        },
        "2007-03-26": {
            "cash": 0.96,
            "stock": 0
        },
        "2008-03-25": {
            "cash": 0.7,
            "stock": 0
        },
        "2010-03-29": {
            "cash": 0.4,
            "stock": 0
        },
        "2011-03-25": {
            "cash": 1.2,
            "stock": 0
        },
        "2012-06-27": {
            "cash": 1,
            "stock": 0
        },
        "2013-06-19": {
            "cash": 0.5,
            "stock": 0
        },
        "2014-06-18": {
            "cash": 1.2,
            "stock": 0
        },
        "2015-08-21": {
            "cash": 2,
            "stock": 0
        },
        "2016-08-12": {
            "cash": 2.5,
            "stock": 0
        },
        "2017-08-11": {
            "cash": 2.5,
            "stock": 0
        },
        "2018-08-17": {
            "cash": 3,
            "stock": 0
        },
        "2019-08-21": {
            "cash": 3,
            "stock": 0
        },
        "2020-08-14": {
            "cash": 1.5,
            "stock": 0
        },
        "2021-09-17": {
            "cash": 1.5,
            "stock": 0
        },
        "2022-08-24": {
            "cash": 2.5,
            "stock": 0
        },
        "2023-03-15": {
            "cash": 4,
            "stock": 0
        }
    },
    "prices": {
        "200101": "12.59",
        "200102": "14.66",
        "200103": "16.56",
        "200104": "19.18",
        "200105": "15.72",
        "200106": "14.98",
        "200107": "11.30",
        "200108": "10.44",
        "200109": "10.03",
        "200110": "8.04",
        "200111": "10.42",
        "200112": "13.49",
        "200201": "18.59",
        "200202": "21.64",
        "200203": "21.21",
        "200204": "20.08",
        "200205": "15.93",
        "200206": "14.37",
        "200207": "12.10",
        "200208": "11.67",
        "200209": "10.84",
        "200210": "11.15",
        "200211": "11.44",
        "200212": "10.40",
        "200301": "10.56",
        "200302": "10.05",
        "200303": "9.89",
        "200304": "10.97",
        "200305": "12.45",
        "200306": "13.78",
        "200307": "14.68",
        "200308": "14.36",
        "200309": "13.60",
        "200310": "13.34",
        "200311": "13.38",
        "200312": "13.04",
        "200401": "13.09",
        "200402": "14.28",
        "200403": "14.57",
        "200404": "15.61",
        "200405": "13.65",
        "200406": "12.38",
        "200407": "11.67",
        "200408": "10.38",
        "200409": "10.12",
        "200410": "9.98",
        "200411": "9.44",
        "200412": "9.36",
        "200501": "9.18",
        "200502": "8.43",
        "200503": "8.33",
        "200504": "8.36",
        "200505": "7.02",
        "200506": "7.68",
        "200507": "8.01",
        "200508": "8.32",
        "200509": "8.61",
        "200510": "9.20",
        "200511": "8.96",
        "200512": "11.60",
        "200601": "15.42",
        "200602": "17.24",
        "200603": "17.58",
        "200604": "19.92",
        "200605": "20.59",
        "200606": "17.54",
        "200607": "17.09",
        "200608": "18.64",
        "200609": "16.93",
        "200610": "19.90",
        "200611": "22.60",
        "200612": "23.71",
        "200701": "25.87",
        "200702": "27.66",
        "200703": "31.03",
        "200704": "31.58",
        "200705": "29.23",
        "200706": "39.59",
        "200707": "60.44",
        "200708": "51.34",
        "200709": "59.01",
        "200710": "63.51",
        "200711": "47.51",
        "200712": "47.15",
        "200801": "40.63",
        "200802": "31.50",
        "200803": "37.64",
        "200804": "42.72",
        "200805": "40.47",
        "200806": "33.49",
        "200807": "27.28",
        "200808": "26.23",
        "200809": "20.21",
        "200810": "13.25",
        "200811": "12.80",
        "200812": "14.34",
        "200901": "13.60",
        "200902": "13.38",
        "200903": "15.22",
        "200904": "16.13",
        "200905": "16.73",
        "200906": "17.05",
        "200907": "18.75",
        "200908": "22.42",
        "200909": "24.44",
        "200910": "29.05",
        "200911": "26.79",
        "200912": "28.27",
        "201001": "30.36",
        "201002": "27.65",
        "201003": "30.34",
        "201004": "29.91",
        "201005": "25.78",
        "201006": "25.06",
        "201007": "24.96",
        "201008": "25.68",
        "201009": "25.34",
        "201010": "23.73",
        "201011": "21.52",
        "201012": "23.69",
        "201101": "23.55",
        "201102": "25.51",
        "201103": "26.30",
        "201104": "25.41",
        "201105": "25.42",
        "201106": "23.30",
        "201107": "20.74",
        "201108": "16.72",
        "201109": "17.03",
        "201110": "16.82",
        "201111": "15.33",
        "201112": "13.92",
        "201201": "14.41",
        "201202": "17.43",
        "201203": "17.08",
        "201204": "15.12",
        "201205": "14.90",
        "201206": "14.15",
        "201207": "13.87",
        "201208": "13.45",
        "201209": "13.93",
        "201210": "13.51",
        "201211": "11.99",
        "201212": "12.44",
        "201301": "13.19",
        "201302": "13.52",
        "201303": "14.38",
        "201304": "14.99",
        "201305": "16.98",
        "201306": "18.35",
        "201307": "21.35",
        "201308": "23.45",
        "201309": "24.15",
        "201310": "23.16",
        "201311": "23.11",
        "201312": "26.27",
        "201401": "30.22",
        "201402": "29.90",
        "201403": "36.49",
        "201404": "35.26",
        "201405": "34.75",
        "201406": "37.36",
        "201407": "35.09",
        "201408": "37.38",
        "201409": "37.99",
        "201410": "30.32",
        "201411": "27.78",
        "201412": "31.16",
        "201501": "33.09",
        "201502": "33.42",
        "201503": "34.31",
        "201504": "33.56",
        "201505": "30.57",
        "201506": "29.72",
        "201507": "28.80",
        "201508": "23.60",
        "201509": "22.83",
        "201510": "25.73",
        "201511": "31.31",
        "201512": "32.91",
        "201601": "32.04",
        "201602": "34.31",
        "201603": "40.99",
        "201604": "41.25",
        "201605": "38.55",
        "201606": "37.58",
        "201607": "38.09",
        "201608": "36.84",
        "201609": "36.39",
        "201610": "36.58",
        "201611": "33.02",
        "201612": "34.26",
        "201701": "35.75",
        "201702": "37.76",
        "201703": "37.13",
        "201704": "37.22",
        "201705": "41.02",
        "201706": "42.85",
        "201707": "41.71",
        "201708": "41.89",
        "201709": "47.64",
        "201710": "64.75",
        "201711": "70.24",
        "201712": "67.32",
        "201801": "72.77",
        "201802": "66.05",
        "201803": "79.10",
        "201804": "74.81",
        "201805": "74.97",
        "201806": "84.34",
        "201807": "86.29",
        "201808": "74.15",
        "201809": "65.31",
        "201810": "47.79",
        "201811": "51.01",
        "201812": "52.22",
        "201901": "54.11",
        "201902": "57.95",
        "201903": "54.24",
        "201904": "57.07",
        "201905": "49.82",
        "201906": "45.32",
        "201907": "51.25",
        "201908": "45.58",
        "201909": "46.50",
        "201910": "47.25",
        "201911": "49.67",
        "201912": "52.23",
        "202001": "50.74",
        "202002": "45.84",
        "202003": "36.52",
        "202004": "35.36",
        "202005": "37.95",
        "202006": "41.50",
        "202007": "39.75",
        "202008": "36.98",
        "202009": "40.63",
        "202010": "44.34",
        "202011": "50.18",
        "202012": "56.75",
        "202101": "56.44",
        "202102": "56.12",
        "202103": "56.73",
        "202104": "56.47",
        "202105": "46.27",
        "202106": "54.33",
        "202107": "82.87",
        "202108": "77.15",
        "202109": "65.90",
        "202110": "69.96",
        "202111": "81.51",
        "202112": "77.83",
        "202201": "71.41",
        "202202": "72.31",
        "202203": "76.09",
        "202204": "81.39",
        "202205": "83.01",
        "202206": "83.52",
        "202207": "73.93",
        "202208": "83.39",
        "202209": "87.26",
        "202210": "73.80",
        "202211": "77.55",
        "202212": "78.40",
        "202301": "79.35",
        "202302": "90.98",
        "202303": "105.13",
        "202304": "100.84",
        "202305": "92.21"
    },
    "quarters": {
        "20011": {
            "year_quarter": 20011,
            "year": 2001,
            "quarter": 1,
            "eps": 0.21,
            "eps_growth_year": -36.36,
            "eps_4q": 1.15,
            "eps_4q_growth_year": 11.99,
            "roe": 1.39,
            "roe_4q": 1.39,
            "gross_profit": 48997,
            "gross_margin": 16.94,
            "gross_margin_4q_avg": 16.94,
            "net_income": 24442,
            "revenue": 289310,
            "common_shares": 1157197,
            "book_valuer_per_share": 15.26,
            "book_valuer_per_share_4q_avg": 15.26,
            "equity": 1765456,
            "current_ratio": 246.21,
            "debt_ratio": 24.11,
            "inventory_turnover_ratio": 0.49,
            "account_receivable_turnover_ratio": null,
            "reinvestment_rate": null,
            "research_to_sale_ratio": null,
            "price_fair": 0,
            "eps_avg_yearly": 0,
            "eps_latest_yearly": 0,
            "eps_growth_yearly": 0
        },
        "20012": {
            "year_quarter": 20012,
            "year": 2001,
            "quarter": 2,
            "eps": 0.56,
            "eps_growth_year": 80.65,
            "eps_4q": 1.42,
            "eps_4q_growth_year": 34.71,
            "roe": 3.59,
            "roe_4q": 4.9799999999999995,
            "gross_profit": 56702,
            "gross_margin": 17.94,
            "gross_margin_4q_avg": 17.44,
            "net_income": 64672,
            "revenue": 316133,
            "common_shares": 1157197,
            "book_valuer_per_share": 15.91,
            "book_valuer_per_share_4q_avg": 15.59,
            "equity": 1840920,
            "current_ratio": 220.03,
            "debt_ratio": 27.99,
            "inventory_turnover_ratio": 0.82,
            "account_receivable_turnover_ratio": null,
            "reinvestment_rate": null,
            "research_to_sale_ratio": null,
            "price_fair": 0,
            "eps_avg_yearly": 0,
            "eps_latest_yearly": 0,
            "eps_growth_yearly": 0
        },
        "20013": {
            "year_quarter": 20013,
            "year": 2001,
            "quarter": 3,
            "eps": -0.04,
            "eps_growth_year": -110.53,
            "eps_4q": 0.9,
            "eps_4q_growth_year": -26.85,
            "roe": -0.25,
            "roe_4q": 4.7299999999999995,
            "gross_profit": 67955,
            "gross_margin": 20.16,
            "gross_margin_4q_avg": 18.35,
            "net_income": -4526,
            "revenue": 337005,
            "common_shares": 1280644,
            "book_valuer_per_share": 14.36,
            "book_valuer_per_share_4q_avg": 15.18,
            "equity": 1838865,
            "current_ratio": 291.9,
            "debt_ratio": 36.95,
            "inventory_turnover_ratio": 0.85,
            "account_receivable_turnover_ratio": null,
            "reinvestment_rate": null,
            "research_to_sale_ratio": null,
            "price_fair": 0,
            "eps_avg_yearly": 0,
            "eps_latest_yearly": 0,
            "eps_growth_yearly": 0
        },
        "20014": {
            "year_quarter": 20014,
            "year": 2001,
            "quarter": 4,
            "eps": 0.32,
            "eps_growth_year": 18.52,
            "eps_4q": 0.99,
            "eps_4q_growth_year": -21.57,
            "roe": 2.09,
            "roe_4q": 6.819999999999999,
            "gross_profit": 68656,
            "gross_margin": 21.04,
            "gross_margin_4q_avg": 19.02,
            "net_income": 40642,
            "revenue": 326308,
            "common_shares": 1416036,
            "book_valuer_per_share": 14.34,
            "book_valuer_per_share_4q_avg": 14.97,
            "equity": 2044927,
            "current_ratio": 348.86,
            "debt_ratio": 29.21,
            "inventory_turnover_ratio": 0.57,
            "account_receivable_turnover_ratio": null,
            "reinvestment_rate": null,
            "research_to_sale_ratio": null,
            "price_fair": 0,
            "eps_avg_yearly": 0,
            "eps_latest_yearly": 0,
            "eps_growth_yearly": 0
        },
        "20021": {
            "year_quarter": 20021,
            "year": 2002,
            "quarter": 1,
            "eps": 0.16,
            "eps_growth_year": -23.81,
            "eps_4q": 0.83,
            "eps_4q_growth_year": -27.76,
            "roe": 1.13,
            "roe_4q": 6.56,
            "gross_profit": 66609,
            "gross_margin": 20.49,
            "gross_margin_4q_avg": 19.91,
            "net_income": 23921,
            "revenue": 325017,
            "common_shares": 1547505,
            "book_valuer_per_share": 14.26,
            "book_valuer_per_share_4q_avg": 14.72,
            "equity": 2207101,
            "current_ratio": 428.48,
            "debt_ratio": 18.94,
            "inventory_turnover_ratio": 0.57,
            "account_receivable_turnover_ratio": null,
            "reinvestment_rate": null,
            "research_to_sale_ratio": null,
            "price_fair": 1.92,
            "eps_avg_yearly": 0.64,
            "eps_latest_yearly": 0.64,
            "eps_growth_yearly": -200
        },
        "20022": {
            "year_quarter": 20022,
            "year": 2002,
            "quarter": 2,
            "eps": 0.08,
            "eps_growth_year": -85.71,
            "eps_4q": 0.46,
            "eps_4q_growth_year": -67.69,
            "roe": 0.58,
            "roe_4q": 3.55,
            "gross_profit": 68877,
            "gross_margin": 20.21,
            "gross_margin_4q_avg": 20.48,
            "net_income": 12712,
            "revenue": 340791,
            "common_shares": 1547505,
            "book_valuer_per_share": 14.2,
            "book_valuer_per_share_4q_avg": 14.29,
            "equity": 2198040,
            "current_ratio": 422.86,
            "debt_ratio": 17.43,
            "inventory_turnover_ratio": 0.88,
            "account_receivable_turnover_ratio": null,
            "reinvestment_rate": null,
            "research_to_sale_ratio": null,
            "price_fair": 1.44,
            "eps_avg_yearly": 0.48,
            "eps_latest_yearly": 0.32,
            "eps_growth_yearly": -200
        },
        "20023": {
            "year_quarter": 20023,
            "year": 2002,
            "quarter": 3,
            "eps": 0.27,
            "eps_growth_year": null,
            "eps_4q": 0.76,
            "eps_4q_growth_year": -15.25,
            "roe": 1.86,
            "roe_4q": 5.66,
            "gross_profit": 75350,
            "gross_margin": 18.45,
            "gross_margin_4q_avg": 20.05,
            "net_income": 42327,
            "revenue": 408505,
            "common_shares": 1769167,
            "book_valuer_per_share": 13.24,
            "book_valuer_per_share_4q_avg": 14.01,
            "equity": 2342535,
            "current_ratio": 395.94,
            "debt_ratio": 14.78,
            "inventory_turnover_ratio": 1.05,
            "account_receivable_turnover_ratio": null,
            "reinvestment_rate": null,
            "research_to_sale_ratio": null,
            "price_fair": 23.8,
            "eps_avg_yearly": 0.68,
            "eps_latest_yearly": 1.08,
            "eps_growth_yearly": 183.33
        },
        "20024": {
            "year_quarter": 20024,
            "year": 2002,
            "quarter": 4,
            "eps": 0.52,
            "eps_growth_year": 62.5,
            "eps_4q": 0.98,
            "eps_4q_growth_year": -0.22,
            "roe": 3.7,
            "roe_4q": 7.2700000000000005,
            "gross_profit": 47345,
            "gross_margin": 11.71,
            "gross_margin_4q_avg": 17.72,
            "net_income": 88524,
            "revenue": 404349,
            "common_shares": 1769267,
            "book_valuer_per_share": 13.68,
            "book_valuer_per_share_4q_avg": 13.85,
            "equity": 2436554,
            "current_ratio": 239.5,
            "debt_ratio": 26.82,
            "inventory_turnover_ratio": 0.72,
            "account_receivable_turnover_ratio": null,
            "reinvestment_rate": 128.55,
            "research_to_sale_ratio": null,
            "price_fair": 36.05,
            "eps_avg_yearly": 1.03,
            "eps_latest_yearly": 2.08,
            "eps_growth_yearly": 230.09
        },
        "20031": {
            "year_quarter": 20031,
            "year": 2003,
            "quarter": 1,
            "eps": 0.18,
            "eps_growth_year": 12.5,
            "eps_4q": 1,
            "eps_4q_growth_year": 19.47,
            "roe": 1.29,
            "roe_4q": 7.430000000000001,
            "gross_profit": 91668,
            "gross_margin": 23.77,
            "gross_margin_4q_avg": 18.54,
            "net_income": 31647,
            "revenue": 385574,
            "common_shares": 1769267,
            "book_valuer_per_share": 13.86,
            "book_valuer_per_share_4q_avg": 13.75,
            "equity": 2453082,
            "current_ratio": 372.71,
            "debt_ratio": 17.74,
            "inventory_turnover_ratio": 0.56,
            "account_receivable_turnover_ratio": null,
            "reinvestment_rate": 93.85,
            "research_to_sale_ratio": null,
            "price_fair": 33.88,
            "eps_avg_yearly": 0.97,
            "eps_latest_yearly": 0.72,
            "eps_growth_yearly": 131.77
        },
        "20032": {
            "year_quarter": 20032,
            "year": 2003,
            "quarter": 2,
            "eps": 0.27,
            "eps_growth_year": 237.5,
            "eps_4q": 1.19,
            "eps_4q_growth_year": 160.22,
            "roe": 1.96,
            "roe_4q": 8.81,
            "gross_profit": 100305,
            "gross_margin": 22.52,
            "gross_margin_4q_avg": 19.11,
            "net_income": 47619,
            "revenue": 445305,
            "common_shares": 1769267,
            "book_valuer_per_share": 13.67,
            "book_valuer_per_share_4q_avg": 13.61,
            "equity": 2418261,
            "current_ratio": 207.52,
            "debt_ratio": 26.43,
            "inventory_turnover_ratio": 0.85,
            "account_receivable_turnover_ratio": null,
            "reinvestment_rate": 88.72,
            "research_to_sale_ratio": null,
            "price_fair": 34.53,
            "eps_avg_yearly": 0.99,
            "eps_latest_yearly": 1.08,
            "eps_growth_yearly": 143.14
        },
        "20033": {
            "year_quarter": 20033,
            "year": 2003,
            "quarter": 3,
            "eps": 0.17,
            "eps_growth_year": -37.04,
            "eps_4q": 1.09,
            "eps_4q_growth_year": 43.47,
            "roe": 1.26,
            "roe_4q": 8.21,
            "gross_profit": 111826,
            "gross_margin": 22.05,
            "gross_margin_4q_avg": 20.01,
            "net_income": 30851,
            "revenue": 507065,
            "common_shares": 1874060,
            "book_valuer_per_share": 13.16,
            "book_valuer_per_share_4q_avg": 13.59,
            "equity": 2465877,
            "current_ratio": 228.63,
            "debt_ratio": 22.25,
            "inventory_turnover_ratio": 0.9,
            "account_receivable_turnover_ratio": null,
            "reinvestment_rate": 86.08,
            "research_to_sale_ratio": null,
            "price_fair": 33,
            "eps_avg_yearly": 0.94,
            "eps_latest_yearly": 0.68,
            "eps_growth_yearly": 101.53
        },
        "20034": {
            "year_quarter": 20034,
            "year": 2003,
            "quarter": 4,
            "eps": 0.22,
            "eps_growth_year": -57.69,
            "eps_4q": 0.83,
            "eps_4q_growth_year": -16,
            "roe": 1.6,
            "roe_4q": 6.11,
            "gross_profit": 95255,
            "gross_margin": 20.17,
            "gross_margin_4q_avg": 22.13,
            "net_income": 39949,
            "revenue": 472357,
            "common_shares": 1881160,
            "book_valuer_per_share": 13.34,
            "book_valuer_per_share_4q_avg": 13.51,
            "equity": 2518081,
            "current_ratio": 203.22,
            "debt_ratio": 29.34,
            "inventory_turnover_ratio": 0.63,
            "account_receivable_turnover_ratio": null,
            "reinvestment_rate": 116.01,
            "research_to_sale_ratio": null,
            "price_fair": 32.73,
            "eps_avg_yearly": 0.94,
            "eps_latest_yearly": 0.88,
            "eps_growth_yearly": 103.54
        },
        "20041": {
            "year_quarter": 20041,
            "year": 2004,
            "quarter": 1,
            "eps": 0.2,
            "eps_growth_year": 11.11,
            "eps_4q": 0.84,
            "eps_4q_growth_year": -15.33,
            "roe": 1.46,
            "roe_4q": 6.28,
            "gross_profit": 113431,
            "gross_margin": 24.26,
            "gross_margin_4q_avg": 22.25,
            "net_income": 36791,
            "revenue": 467586,
            "common_shares": 1881160,
            "book_valuer_per_share": 13.35,
            "book_valuer_per_share_4q_avg": 13.38,
            "equity": 2511431,
            "current_ratio": 218.74,
            "debt_ratio": 22.51,
            "inventory_turnover_ratio": 0.63,
            "account_receivable_turnover_ratio": null,
            "reinvestment_rate": 84.82,
            "research_to_sale_ratio": null,
            "price_fair": 32.2,
            "eps_avg_yearly": 0.92,
            "eps_latest_yearly": 0.8,
            "eps_growth_yearly": 88
        },
        "20042": {
            "year_quarter": 20042,
            "year": 2004,
            "quarter": 2,
            "eps": -0.01,
            "eps_growth_year": -103.7,
            "eps_4q": 0.57,
            "eps_4q_growth_year": -52.46,
            "roe": -0.04,
            "roe_4q": 4.28,
            "gross_profit": 111537,
            "gross_margin": 22.9,
            "gross_margin_4q_avg": 22.35,
            "net_income": -1036,
            "revenue": 487110,
            "common_shares": 1881160,
            "book_valuer_per_share": 13.09,
            "book_valuer_per_share_4q_avg": 13.24,
            "equity": 2461783,
            "current_ratio": 199.53,
            "debt_ratio": 26.38,
            "inventory_turnover_ratio": 0.97,
            "account_receivable_turnover_ratio": null,
            "reinvestment_rate": 92.38,
            "research_to_sale_ratio": null,
            "price_fair": 32.2,
            "eps_avg_yearly": 0.92,
            "eps_latest_yearly": 0.8,
            "eps_growth_yearly": 88
        },
        "20043": {
            "year_quarter": 20043,
            "year": 2004,
            "quarter": 3,
            "eps": 0.13,
            "eps_growth_year": -23.53,
            "eps_4q": 0.51,
            "eps_4q_growth_year": -53.84,
            "roe": 1.06,
            "roe_4q": 4.08,
            "gross_profit": 112441,
            "gross_margin": 20.28,
            "gross_margin_4q_avg": 21.9,
            "net_income": 26223,
            "revenue": 554546,
            "common_shares": 1960458,
            "book_valuer_per_share": 12.57,
            "book_valuer_per_share_4q_avg": 13.09,
            "equity": 2464021,
            "current_ratio": 181.4,
            "debt_ratio": 28.67,
            "inventory_turnover_ratio": 1.06,
            "account_receivable_turnover_ratio": null,
            "reinvestment_rate": 99.23,
            "research_to_sale_ratio": null,
            "price_fair": 32.2,
            "eps_avg_yearly": 0.92,
            "eps_latest_yearly": 0.8,
            "eps_growth_yearly": 88
        },
        "20044": {
            "year_quarter": 20044,
            "year": 2004,
            "quarter": 4,
            "eps": -0.07,
            "eps_growth_year": -131.82,
            "eps_4q": 0.28,
            "eps_4q_growth_year": -66.7,
            "roe": -0.6,
            "roe_4q": 1.8800000000000001,
            "gross_profit": 108085,
            "gross_margin": 20.64,
            "gross_margin_4q_avg": 22.02,
            "net_income": -14360,
            "revenue": 523780,
            "common_shares": 1960458,
            "book_valuer_per_share": 11.73,
            "book_valuer_per_share_4q_avg": 12.69,
            "equity": 2300446,
            "current_ratio": 154.03,
            "debt_ratio": 38.48,
            "inventory_turnover_ratio": 0.69,
            "account_receivable_turnover_ratio": null,
            "reinvestment_rate": 152.83,
            "research_to_sale_ratio": null,
            "price_fair": 32.2,
            "eps_avg_yearly": 0.92,
            "eps_latest_yearly": 0.8,
            "eps_growth_yearly": 88
        },
        "20051": {
            "year_quarter": 20051,
            "year": 2005,
            "quarter": 1,
            "eps": -0.22,
            "eps_growth_year": -210,
            "eps_4q": -0.16,
            "eps_4q_growth_year": -119.55,
            "roe": -1.92,
            "roe_4q": -1.5,
            "gross_profit": 124770,
            "gross_margin": 23.33,
            "gross_margin_4q_avg": 21.79,
            "net_income": -43251,
            "revenue": 534722,
            "common_shares": 1877758,
            "book_valuer_per_share": 11.79,
            "book_valuer_per_share_4q_avg": 12.3,
            "equity": 2213946,
            "current_ratio": 122.79,
            "debt_ratio": 38.14,
            "inventory_turnover_ratio": 0.64,
            "account_receivable_turnover_ratio": null,
            "reinvestment_rate": 119.9,
            "research_to_sale_ratio": null,
            "price_fair": 32.2,
            "eps_avg_yearly": 0.92,
            "eps_latest_yearly": 0.8,
            "eps_growth_yearly": 88
        },
        "20052": {
            "year_quarter": 20052,
            "year": 2005,
            "quarter": 2,
            "eps": 0.24,
            "eps_growth_year": null,
            "eps_4q": 0.07,
            "eps_4q_growth_year": -87.32,
            "roe": 2.02,
            "roe_4q": 0.5600000000000002,
            "gross_profit": 118206,
            "gross_margin": 21.09,
            "gross_margin_4q_avg": 21.34,
            "net_income": 44792,
            "revenue": 560612,
            "common_shares": 1877758,
            "book_valuer_per_share": 11.81,
            "book_valuer_per_share_4q_avg": 11.98,
            "equity": 2217890,
            "current_ratio": 123.53,
            "debt_ratio": 41.32,
            "inventory_turnover_ratio": 0.84,
            "account_receivable_turnover_ratio": null,
            "reinvestment_rate": 122.51,
            "research_to_sale_ratio": null,
            "price_fair": 32.2,
            "eps_avg_yearly": 0.92,
            "eps_latest_yearly": 0.8,
            "eps_growth_yearly": 88
        },
        "20053": {
            "year_quarter": 20053,
            "year": 2005,
            "quarter": 3,
            "eps": 0.16,
            "eps_growth_year": 23.08,
            "eps_4q": 0.09,
            "eps_4q_growth_year": -81.55,
            "roe": 1.35,
            "roe_4q": 0.8500000000000002,
            "gross_profit": 117166,
            "gross_margin": 17.18,
            "gross_margin_4q_avg": 20.56,
            "net_income": 30721,
            "revenue": 681818,
            "common_shares": 1877758,
            "book_valuer_per_share": 12.43,
            "book_valuer_per_share_4q_avg": 11.94,
            "equity": 2334831,
            "current_ratio": 130.14,
            "debt_ratio": 39.29,
            "inventory_turnover_ratio": 1.07,
            "account_receivable_turnover_ratio": null,
            "reinvestment_rate": 114.23,
            "research_to_sale_ratio": null,
            "price_fair": 31.22,
            "eps_avg_yearly": 0.89,
            "eps_latest_yearly": 0.64,
            "eps_growth_yearly": 65.86
        },
        "20054": {
            "year_quarter": 20054,
            "year": 2005,
            "quarter": 4,
            "eps": 0.17,
            "eps_growth_year": null,
            "eps_4q": 0.34,
            "eps_4q_growth_year": 24.44,
            "roe": 1.36,
            "roe_4q": 2.8100000000000005,
            "gross_profit": 131935,
            "gross_margin": 17.81,
            "gross_margin_4q_avg": 19.85,
            "net_income": 31807,
            "revenue": 740851,
            "common_shares": 1877758,
            "book_valuer_per_share": 12.54,
            "book_valuer_per_share_4q_avg": 12.14,
            "equity": 2358885,
            "current_ratio": 193.76,
            "debt_ratio": 44.83,
            "inventory_turnover_ratio": 0.87,
            "account_receivable_turnover_ratio": null,
            "reinvestment_rate": 176.58,
            "research_to_sale_ratio": null,
            "price_fair": 30.55,
            "eps_avg_yearly": 0.87,
            "eps_latest_yearly": 0.68,
            "eps_growth_yearly": 62.15
        },
        "20061": {
            "year_quarter": 20061,
            "year": 2006,
            "quarter": 1,
            "eps": 0.39,
            "eps_growth_year": null,
            "eps_4q": 0.96,
            "eps_4q_growth_year": null,
            "roe": 3.06,
            "roe_4q": 7.789999999999999,
            "gross_profit": 140110,
            "gross_margin": 17.47,
            "gross_margin_4q_avg": 18.39,
            "net_income": 73782,
            "revenue": 802076,
            "common_shares": 1878913,
            "book_valuer_per_share": 13.13,
            "book_valuer_per_share_4q_avg": 12.48,
            "equity": 2466551,
            "current_ratio": 181.62,
            "debt_ratio": 40.52,
            "inventory_turnover_ratio": 0.91,
            "account_receivable_turnover_ratio": null,
            "reinvestment_rate": 81.42,
            "research_to_sale_ratio": null,
            "price_fair": 33.47,
            "eps_avg_yearly": 0.96,
            "eps_latest_yearly": 1.56,
            "eps_growth_yearly": 127.39
        },
        "20062": {
            "year_quarter": 20062,
            "year": 2006,
            "quarter": 2,
            "eps": 0.37,
            "eps_growth_year": 54.17,
            "eps_4q": 1.09,
            "eps_4q_growth_year": 1423.66,
            "roe": 2.81,
            "roe_4q": 8.58,
            "gross_profit": 193279,
            "gross_margin": 21.85,
            "gross_margin_4q_avg": 18.58,
            "net_income": 69633,
            "revenue": 884602,
            "common_shares": 1879243,
            "book_valuer_per_share": 13.2,
            "book_valuer_per_share_4q_avg": 12.83,
            "equity": 2481406,
            "current_ratio": 168.04,
            "debt_ratio": 43.4,
            "inventory_turnover_ratio": 1.12,
            "account_receivable_turnover_ratio": null,
            "reinvestment_rate": 39.83,
            "research_to_sale_ratio": null,
            "price_fair": 37.16,
            "eps_avg_yearly": 1.06,
            "eps_latest_yearly": 1.48,
            "eps_growth_yearly": 143.71
        },
        "20063": {
            "year_quarter": 20063,
            "year": 2006,
            "quarter": 3,
            "eps": 0.84,
            "eps_growth_year": 425,
            "eps_4q": 1.78,
            "eps_4q_growth_year": 1806.18,
            "roe": 6.07,
            "roe_4q": 13.3,
            "gross_profit": 225338,
            "gross_margin": 22.85,
            "gross_margin_4q_avg": 20,
            "net_income": 157038,
            "revenue": 986186,
            "common_shares": 1879738,
            "book_valuer_per_share": 14.31,
            "book_valuer_per_share_4q_avg": 13.3,
            "equity": 2690067,
            "current_ratio": 182.18,
            "debt_ratio": 40.52,
            "inventory_turnover_ratio": 1.14,
            "account_receivable_turnover_ratio": null,
            "reinvestment_rate": 23.44,
            "research_to_sale_ratio": null,
            "price_fair": 44.42,
            "eps_avg_yearly": 1.27,
            "eps_latest_yearly": 3.36,
            "eps_growth_yearly": 103.53
        },
        "20064": {
            "year_quarter": 20064,
            "year": 2006,
            "quarter": 4,
            "eps": 0.37,
            "eps_growth_year": 117.65,
            "eps_4q": 1.97,
            "eps_4q_growth_year": 476.15,
            "roe": 2.47,
            "roe_4q": 14.410000000000002,
            "gross_profit": 182625,
            "gross_margin": 20.7,
            "gross_margin_4q_avg": 20.72,
            "net_income": 69353,
            "revenue": 882424,
            "common_shares": 1937310,
            "book_valuer_per_share": 15.06,
            "book_valuer_per_share_4q_avg": 13.93,
            "equity": 2924065,
            "current_ratio": 268.81,
            "debt_ratio": 49.98,
            "inventory_turnover_ratio": 0.75,
            "account_receivable_turnover_ratio": null,
            "reinvestment_rate": 102.06,
            "research_to_sale_ratio": null,
            "price_fair": 42.51,
            "eps_avg_yearly": 1.21,
            "eps_latest_yearly": 1.48,
            "eps_growth_yearly": 49.52
        },
        "20071": {
            "year_quarter": 20071,
            "year": 2007,
            "quarter": 1,
            "eps": 0.38,
            "eps_growth_year": -2.56,
            "eps_4q": 1.87,
            "eps_4q_growth_year": 95.12,
            "roe": 2.34,
            "roe_4q": 13.690000000000001,
            "gross_profit": 199831,
            "gross_margin": 22.31,
            "gross_margin_4q_avg": 21.93,
            "net_income": 75608,
            "revenue": 895706,
            "common_shares": 2253293,
            "book_valuer_per_share": 15.73,
            "book_valuer_per_share_4q_avg": 14.58,
            "equity": 3543955,
            "current_ratio": 251.03,
            "debt_ratio": 38.51,
            "inventory_turnover_ratio": 0.73,
            "account_receivable_turnover_ratio": null,
            "reinvestment_rate": 56.03,
            "research_to_sale_ratio": null,
            "price_fair": 45.05,
            "eps_avg_yearly": 1.29,
            "eps_latest_yearly": 1.52,
            "eps_growth_yearly": 74.28
        },
        "20072": {
            "year_quarter": 20072,
            "year": 2007,
            "quarter": 2,
            "eps": 0.43,
            "eps_growth_year": 16.22,
            "eps_4q": 1.84,
            "eps_4q_growth_year": 68.59,
            "roe": 2.62,
            "roe_4q": 13.5,
            "gross_profit": 219964,
            "gross_margin": 21.46,
            "gross_margin_4q_avg": 21.83,
            "net_income": 91781,
            "revenue": 1025209,
            "common_shares": 2315162,
            "book_valuer_per_share": 14.98,
            "book_valuer_per_share_4q_avg": 15.02,
            "equity": 3466968,
            "current_ratio": 180.09,
            "debt_ratio": 41.43,
            "inventory_turnover_ratio": 1.14,
            "account_receivable_turnover_ratio": null,
            "reinvestment_rate": 76.27,
            "research_to_sale_ratio": null,
            "price_fair": 47.09,
            "eps_avg_yearly": 1.35,
            "eps_latest_yearly": 1.72,
            "eps_growth_yearly": 60.88
        },
        "20073": {
            "year_quarter": 20073,
            "year": 2007,
            "quarter": 3,
            "eps": 0.37,
            "eps_growth_year": -55.95,
            "eps_4q": 1.45,
            "eps_4q_growth_year": -18.43,
            "roe": 2.34,
            "roe_4q": 9.77,
            "gross_profit": 221557,
            "gross_margin": 23.08,
            "gross_margin_4q_avg": 21.89,
            "net_income": 81124,
            "revenue": 959773,
            "common_shares": 2336653,
            "book_valuer_per_share": 14.87,
            "book_valuer_per_share_4q_avg": 15.16,
            "equity": 3474045,
            "current_ratio": 184.12,
            "debt_ratio": 38.2,
            "inventory_turnover_ratio": 1.12,
            "account_receivable_turnover_ratio": null,
            "reinvestment_rate": 63.45,
            "research_to_sale_ratio": null,
            "price_fair": 49.64,
            "eps_avg_yearly": 1.42,
            "eps_latest_yearly": 1.48,
            "eps_growth_yearly": 69.27
        },
        "20074": {
            "year_quarter": 20074,
            "year": 2007,
            "quarter": 4,
            "eps": 0.01,
            "eps_growth_year": -97.3,
            "eps_4q": 1.11,
            "eps_4q_growth_year": -43.7,
            "roe": 0.05,
            "roe_4q": 7.35,
            "gross_profit": 145305,
            "gross_margin": 17.68,
            "gross_margin_4q_avg": 21.13,
            "net_income": 2129,
            "revenue": 822004,
            "common_shares": 2473059,
            "book_valuer_per_share": 17.41,
            "book_valuer_per_share_4q_avg": 15.75,
            "equity": 4531886,
            "current_ratio": 323.44,
            "debt_ratio": 43.64,
            "inventory_turnover_ratio": 0.73,
            "account_receivable_turnover_ratio": null,
            "reinvestment_rate": 211.43,
            "research_to_sale_ratio": null,
            "price_fair": 44.55,
            "eps_avg_yearly": 1.34,
            "eps_latest_yearly": 0.04,
            "eps_growth_yearly": 23.2
        },
        "20081": {
            "year_quarter": 20081,
            "year": 2008,
            "quarter": 1,
            "eps": -0.03,
            "eps_growth_year": -107.89,
            "eps_4q": 0.5,
            "eps_4q_growth_year": -73.11,
            "roe": -0.22,
            "roe_4q": 4.79,
            "gross_profit": 255695,
            "gross_margin": 23.76,
            "gross_margin_4q_avg": 21.5,
            "net_income": -10061,
            "revenue": 1076048,
            "common_shares": 2473739,
            "book_valuer_per_share": 17.14,
            "book_valuer_per_share_4q_avg": 16.1,
            "equity": 4466872,
            "current_ratio": 311.24,
            "debt_ratio": 43.93,
            "inventory_turnover_ratio": 0.65,
            "account_receivable_turnover_ratio": null,
            "reinvestment_rate": 347.08,
            "research_to_sale_ratio": null,
            "price_fair": 48.86,
            "eps_avg_yearly": 1.4,
            "eps_latest_yearly": 0.04,
            "eps_growth_yearly": 29.15
        },
        "20082": {
            "year_quarter": 20082,
            "year": 2008,
            "quarter": 2,
            "eps": -0.17,
            "eps_growth_year": -139.53,
            "eps_4q": 0.14,
            "eps_4q_growth_year": -92.59,
            "roe": -0.7,
            "roe_4q": 1.47,
            "gross_profit": 200795,
            "gross_margin": 17.4,
            "gross_margin_4q_avg": 20.48,
            "net_income": -30729,
            "revenue": 1154140,
            "common_shares": 2481579,
            "book_valuer_per_share": 16.55,
            "book_valuer_per_share_4q_avg": 16.49,
            "equity": 4253273,
            "current_ratio": 234.12,
            "debt_ratio": 45.9,
            "inventory_turnover_ratio": 0.73,
            "account_receivable_turnover_ratio": null,
            "reinvestment_rate": 303.01,
            "research_to_sale_ratio": null,
            "price_fair": 48.86,
            "eps_avg_yearly": 1.4,
            "eps_latest_yearly": 0.04,
            "eps_growth_yearly": 29.15
        },
        "20083": {
            "year_quarter": 20083,
            "year": 2008,
            "quarter": 3,
            "eps": 0.02,
            "eps_growth_year": -94.59,
            "eps_4q": -0.05,
            "eps_4q_growth_year": -103.36,
            "roe": 0.39,
            "roe_4q": -0.4799999999999999,
            "gross_profit": 294724,
            "gross_margin": 20.53,
            "gross_margin_4q_avg": 19.84,
            "net_income": 16848,
            "revenue": 1435712,
            "common_shares": 2481919,
            "book_valuer_per_share": 16.96,
            "book_valuer_per_share_4q_avg": 17.02,
            "equity": 4368955,
            "current_ratio": 244.56,
            "debt_ratio": 44.96,
            "inventory_turnover_ratio": 0.83,
            "account_receivable_turnover_ratio": null,
            "reinvestment_rate": 324.33,
            "research_to_sale_ratio": null,
            "price_fair": 48.86,
            "eps_avg_yearly": 1.4,
            "eps_latest_yearly": 0.04,
            "eps_growth_yearly": 29.15
        },
        "20084": {
            "year_quarter": 20084,
            "year": 2008,
            "quarter": 4,
            "eps": 0.22,
            "eps_growth_year": 2100,
            "eps_4q": 0.04,
            "eps_4q_growth_year": -96.01,
            "roe": 1.39,
            "roe_4q": 0.8599999999999999,
            "gross_profit": 268441,
            "gross_margin": 27.45,
            "gross_margin_4q_avg": 22.29,
            "net_income": 61607,
            "revenue": 978061,
            "common_shares": 2481919,
            "book_valuer_per_share": 17.07,
            "book_valuer_per_share_4q_avg": 16.93,
            "equity": 4468411,
            "current_ratio": 157.1,
            "debt_ratio": 41.13,
            "inventory_turnover_ratio": 0.49,
            "account_receivable_turnover_ratio": 2.02,
            "reinvestment_rate": 187.13,
            "research_to_sale_ratio": null,
            "price_fair": 47.22,
            "eps_avg_yearly": 1.35,
            "eps_latest_yearly": 0.88,
            "eps_growth_yearly": 390.14
        },
        "20091": {
            "year_quarter": 20091,
            "year": 2009,
            "quarter": 1,
            "eps": 0.05,
            "eps_growth_year": null,
            "eps_4q": 0.04,
            "eps_4q_growth_year": -91.16,
            "roe": 0.79,
            "roe_4q": 1.8699999999999999,
            "gross_profit": 189264,
            "gross_margin": 22.16,
            "gross_margin_4q_avg": 21.89,
            "net_income": 35328,
            "revenue": 853960,
            "common_shares": 2439669,
            "book_valuer_per_share": 17.39,
            "book_valuer_per_share_4q_avg": 16.99,
            "equity": 4492438,
            "current_ratio": 180.14,
            "debt_ratio": 33.82,
            "inventory_turnover_ratio": 0.45,
            "account_receivable_turnover_ratio": 0.95,
            "reinvestment_rate": 283.88,
            "research_to_sale_ratio": null,
            "price_fair": 43.87,
            "eps_avg_yearly": 1.25,
            "eps_latest_yearly": 0.2,
            "eps_growth_yearly": 331.87
        },
        "20092": {
            "year_quarter": 20092,
            "year": 2009,
            "quarter": 2,
            "eps": 0.02,
            "eps_growth_year": null,
            "eps_4q": 0.08,
            "eps_4q_growth_year": -38.41,
            "roe": 0.42,
            "roe_4q": 2.9899999999999998,
            "gross_profit": 266320,
            "gross_margin": 23.28,
            "gross_margin_4q_avg": 23.36,
            "net_income": 18748,
            "revenue": 1144089,
            "common_shares": 2439669,
            "book_valuer_per_share": 17.19,
            "book_valuer_per_share_4q_avg": 17.15,
            "equity": 4434554,
            "current_ratio": 161.78,
            "debt_ratio": 39.71,
            "inventory_turnover_ratio": 0.61,
            "account_receivable_turnover_ratio": 1.22,
            "reinvestment_rate": 295.43,
            "research_to_sale_ratio": null,
            "price_fair": 40.71,
            "eps_avg_yearly": 1.16,
            "eps_latest_yearly": 0.08,
            "eps_growth_yearly": 287.88
        },
        "20093": {
            "year_quarter": 20093,
            "year": 2009,
            "quarter": 3,
            "eps": 0.35,
            "eps_growth_year": 1650,
            "eps_4q": 0.55,
            "eps_4q_growth_year": null,
            "roe": 2.23,
            "roe_4q": 4.83,
            "gross_profit": 304757,
            "gross_margin": 23.4,
            "gross_margin_4q_avg": 24.07,
            "net_income": 100346,
            "revenue": 1302175,
            "common_shares": 2439669,
            "book_valuer_per_share": 17.33,
            "book_valuer_per_share_4q_avg": 17.25,
            "equity": 4554248,
            "current_ratio": 183.81,
            "debt_ratio": 37.01,
            "inventory_turnover_ratio": 0.72,
            "account_receivable_turnover_ratio": 1.19,
            "reinvestment_rate": 266.92,
            "research_to_sale_ratio": null,
            "price_fair": 42.75,
            "eps_avg_yearly": 1.22,
            "eps_latest_yearly": 1.4,
            "eps_growth_yearly": 805.83
        },
        "20094": {
            "year_quarter": 20094,
            "year": 2009,
            "quarter": 4,
            "eps": 0.1,
            "eps_growth_year": -54.55,
            "eps_4q": 0.52,
            "eps_4q_growth_year": 1066.02,
            "roe": 0.85,
            "roe_4q": 4.29,
            "gross_profit": 305662,
            "gross_margin": 22.66,
            "gross_margin_4q_avg": 22.88,
            "net_income": 39314,
            "revenue": 1348617,
            "common_shares": 2439968,
            "book_valuer_per_share": 17.62,
            "book_valuer_per_share_4q_avg": 17.38,
            "equity": 4658550,
            "current_ratio": 256.47,
            "debt_ratio": 31.06,
            "inventory_turnover_ratio": 0.78,
            "account_receivable_turnover_ratio": 2.32,
            "reinvestment_rate": 134.01,
            "research_to_sale_ratio": null,
            "price_fair": 42,
            "eps_avg_yearly": 1.2,
            "eps_latest_yearly": 0.4,
            "eps_growth_yearly": 781.93
        },
        "20101": {
            "year_quarter": 20101,
            "year": 2010,
            "quarter": 1,
            "eps": 0.38,
            "eps_growth_year": 660,
            "eps_4q": 0.84,
            "eps_4q_growth_year": 1796.78,
            "roe": 2.52,
            "roe_4q": 6.02,
            "gross_profit": 410072,
            "gross_margin": 27.14,
            "gross_margin_4q_avg": 24.12,
            "net_income": 119118,
            "revenue": 1511128,
            "common_shares": 2439968,
            "book_valuer_per_share": 17.93,
            "book_valuer_per_share_4q_avg": 17.52,
            "equity": 4786251,
            "current_ratio": 244.37,
            "debt_ratio": 32.33,
            "inventory_turnover_ratio": 0.86,
            "account_receivable_turnover_ratio": 1.22,
            "reinvestment_rate": 248.77,
            "research_to_sale_ratio": 1.17,
            "price_fair": 41.89,
            "eps_avg_yearly": 1.2,
            "eps_latest_yearly": 1.52,
            "eps_growth_yearly": 828.26
        },
        "20102": {
            "year_quarter": 20102,
            "year": 2010,
            "quarter": 2,
            "eps": 0.63,
            "eps_growth_year": 3066.7,
            "eps_4q": 1.46,
            "eps_4q_growth_year": 1628.13,
            "roe": 4.15,
            "roe_4q": 9.75,
            "gross_profit": 524383,
            "gross_margin": 28.6,
            "gross_margin_4q_avg": 25.45,
            "net_income": 199867,
            "revenue": 1833420,
            "common_shares": 2439968,
            "book_valuer_per_share": 18.28,
            "book_valuer_per_share_4q_avg": 17.79,
            "equity": 4836450,
            "current_ratio": 204.41,
            "debt_ratio": 38.08,
            "inventory_turnover_ratio": 1.03,
            "account_receivable_turnover_ratio": 1.26,
            "reinvestment_rate": 234.18,
            "research_to_sale_ratio": 1.3,
            "price_fair": 44.69,
            "eps_avg_yearly": 1.28,
            "eps_latest_yearly": 2.52,
            "eps_growth_yearly": 850.08
        },
        "20103": {
            "year_quarter": 20103,
            "year": 2010,
            "quarter": 3,
            "eps": 0.73,
            "eps_growth_year": 109.87,
            "eps_4q": 1.84,
            "eps_4q_growth_year": 233.87,
            "roe": 4.33,
            "roe_4q": 11.85,
            "gross_profit": 514693,
            "gross_margin": 27.96,
            "gross_margin_4q_avg": 26.59,
            "net_income": 216789,
            "revenue": 1840917,
            "common_shares": 2439968,
            "book_valuer_per_share": 18.94,
            "book_valuer_per_share_4q_avg": 18.19,
            "equity": 5167049,
            "current_ratio": 229.29,
            "debt_ratio": 35.22,
            "inventory_turnover_ratio": 1.01,
            "account_receivable_turnover_ratio": 1.19,
            "reinvestment_rate": 264.21,
            "research_to_sale_ratio": 1.32,
            "price_fair": 43.51,
            "eps_avg_yearly": 1.24,
            "eps_latest_yearly": 2.92,
            "eps_growth_yearly": 815.88
        },
        "20104": {
            "year_quarter": 20104,
            "year": 2010,
            "quarter": 4,
            "eps": 0.39,
            "eps_growth_year": 293.3,
            "eps_4q": 2.14,
            "eps_4q_growth_year": 314.66,
            "roe": 2.14,
            "roe_4q": 13.14,
            "gross_profit": 411986,
            "gross_margin": 26.74,
            "gross_margin_4q_avg": 27.61,
            "net_income": 110540,
            "revenue": 1540880,
            "common_shares": 2439968,
            "book_valuer_per_share": 18.88,
            "book_valuer_per_share_4q_avg": 18.51,
            "equity": 5149999,
            "current_ratio": 238.45,
            "debt_ratio": 32.3,
            "inventory_turnover_ratio": 0.84,
            "account_receivable_turnover_ratio": 1.08,
            "reinvestment_rate": 364.93,
            "research_to_sale_ratio": 1.52,
            "price_fair": 43.72,
            "eps_avg_yearly": 1.25,
            "eps_latest_yearly": 1.56,
            "eps_growth_yearly": 818.77
        },
        "20111": {
            "year_quarter": 20111,
            "year": 2011,
            "quarter": 1,
            "eps": 0.59,
            "eps_growth_year": 55.26,
            "eps_4q": 2.35,
            "eps_4q_growth_year": 179.45,
            "roe": 3.53,
            "roe_4q": 14.15,
            "gross_profit": 415316,
            "gross_margin": 26.1,
            "gross_margin_4q_avg": 27.35,
            "net_income": 185670,
            "revenue": 1591232,
            "common_shares": 2439968,
            "book_valuer_per_share": 19.58,
            "book_valuer_per_share_4q_avg": 18.92,
            "equity": 5368808,
            "current_ratio": 224.54,
            "debt_ratio": 33.41,
            "inventory_turnover_ratio": 0.87,
            "account_receivable_turnover_ratio": 0.98,
            "reinvestment_rate": 470.56,
            "research_to_sale_ratio": 1.16,
            "price_fair": 45.98,
            "eps_avg_yearly": 1.31,
            "eps_latest_yearly": 2.36,
            "eps_growth_yearly": 833.72
        },
        "20112": {
            "year_quarter": 20112,
            "year": 2011,
            "quarter": 2,
            "eps": 0.54,
            "eps_growth_year": -14.98,
            "eps_4q": 2.26,
            "eps_4q_growth_year": 54.98,
            "roe": 3.46,
            "roe_4q": 13.46,
            "gross_profit": 455840,
            "gross_margin": 26.75,
            "gross_margin_4q_avg": 26.89,
            "net_income": 181455,
            "revenue": 1704110,
            "common_shares": 2439968,
            "book_valuer_per_share": 18.84,
            "book_valuer_per_share_4q_avg": 19.06,
            "equity": 5132281,
            "current_ratio": 185.18,
            "debt_ratio": 43.75,
            "inventory_turnover_ratio": 0.87,
            "account_receivable_turnover_ratio": 0.86,
            "reinvestment_rate": 441.08,
            "research_to_sale_ratio": 1.33,
            "price_fair": 47.17,
            "eps_avg_yearly": 1.35,
            "eps_latest_yearly": 2.16,
            "eps_growth_yearly": 827.06
        },
        "20113": {
            "year_quarter": 20113,
            "year": 2011,
            "quarter": 3,
            "eps": 0.34,
            "eps_growth_year": -54.32,
            "eps_4q": 1.85,
            "eps_4q_growth_year": 0.71,
            "roe": 2.65,
            "roe_4q": 11.78,
            "gross_profit": 410718,
            "gross_margin": 24.6,
            "gross_margin_4q_avg": 26.05,
            "net_income": 139976,
            "revenue": 1669325,
            "common_shares": 2439968,
            "book_valuer_per_share": 19.78,
            "book_valuer_per_share_4q_avg": 19.27,
            "equity": 5440963,
            "current_ratio": 209.09,
            "debt_ratio": 38.99,
            "inventory_turnover_ratio": 0.79,
            "account_receivable_turnover_ratio": 0.83,
            "reinvestment_rate": 480.48,
            "research_to_sale_ratio": 1.43,
            "price_fair": 46.85,
            "eps_avg_yearly": 1.34,
            "eps_latest_yearly": 1.36,
            "eps_growth_yearly": 819.96
        },
        "20114": {
            "year_quarter": 20114,
            "year": 2011,
            "quarter": 4,
            "eps": 0.15,
            "eps_growth_year": -62.33,
            "eps_4q": 1.61,
            "eps_4q_growth_year": -24.93,
            "roe": 1.34,
            "roe_4q": 10.98,
            "gross_profit": 357298,
            "gross_margin": 22.98,
            "gross_margin_4q_avg": 25.11,
            "net_income": 72828,
            "revenue": 1555136,
            "common_shares": 2439968,
            "book_valuer_per_share": 19.93,
            "book_valuer_per_share_4q_avg": 19.53,
            "equity": 5420191,
            "current_ratio": 223.15,
            "debt_ratio": 36.13,
            "inventory_turnover_ratio": 0.78,
            "account_receivable_turnover_ratio": 0.8,
            "reinvestment_rate": 291.77,
            "research_to_sale_ratio": 1.9,
            "price_fair": 48.35,
            "eps_avg_yearly": 1.38,
            "eps_latest_yearly": 0.6,
            "eps_growth_yearly": 832.7
        },
        "20121": {
            "year_quarter": 20121,
            "year": 2012,
            "quarter": 1,
            "eps": 0.12,
            "eps_growth_year": -79.66,
            "eps_4q": 1.15,
            "eps_4q_growth_year": -51.26,
            "roe": 1.15,
            "roe_4q": 8.600000000000001,
            "gross_profit": 293835,
            "gross_margin": 21.78,
            "gross_margin_4q_avg": 24.03,
            "net_income": 62738,
            "revenue": 1349411,
            "common_shares": 2439968,
            "book_valuer_per_share": 19.96,
            "book_valuer_per_share_4q_avg": 19.63,
            "equity": 5477771,
            "current_ratio": 243.33,
            "debt_ratio": 32.8,
            "inventory_turnover_ratio": 0.77,
            "account_receivable_turnover_ratio": 0.77,
            "reinvestment_rate": 265.25,
            "research_to_sale_ratio": 1.59,
            "price_fair": 46.1,
            "eps_avg_yearly": 1.32,
            "eps_latest_yearly": 0.48,
            "eps_growth_yearly": 767.51
        },
        "20122": {
            "year_quarter": 20122,
            "year": 2012,
            "quarter": 2,
            "eps": 0.25,
            "eps_growth_year": -53.31,
            "eps_4q": 0.86,
            "eps_4q_growth_year": -61.88,
            "roe": 2.16,
            "roe_4q": 7.300000000000001,
            "gross_profit": 430804,
            "gross_margin": 30.73,
            "gross_margin_4q_avg": 25.02,
            "net_income": 115649,
            "revenue": 1402014,
            "common_shares": 2439968,
            "book_valuer_per_share": 19.25,
            "book_valuer_per_share_4q_avg": 19.73,
            "equity": 5214389,
            "current_ratio": 193.65,
            "debt_ratio": 40.21,
            "inventory_turnover_ratio": 0.72,
            "account_receivable_turnover_ratio": 0.81,
            "reinvestment_rate": 272.07,
            "research_to_sale_ratio": 1.85,
            "price_fair": 45.36,
            "eps_avg_yearly": 1.3,
            "eps_latest_yearly": 1,
            "eps_growth_yearly": 745.23
        },
        "20123": {
            "year_quarter": 20123,
            "year": 2012,
            "quarter": 3,
            "eps": 0.27,
            "eps_growth_year": -19.89,
            "eps_4q": 0.79,
            "eps_4q_growth_year": -57.21,
            "roe": 2.24,
            "roe_4q": 6.890000000000001,
            "gross_profit": 417578,
            "gross_margin": 21.09,
            "gross_margin_4q_avg": 24.15,
            "net_income": 118086,
            "revenue": 1979964,
            "common_shares": 2439968,
            "book_valuer_per_share": 19.43,
            "book_valuer_per_share_4q_avg": 19.64,
            "equity": 5313029,
            "current_ratio": 220.45,
            "debt_ratio": 36.35,
            "inventory_turnover_ratio": 1.17,
            "account_receivable_turnover_ratio": 1.05,
            "reinvestment_rate": 246.6,
            "research_to_sale_ratio": 1.51,
            "price_fair": 44.89,
            "eps_avg_yearly": 1.28,
            "eps_latest_yearly": 1.08,
            "eps_growth_yearly": 700.65
        },
        "20124": {
            "year_quarter": 20124,
            "year": 2012,
            "quarter": 4,
            "eps": 0.04,
            "eps_growth_year": -74.43,
            "eps_4q": 0.68,
            "eps_4q_growth_year": -57.53,
            "roe": 1.08,
            "roe_4q": 6.630000000000001,
            "gross_profit": 326909,
            "gross_margin": 22.37,
            "gross_margin_4q_avg": 23.99,
            "net_income": 57808,
            "revenue": 1461504,
            "common_shares": 2439968,
            "book_valuer_per_share": 19.45,
            "book_valuer_per_share_4q_avg": 19.52,
            "equity": 5421723,
            "current_ratio": 251.14,
            "debt_ratio": 33.04,
            "inventory_turnover_ratio": 0.92,
            "account_receivable_turnover_ratio": 0.81,
            "reinvestment_rate": 246.62,
            "research_to_sale_ratio": 2.13,
            "price_fair": 43.31,
            "eps_avg_yearly": 1.24,
            "eps_latest_yearly": 0.16,
            "eps_growth_yearly": 429.36
        },
        "20131": {
            "year_quarter": 20131,
            "year": 2013,
            "quarter": 1,
            "eps": 0.41,
            "eps_growth_year": 241.67,
            "eps_4q": 0.97,
            "eps_4q_growth_year": -15.26,
            "roe": 3.11,
            "roe_4q": 8.59,
            "gross_profit": 441380,
            "gross_margin": 29.05,
            "gross_margin_4q_avg": 25.81,
            "net_income": 172309,
            "revenue": 1519179,
            "common_shares": 2439968,
            "book_valuer_per_share": 20.11,
            "book_valuer_per_share_4q_avg": 19.56,
            "equity": 5657569,
            "current_ratio": 248.33,
            "debt_ratio": 33.37,
            "inventory_turnover_ratio": 0.87,
            "account_receivable_turnover_ratio": 1.03,
            "reinvestment_rate": 29.71,
            "research_to_sale_ratio": 1.98,
            "price_fair": 46.46,
            "eps_avg_yearly": 1.33,
            "eps_latest_yearly": 1.64,
            "eps_growth_yearly": 679.92
        },
        "20132": {
            "year_quarter": 20132,
            "year": 2013,
            "quarter": 2,
            "eps": 0.53,
            "eps_growth_year": 110.81,
            "eps_4q": 1.25,
            "eps_4q_growth_year": 45.5,
            "roe": 3.58,
            "roe_4q": 10.01,
            "gross_profit": 531586,
            "gross_margin": 29.58,
            "gross_margin_4q_avg": 25.52,
            "net_income": 202047,
            "revenue": 1796937,
            "common_shares": 2439968,
            "book_valuer_per_share": 20.31,
            "book_valuer_per_share_4q_avg": 19.83,
            "equity": 5622153,
            "current_ratio": 216.64,
            "debt_ratio": 37.1,
            "inventory_turnover_ratio": 0.97,
            "account_receivable_turnover_ratio": 1.33,
            "reinvestment_rate": 29.59,
            "research_to_sale_ratio": 1.72,
            "price_fair": 50.93,
            "eps_avg_yearly": 1.46,
            "eps_latest_yearly": 2.12,
            "eps_growth_yearly": 702.24
        },
        "20133": {
            "year_quarter": 20133,
            "year": 2013,
            "quarter": 3,
            "eps": 0.4,
            "eps_growth_year": 48.81,
            "eps_4q": 1.4,
            "eps_4q_growth_year": 76.61,
            "roe": 2.98,
            "roe_4q": 10.75,
            "gross_profit": 586012,
            "gross_margin": 29.91,
            "gross_margin_4q_avg": 27.73,
            "net_income": 168918,
            "revenue": 1959352,
            "common_shares": 2439968,
            "book_valuer_per_share": 20.56,
            "book_valuer_per_share_4q_avg": 20.11,
            "equity": 5696239,
            "current_ratio": 249.56,
            "debt_ratio": 32.84,
            "inventory_turnover_ratio": 1.1,
            "account_receivable_turnover_ratio": 1.29,
            "reinvestment_rate": 22.78,
            "research_to_sale_ratio": 1.7,
            "price_fair": 51.36,
            "eps_avg_yearly": 1.47,
            "eps_latest_yearly": 1.6,
            "eps_growth_yearly": 283.61
        },
        "20134": {
            "year_quarter": 20134,
            "year": 2013,
            "quarter": 4,
            "eps": 0.26,
            "eps_growth_year": 594.18,
            "eps_4q": 1.63,
            "eps_4q_growth_year": 138.89,
            "roe": 2.13,
            "roe_4q": 11.799999999999999,
            "gross_profit": 513022,
            "gross_margin": 28.39,
            "gross_margin_4q_avg": 29.23,
            "net_income": 123046,
            "revenue": 1806813,
            "common_shares": 2442818,
            "book_valuer_per_share": 20.99,
            "book_valuer_per_share_4q_avg": 20.49,
            "equity": 5841023,
            "current_ratio": 263.42,
            "debt_ratio": 30.38,
            "inventory_turnover_ratio": 1.13,
            "account_receivable_turnover_ratio": 1.17,
            "reinvestment_rate": 20.37,
            "research_to_sale_ratio": 2.54,
            "price_fair": 52.76,
            "eps_avg_yearly": 1.51,
            "eps_latest_yearly": 1.04,
            "eps_growth_yearly": 292.72
        },
        "20141": {
            "year_quarter": 20141,
            "year": 2014,
            "quarter": 1,
            "eps": 0.65,
            "eps_growth_year": 58.54,
            "eps_4q": 1.86,
            "eps_4q_growth_year": 91.18,
            "roe": 3.79,
            "roe_4q": 12.48,
            "gross_profit": 545820,
            "gross_margin": 30.32,
            "gross_margin_4q_avg": 29.55,
            "net_income": 225651,
            "revenue": 1799911,
            "common_shares": 2433218,
            "book_valuer_per_share": 21.64,
            "book_valuer_per_share_4q_avg": 20.88,
            "equity": 6069786,
            "current_ratio": 276.78,
            "debt_ratio": 29.88,
            "inventory_turnover_ratio": 1.11,
            "account_receivable_turnover_ratio": 1.18,
            "reinvestment_rate": 19.61,
            "research_to_sale_ratio": 1.81,
            "price_fair": 55.13,
            "eps_avg_yearly": 1.58,
            "eps_latest_yearly": 2.6,
            "eps_growth_yearly": 260.22
        },
        "20142": {
            "year_quarter": 20142,
            "year": 2014,
            "quarter": 2,
            "eps": 0.76,
            "eps_growth_year": 43.4,
            "eps_4q": 2.08,
            "eps_4q_growth_year": 65.87,
            "roe": 4.35,
            "roe_4q": 13.25,
            "gross_profit": 679906,
            "gross_margin": 33.4,
            "gross_margin_4q_avg": 30.51,
            "net_income": 257896,
            "revenue": 2035754,
            "common_shares": 2434643,
            "book_valuer_per_share": 21,
            "book_valuer_per_share_4q_avg": 21.05,
            "equity": 5778560,
            "current_ratio": 218.38,
            "debt_ratio": 36.69,
            "inventory_turnover_ratio": 1.16,
            "account_receivable_turnover_ratio": 1.27,
            "reinvestment_rate": 16.25,
            "research_to_sale_ratio": 1.77,
            "price_fair": 56.26,
            "eps_avg_yearly": 1.61,
            "eps_latest_yearly": 3.04,
            "eps_growth_yearly": 248
        },
        "20143": {
            "year_quarter": 20143,
            "year": 2014,
            "quarter": 3,
            "eps": 0.7,
            "eps_growth_year": 75,
            "eps_4q": 2.36,
            "eps_4q_growth_year": 68.4,
            "roe": 4.08,
            "roe_4q": 14.349999999999998,
            "gross_profit": 639849,
            "gross_margin": 32.13,
            "gross_margin_4q_avg": 31.06,
            "net_income": 241981,
            "revenue": 1991288,
            "common_shares": 2434643,
            "book_valuer_per_share": 21.93,
            "book_valuer_per_share_4q_avg": 21.39,
            "equity": 6092720,
            "current_ratio": 283.92,
            "debt_ratio": 29.84,
            "inventory_turnover_ratio": 1.15,
            "account_receivable_turnover_ratio": 1.18,
            "reinvestment_rate": -5.47,
            "research_to_sale_ratio": 2.04,
            "price_fair": 56,
            "eps_avg_yearly": 1.6,
            "eps_latest_yearly": 2.8,
            "eps_growth_yearly": 242.06
        },
        "20144": {
            "year_quarter": 20144,
            "year": 2014,
            "quarter": 4,
            "eps": 0.42,
            "eps_growth_year": 59.65,
            "eps_4q": 2.55,
            "eps_4q_growth_year": 56.27,
            "roe": 3.08,
            "roe_4q": 15.3,
            "gross_profit": 587283,
            "gross_margin": 32.39,
            "gross_margin_4q_avg": 32.06,
            "net_income": 190076,
            "revenue": 1813434,
            "common_shares": 2436143,
            "book_valuer_per_share": 22.57,
            "book_valuer_per_share_4q_avg": 21.79,
            "equity": 6260186,
            "current_ratio": 285.25,
            "debt_ratio": 29.75,
            "inventory_turnover_ratio": 1.09,
            "account_receivable_turnover_ratio": 1.11,
            "reinvestment_rate": -155.96,
            "research_to_sale_ratio": 2.18,
            "price_fair": 56.26,
            "eps_avg_yearly": 1.61,
            "eps_latest_yearly": 1.68,
            "eps_growth_yearly": 243.7
        },
        "20151": {
            "year_quarter": 20151,
            "year": 2015,
            "quarter": 1,
            "eps": 0.66,
            "eps_growth_year": 1.54,
            "eps_4q": 2.57,
            "eps_4q_growth_year": 38.58,
            "roe": 3.44,
            "roe_4q": 14.95,
            "gross_profit": 618540,
            "gross_margin": 34.49,
            "gross_margin_4q_avg": 33.1,
            "net_income": 216786,
            "revenue": 1793197,
            "common_shares": 2387643,
            "book_valuer_per_share": 22.92,
            "book_valuer_per_share_4q_avg": 22.11,
            "equity": 6331300,
            "current_ratio": 286.56,
            "debt_ratio": 28.75,
            "inventory_turnover_ratio": 1.05,
            "account_receivable_turnover_ratio": 1.19,
            "reinvestment_rate": -168.43,
            "research_to_sale_ratio": 2.15,
            "price_fair": 56.88,
            "eps_avg_yearly": 1.63,
            "eps_latest_yearly": 2.64,
            "eps_growth_yearly": 245.17
        },
        "20152": {
            "year_quarter": 20152,
            "year": 2015,
            "quarter": 2,
            "eps": 0.6,
            "eps_growth_year": -21.05,
            "eps_4q": 2.37,
            "eps_4q_growth_year": 14.06,
            "roe": 3.93,
            "roe_4q": 14.53,
            "gross_profit": 654959,
            "gross_margin": 33.82,
            "gross_margin_4q_avg": 33.21,
            "net_income": 239695,
            "revenue": 1936831,
            "common_shares": 2388108,
            "book_valuer_per_share": 21.32,
            "book_valuer_per_share_4q_avg": 22.19,
            "equity": 5870200,
            "current_ratio": 219.22,
            "debt_ratio": 36.37,
            "inventory_turnover_ratio": 1.13,
            "account_receivable_turnover_ratio": 1.24,
            "reinvestment_rate": -175.39,
            "research_to_sale_ratio": 2.67,
            "price_fair": 57.4,
            "eps_avg_yearly": 1.64,
            "eps_latest_yearly": 2.4,
            "eps_growth_yearly": 245.01
        },
        "20153": {
            "year_quarter": 20153,
            "year": 2015,
            "quarter": 3,
            "eps": 1,
            "eps_growth_year": 42.86,
            "eps_4q": 2.66,
            "eps_4q_growth_year": 12.68,
            "roe": 5.62,
            "roe_4q": 16.07,
            "gross_profit": 651125,
            "gross_margin": 33.24,
            "gross_margin_4q_avg": 33.49,
            "net_income": 344005,
            "revenue": 1958852,
            "common_shares": 2388108,
            "book_valuer_per_share": 22.84,
            "book_valuer_per_share_4q_avg": 22.41,
            "equity": 6369365,
            "current_ratio": 275.71,
            "debt_ratio": 30.46,
            "inventory_turnover_ratio": 1.1,
            "account_receivable_turnover_ratio": 1.18,
            "reinvestment_rate": -179.71,
            "research_to_sale_ratio": 1.59,
            "price_fair": 63.18,
            "eps_avg_yearly": 1.81,
            "eps_latest_yearly": 4,
            "eps_growth_yearly": 270.94
        },
        "20154": {
            "year_quarter": 20154,
            "year": 2015,
            "quarter": 4,
            "eps": 1.07,
            "eps_growth_year": 154.15,
            "eps_4q": 3.3,
            "eps_4q_growth_year": 29.34,
            "roe": 5.07,
            "roe_4q": 18.060000000000002,
            "gross_profit": 754101,
            "gross_margin": 36.68,
            "gross_margin_4q_avg": 34.56,
            "net_income": 330035,
            "revenue": 2055980,
            "common_shares": 2400143,
            "book_valuer_per_share": 23.48,
            "book_valuer_per_share_4q_avg": 22.64,
            "equity": 6646352,
            "current_ratio": 319.93,
            "debt_ratio": 38.16,
            "inventory_turnover_ratio": 1.08,
            "account_receivable_turnover_ratio": 1.21,
            "reinvestment_rate": -163.57,
            "research_to_sale_ratio": 2.1,
            "price_fair": 71.23,
            "eps_avg_yearly": 2.04,
            "eps_latest_yearly": 4.28,
            "eps_growth_yearly": 286.66
        },
        "20161": {
            "year_quarter": 20161,
            "year": 2016,
            "quarter": 1,
            "eps": 0.76,
            "eps_growth_year": 15.15,
            "eps_4q": 3.4,
            "eps_4q_growth_year": 32.1,
            "roe": 3.57,
            "roe_4q": 18.19,
            "gross_profit": 693154,
            "gross_margin": 35.61,
            "gross_margin_4q_avg": 34.84,
            "net_income": 242159,
            "revenue": 1946522,
            "common_shares": 2403026,
            "book_valuer_per_share": 24.21,
            "book_valuer_per_share_4q_avg": 22.96,
            "equity": 6908659,
            "current_ratio": 278.48,
            "debt_ratio": 38.92,
            "inventory_turnover_ratio": 0.99,
            "account_receivable_turnover_ratio": 1.12,
            "reinvestment_rate": -144.49,
            "research_to_sale_ratio": 2.78,
            "price_fair": 76.83,
            "eps_avg_yearly": 2.2,
            "eps_latest_yearly": 3.04,
            "eps_growth_yearly": 284.42
        },
        "20162": {
            "year_quarter": 20162,
            "year": 2016,
            "quarter": 2,
            "eps": 0.74,
            "eps_growth_year": 23.33,
            "eps_4q": 3.6,
            "eps_4q_growth_year": 52.25,
            "roe": 4.17,
            "roe_4q": 18.43,
            "gross_profit": 816550,
            "gross_margin": 37,
            "gross_margin_4q_avg": 35.63,
            "net_income": 274114,
            "revenue": 2207168,
            "common_shares": 2403026,
            "book_valuer_per_share": 22.05,
            "book_valuer_per_share_4q_avg": 23.15,
            "equity": 6226698,
            "current_ratio": 198.4,
            "debt_ratio": 46.57,
            "inventory_turnover_ratio": 0.98,
            "account_receivable_turnover_ratio": 1.21,
            "reinvestment_rate": -133.36,
            "research_to_sale_ratio": 2.65,
            "price_fair": 81.11,
            "eps_avg_yearly": 2.32,
            "eps_latest_yearly": 2.96,
            "eps_growth_yearly": 256.67
        },
        "20163": {
            "year_quarter": 20163,
            "year": 2016,
            "quarter": 3,
            "eps": 0.77,
            "eps_growth_year": -23,
            "eps_4q": 3.36,
            "eps_4q_growth_year": 26.59,
            "roe": 4.04,
            "roe_4q": 16.85,
            "gross_profit": 773053,
            "gross_margin": 34.9,
            "gross_margin_4q_avg": 36.05,
            "net_income": 254463,
            "revenue": 2215005,
            "common_shares": 2403026,
            "book_valuer_per_share": 22.37,
            "book_valuer_per_share_4q_avg": 23.03,
            "equity": 6365553,
            "current_ratio": 245.05,
            "debt_ratio": 41.44,
            "inventory_turnover_ratio": 0.97,
            "account_receivable_turnover_ratio": 1.21,
            "reinvestment_rate": -126.76,
            "research_to_sale_ratio": 2.14,
            "price_fair": 85.49,
            "eps_avg_yearly": 2.44,
            "eps_latest_yearly": 3.08,
            "eps_growth_yearly": 255.69
        },
        "20164": {
            "year_quarter": 20164,
            "year": 2016,
            "quarter": 4,
            "eps": 1.06,
            "eps_growth_year": -0.87,
            "eps_4q": 3.35,
            "eps_4q_growth_year": 1.54,
            "roe": 5.33,
            "roe_4q": 17.11,
            "gross_profit": 873899,
            "gross_margin": 37.46,
            "gross_margin_4q_avg": 36.24,
            "net_income": 348147,
            "revenue": 2333030,
            "common_shares": 2405058,
            "book_valuer_per_share": 23.27,
            "book_valuer_per_share_4q_avg": 22.98,
            "equity": 6694099,
            "current_ratio": 238.36,
            "debt_ratio": 39.79,
            "inventory_turnover_ratio": 1.02,
            "account_receivable_turnover_ratio": 1.23,
            "reinvestment_rate": -115.36,
            "research_to_sale_ratio": 4.02,
            "price_fair": 94.41,
            "eps_avg_yearly": 2.7,
            "eps_latest_yearly": 4.24,
            "eps_growth_yearly": 286.4
        },
        "20171": {
            "year_quarter": 20171,
            "year": 2017,
            "quarter": 1,
            "eps": 0.78,
            "eps_growth_year": 2.63,
            "eps_4q": 3.35,
            "eps_4q_growth_year": -1.54,
            "roe": 3.75,
            "roe_4q": 17.29,
            "gross_profit": 770893,
            "gross_margin": 36.2,
            "gross_margin_4q_avg": 36.39,
            "net_income": 252034,
            "revenue": 2129516,
            "common_shares": 2408058,
            "book_valuer_per_share": 23.29,
            "book_valuer_per_share_4q_avg": 22.75,
            "equity": 6736374,
            "current_ratio": 255.28,
            "debt_ratio": 38.88,
            "inventory_turnover_ratio": 1,
            "account_receivable_turnover_ratio": 1.1,
            "reinvestment_rate": -16.52,
            "research_to_sale_ratio": 2.8,
            "price_fair": 97.65,
            "eps_avg_yearly": 2.79,
            "eps_latest_yearly": 3.12,
            "eps_growth_yearly": 48.55
        },
        "20172": {
            "year_quarter": 20172,
            "year": 2017,
            "quarter": 2,
            "eps": 0.83,
            "eps_growth_year": 12.16,
            "eps_4q": 3.43,
            "eps_4q_growth_year": -4.79,
            "roe": 4.6,
            "roe_4q": 17.72,
            "gross_profit": 791913,
            "gross_margin": 36.87,
            "gross_margin_4q_avg": 36.36,
            "net_income": 299168,
            "revenue": 2147959,
            "common_shares": 2409493,
            "book_valuer_per_share": 21.79,
            "book_valuer_per_share_4q_avg": 22.68,
            "equity": 6271160,
            "current_ratio": 190.03,
            "debt_ratio": 45.97,
            "inventory_turnover_ratio": 0.92,
            "account_receivable_turnover_ratio": 1.13,
            "reinvestment_rate": -11.49,
            "research_to_sale_ratio": 2.52,
            "price_fair": 100.28,
            "eps_avg_yearly": 2.87,
            "eps_latest_yearly": 3.32,
            "eps_growth_yearly": 42.83
        },
        "20173": {
            "year_quarter": 20173,
            "year": 2017,
            "quarter": 3,
            "eps": 1.12,
            "eps_growth_year": 45.45,
            "eps_4q": 3.81,
            "eps_4q_growth_year": 13.17,
            "roe": 5.59,
            "roe_4q": 19.27,
            "gross_profit": 863884,
            "gross_margin": 36.92,
            "gross_margin_4q_avg": 36.86,
            "net_income": 359759,
            "revenue": 2340177,
            "common_shares": 2409493,
            "book_valuer_per_share": 22.88,
            "book_valuer_per_share_4q_avg": 22.81,
            "equity": 6590929,
            "current_ratio": 226.43,
            "debt_ratio": 40.41,
            "inventory_turnover_ratio": 0.9,
            "account_receivable_turnover_ratio": 1.2,
            "reinvestment_rate": -3.32,
            "research_to_sale_ratio": 2.46,
            "price_fair": 106.58,
            "eps_avg_yearly": 3.05,
            "eps_latest_yearly": 4.48,
            "eps_growth_yearly": 57.7
        },
        "20174": {
            "year_quarter": 20174,
            "year": 2017,
            "quarter": 4,
            "eps": 1.04,
            "eps_growth_year": -1.97,
            "eps_4q": 3.78,
            "eps_4q_growth_year": 12.91,
            "roe": 5.18,
            "roe_4q": 19.119999999999997,
            "gross_profit": 882822,
            "gross_margin": 37.15,
            "gross_margin_4q_avg": 36.79,
            "net_income": 349834,
            "revenue": 2376366,
            "common_shares": 2411443,
            "book_valuer_per_share": 23.86,
            "book_valuer_per_share_4q_avg": 22.96,
            "equity": 6927317,
            "current_ratio": 160.2,
            "debt_ratio": 40.33,
            "inventory_turnover_ratio": 0.9,
            "account_receivable_turnover_ratio": 1.18,
            "reinvestment_rate": 4.81,
            "research_to_sale_ratio": 2.61,
            "price_fair": 113.4,
            "eps_avg_yearly": 3.24,
            "eps_latest_yearly": 4.16,
            "eps_growth_yearly": 64.66
        },
        "20181": {
            "year_quarter": 20181,
            "year": 2018,
            "quarter": 1,
            "eps": 0.98,
            "eps_growth_year": 25.64,
            "eps_4q": 3.99,
            "eps_4q_growth_year": 18.99,
            "roe": 4.39,
            "roe_4q": 19.759999999999998,
            "gross_profit": 802259,
            "gross_margin": 35.74,
            "gross_margin_4q_avg": 36.67,
            "net_income": 312085,
            "revenue": 2244561,
            "common_shares": 2411753,
            "book_valuer_per_share": 25.1,
            "book_valuer_per_share_4q_avg": 23.41,
            "equity": 7302996,
            "current_ratio": 200.49,
            "debt_ratio": 42.78,
            "inventory_turnover_ratio": 0.88,
            "account_receivable_turnover_ratio": 1.1,
            "reinvestment_rate": 6.28,
            "research_to_sale_ratio": 2.85,
            "price_fair": 116.29,
            "eps_avg_yearly": 3.32,
            "eps_latest_yearly": 3.92,
            "eps_growth_yearly": 25.72
        },
        "20182": {
            "year_quarter": 20182,
            "year": 2018,
            "quarter": 2,
            "eps": 0.85,
            "eps_growth_year": 2.41,
            "eps_4q": 3.99,
            "eps_4q_growth_year": 16.19,
            "roe": 4.52,
            "roe_4q": 19.68,
            "gross_profit": 874902,
            "gross_margin": 35.6,
            "gross_margin_4q_avg": 36.35,
            "net_income": 318004,
            "revenue": 2457472,
            "common_shares": 2411753,
            "book_valuer_per_share": 23.07,
            "book_valuer_per_share_4q_avg": 23.73,
            "equity": 6753571,
            "current_ratio": 155.06,
            "debt_ratio": 50.6,
            "inventory_turnover_ratio": 0.95,
            "account_receivable_turnover_ratio": 1.16,
            "reinvestment_rate": 5.84,
            "research_to_sale_ratio": 2.68,
            "price_fair": 94.24,
            "eps_avg_yearly": 3.35,
            "eps_latest_yearly": 3.4,
            "eps_growth_yearly": 18.17
        },
        "20183": {
            "year_quarter": 20183,
            "year": 2018,
            "quarter": 3,
            "eps": 0.78,
            "eps_growth_year": -30.36,
            "eps_4q": 3.63,
            "eps_4q_growth_year": -4.73,
            "roe": 4.09,
            "roe_4q": 18.18,
            "gross_profit": 922663,
            "gross_margin": 37.23,
            "gross_margin_4q_avg": 36.43,
            "net_income": 281112,
            "revenue": 2478131,
            "common_shares": 2427129,
            "book_valuer_per_share": 23.54,
            "book_valuer_per_share_4q_avg": 23.89,
            "equity": 6980208,
            "current_ratio": 161.05,
            "debt_ratio": 47.86,
            "inventory_turnover_ratio": 0.92,
            "account_receivable_turnover_ratio": 1.09,
            "reinvestment_rate": 1.38,
            "research_to_sale_ratio": 2.91,
            "price_fair": 94.52,
            "eps_avg_yearly": 3.37,
            "eps_latest_yearly": 3.12,
            "eps_growth_yearly": 18.09
        },
        "20184": {
            "year_quarter": 20184,
            "year": 2018,
            "quarter": 4,
            "eps": 0.92,
            "eps_growth_year": -11.38,
            "eps_4q": 3.53,
            "eps_4q_growth_year": -6.71,
            "roe": 4.74,
            "roe_4q": 17.74,
            "gross_profit": 928230,
            "gross_margin": 38.19,
            "gross_margin_4q_avg": 36.69,
            "net_income": 338299,
            "revenue": 2430306,
            "common_shares": 2427129,
            "book_valuer_per_share": 24.41,
            "book_valuer_per_share_4q_avg": 24.03,
            "equity": 7294391,
            "current_ratio": 149.11,
            "debt_ratio": 47.64,
            "inventory_turnover_ratio": 0.88,
            "account_receivable_turnover_ratio": 1.08,
            "reinvestment_rate": 9.25,
            "research_to_sale_ratio": 3.18,
            "price_fair": 122.15,
            "eps_avg_yearly": 3.49,
            "eps_latest_yearly": 3.68,
            "eps_growth_yearly": 32.58
        },
        "20191": {
            "year_quarter": 20191,
            "year": 2019,
            "quarter": 1,
            "eps": 0.63,
            "eps_growth_year": -35.71,
            "eps_4q": 3.18,
            "eps_4q_growth_year": -20.24,
            "roe": 3.35,
            "roe_4q": 16.7,
            "gross_profit": 816964,
            "gross_margin": 33,
            "gross_margin_4q_avg": 36.01,
            "net_income": 248955,
            "revenue": 2475615,
            "common_shares": 2427129,
            "book_valuer_per_share": 25.32,
            "book_valuer_per_share_4q_avg": 24.09,
            "equity": 7580211,
            "current_ratio": 153.42,
            "debt_ratio": 49.95,
            "inventory_turnover_ratio": 0.94,
            "account_receivable_turnover_ratio": 1.1,
            "reinvestment_rate": 19.39,
            "research_to_sale_ratio": 2.85,
            "price_fair": 71.08,
            "eps_avg_yearly": 3.48,
            "eps_latest_yearly": 2.52,
            "eps_growth_yearly": 10.41
        },
        "20192": {
            "year_quarter": 20192,
            "year": 2019,
            "quarter": 2,
            "eps": 0.54,
            "eps_growth_year": -36.47,
            "eps_4q": 2.87,
            "eps_4q_growth_year": -27.97,
            "roe": 3.53,
            "roe_4q": 15.71,
            "gross_profit": 856378,
            "gross_margin": 32.04,
            "gross_margin_4q_avg": 35.12,
            "net_income": 255363,
            "revenue": 2672524,
            "common_shares": 2427129,
            "book_valuer_per_share": 22.76,
            "book_valuer_per_share_4q_avg": 24.01,
            "equity": 6887079,
            "current_ratio": 134.83,
            "debt_ratio": 53.55,
            "inventory_turnover_ratio": 0.99,
            "account_receivable_turnover_ratio": 1.17,
            "reinvestment_rate": 22.95,
            "research_to_sale_ratio": 3.2,
            "price_fair": 66.27,
            "eps_avg_yearly": 3.47,
            "eps_latest_yearly": 2.16,
            "eps_growth_yearly": 9.11
        },
        "20193": {
            "year_quarter": 20193,
            "year": 2019,
            "quarter": 3,
            "eps": 0.51,
            "eps_growth_year": -34.62,
            "eps_4q": 2.61,
            "eps_4q_growth_year": -28.16,
            "roe": 3.36,
            "roe_4q": 14.98,
            "gross_profit": 825634,
            "gross_margin": 31.09,
            "gross_margin_4q_avg": 33.58,
            "net_income": 233186,
            "revenue": 2655665,
            "common_shares": 2427129,
            "book_valuer_per_share": 22.78,
            "book_valuer_per_share_4q_avg": 23.82,
            "equity": 7000708,
            "current_ratio": 126.53,
            "debt_ratio": 52.18,
            "inventory_turnover_ratio": 0.99,
            "account_receivable_turnover_ratio": 1.2,
            "reinvestment_rate": 33.27,
            "research_to_sale_ratio": 3.06,
            "price_fair": 10.04,
            "eps_avg_yearly": 3.35,
            "eps_latest_yearly": 2.04,
            "eps_growth_yearly": -8.94
        },
        "20194": {
            "year_quarter": 20194,
            "year": 2019,
            "quarter": 4,
            "eps": 0.6,
            "eps_growth_year": -35.14,
            "eps_4q": 2.23,
            "eps_4q_growth_year": -36.7,
            "roe": 3.78,
            "roe_4q": 14.02,
            "gross_profit": 862711,
            "gross_margin": 31.95,
            "gross_margin_4q_avg": 32.02,
            "net_income": 273675,
            "revenue": 2700398,
            "common_shares": 2494539,
            "book_valuer_per_share": 23.72,
            "book_valuer_per_share_4q_avg": 23.65,
            "equity": 7477463,
            "current_ratio": 136.84,
            "debt_ratio": 47.96,
            "inventory_turnover_ratio": 1.02,
            "account_receivable_turnover_ratio": 1.25,
            "reinvestment_rate": 44.32,
            "research_to_sale_ratio": 2.99,
            "price_fair": 9.68,
            "eps_avg_yearly": 3.23,
            "eps_latest_yearly": 2.4,
            "eps_growth_yearly": -6.28
        },
        "20201": {
            "year_quarter": 20201,
            "year": 2020,
            "quarter": 1,
            "eps": 0.42,
            "eps_growth_year": -33.33,
            "eps_4q": 2.05,
            "eps_4q_growth_year": -35.56,
            "roe": 2.41,
            "roe_4q": 13.079999999999998,
            "gross_profit": 686040,
            "gross_margin": 28.81,
            "gross_margin_4q_avg": 30.97,
            "net_income": 182442,
            "revenue": 2381563,
            "common_shares": 2494539,
            "book_valuer_per_share": 24.06,
            "book_valuer_per_share_4q_avg": 23.33,
            "equity": 7644688,
            "current_ratio": 142.85,
            "debt_ratio": 46.23,
            "inventory_turnover_ratio": 0.95,
            "account_receivable_turnover_ratio": 1.15,
            "reinvestment_rate": 58.99,
            "research_to_sale_ratio": 2.93,
            "price_fair": 9.43,
            "eps_avg_yearly": 3.14,
            "eps_latest_yearly": 1.68,
            "eps_growth_yearly": -6.54
        },
        "20202": {
            "year_quarter": 20202,
            "year": 2020,
            "quarter": 2,
            "eps": 0.45,
            "eps_growth_year": -16.67,
            "eps_4q": 1.98,
            "eps_4q_growth_year": -31.05,
            "roe": 2.63,
            "roe_4q": 12.18,
            "gross_profit": 707739,
            "gross_margin": 29.71,
            "gross_margin_4q_avg": 30.39,
            "net_income": 193245,
            "revenue": 2382504,
            "common_shares": 2494539,
            "book_valuer_per_share": 22.61,
            "book_valuer_per_share_4q_avg": 23.29,
            "equity": 7050960,
            "current_ratio": 132.51,
            "debt_ratio": 50.96,
            "inventory_turnover_ratio": 0.91,
            "account_receivable_turnover_ratio": 1.2,
            "reinvestment_rate": 60.16,
            "research_to_sale_ratio": 2.6,
            "price_fair": 9.21,
            "eps_avg_yearly": 3.07,
            "eps_latest_yearly": 1.8,
            "eps_growth_yearly": -4.1
        },
        "20203": {
            "year_quarter": 20203,
            "year": 2020,
            "quarter": 3,
            "eps": 0.58,
            "eps_growth_year": 13.73,
            "eps_4q": 2.05,
            "eps_4q_growth_year": -21.3,
            "roe": 3.57,
            "roe_4q": 12.389999999999999,
            "gross_profit": 822277,
            "gross_margin": 30.76,
            "gross_margin_4q_avg": 30.31,
            "net_income": 256837,
            "revenue": 2673122,
            "common_shares": 2494539,
            "book_valuer_per_share": 23.33,
            "book_valuer_per_share_4q_avg": 23.43,
            "equity": 7332533,
            "current_ratio": 155.72,
            "debt_ratio": 49.61,
            "inventory_turnover_ratio": 1.01,
            "account_receivable_turnover_ratio": 1.32,
            "reinvestment_rate": 61.05,
            "research_to_sale_ratio": 2.55,
            "price_fair": 36.61,
            "eps_avg_yearly": 3.02,
            "eps_latest_yearly": 2.32,
            "eps_growth_yearly": 2.11
        },
        "20204": {
            "year_quarter": 20204,
            "year": 2020,
            "quarter": 4,
            "eps": 0.84,
            "eps_growth_year": 40.23,
            "eps_4q": 2.27,
            "eps_4q_growth_year": 1.77,
            "roe": 4.74,
            "roe_4q": 13.350000000000001,
            "gross_profit": 955187,
            "gross_margin": 32.35,
            "gross_margin_4q_avg": 30.41,
            "net_income": 359825,
            "revenue": 2953090,
            "common_shares": 2494539,
            "book_valuer_per_share": 24.64,
            "book_valuer_per_share_4q_avg": 23.66,
            "equity": 7848589,
            "current_ratio": 163.88,
            "debt_ratio": 46.35,
            "inventory_turnover_ratio": 1.11,
            "account_receivable_turnover_ratio": 1.33,
            "reinvestment_rate": 57.33,
            "research_to_sale_ratio": 2.64,
            "price_fair": 41.26,
            "eps_avg_yearly": 2.97,
            "eps_latest_yearly": 3.36,
            "eps_growth_yearly": 3.9
        },
        "20211": {
            "year_quarter": 20211,
            "year": 2021,
            "quarter": 1,
            "eps": 0.74,
            "eps_growth_year": 76.19,
            "eps_4q": 2.47,
            "eps_4q_growth_year": 20.81,
            "roe": 3.51,
            "roe_4q": 14.45,
            "gross_profit": 896052,
            "gross_margin": 31.13,
            "gross_margin_4q_avg": 30.99,
            "net_income": 292871,
            "revenue": 2878562,
            "common_shares": 2650854,
            "book_valuer_per_share": 26.98,
            "book_valuer_per_share_4q_avg": 24.39,
            "equity": 8850896,
            "current_ratio": 196.42,
            "debt_ratio": 40.22,
            "inventory_turnover_ratio": 1.05,
            "account_receivable_turnover_ratio": 1.2,
            "reinvestment_rate": 57.26,
            "research_to_sale_ratio": 2.53,
            "price_fair": 51.85,
            "eps_avg_yearly": 2.96,
            "eps_latest_yearly": 2.96,
            "eps_growth_yearly": 7.53
        },
        "20212": {
            "year_quarter": 20212,
            "year": 2021,
            "quarter": 2,
            "eps": 0.72,
            "eps_growth_year": 60,
            "eps_4q": 2.77,
            "eps_4q_growth_year": 40.15,
            "roe": 3.64,
            "roe_4q": 15.46,
            "gross_profit": 1014275,
            "gross_margin": 31.39,
            "gross_margin_4q_avg": 31.41,
            "net_income": 314885,
            "revenue": 3231383,
            "common_shares": 2650854,
            "book_valuer_per_share": 25.99,
            "book_valuer_per_share_4q_avg": 25.24,
            "equity": 8444974,
            "current_ratio": 170.31,
            "debt_ratio": 44.98,
            "inventory_turnover_ratio": 1.08,
            "account_receivable_turnover_ratio": 1.25,
            "reinvestment_rate": 52.65,
            "research_to_sale_ratio": 2.55,
            "price_fair": 44.69,
            "eps_avg_yearly": 2.93,
            "eps_latest_yearly": 2.88,
            "eps_growth_yearly": 5.25
        },
        "20213": {
            "year_quarter": 20213,
            "year": 2021,
            "quarter": 3,
            "eps": 1,
            "eps_growth_year": 72.41,
            "eps_4q": 3.23,
            "eps_4q_growth_year": 57.7,
            "roe": 4.45,
            "roe_4q": 16.34,
            "gross_profit": 1063414,
            "gross_margin": 30.54,
            "gross_margin_4q_avg": 31.35,
            "net_income": 384459,
            "revenue": 3482322,
            "common_shares": 2650854,
            "book_valuer_per_share": 26.98,
            "book_valuer_per_share_4q_avg": 26.15,
            "equity": 8826979,
            "current_ratio": 179.76,
            "debt_ratio": 44.12,
            "inventory_turnover_ratio": 1.09,
            "account_receivable_turnover_ratio": 1.22,
            "reinvestment_rate": 48.85,
            "research_to_sale_ratio": 2.18,
            "price_fair": 47.1,
            "eps_avg_yearly": 2.9,
            "eps_latest_yearly": 4,
            "eps_growth_yearly": 6.24
        },
        "20214": {
            "year_quarter": 20214,
            "year": 2021,
            "quarter": 4,
            "eps": 1.09,
            "eps_growth_year": 30.32,
            "eps_4q": 3.53,
            "eps_4q_growth_year": 55.5,
            "roe": 4.32,
            "roe_4q": 15.92,
            "gross_profit": 1153980,
            "gross_margin": 32.19,
            "gross_margin_4q_avg": 31.31,
            "net_income": 389680,
            "revenue": 3585150,
            "common_shares": 2650854,
            "book_valuer_per_share": 28.12,
            "book_valuer_per_share_4q_avg": 27.02,
            "equity": 9227509,
            "current_ratio": 206.04,
            "debt_ratio": 42.28,
            "inventory_turnover_ratio": 1.02,
            "account_receivable_turnover_ratio": 1.21,
            "reinvestment_rate": 47.89,
            "research_to_sale_ratio": 2.39,
            "price_fair": 59.05,
            "eps_avg_yearly": 2.91,
            "eps_latest_yearly": 4.36,
            "eps_growth_yearly": 10.28
        },
        "20221": {
            "year_quarter": 20221,
            "year": 2022,
            "quarter": 1,
            "eps": 1.55,
            "eps_growth_year": 109.46,
            "eps_4q": 4.37,
            "eps_4q_growth_year": 76.75,
            "roe": 5.09,
            "roe_4q": 17.5,
            "gross_profit": 1230197,
            "gross_margin": 32.79,
            "gross_margin_4q_avg": 31.73,
            "net_income": 484999,
            "revenue": 3751928,
            "common_shares": 2634854,
            "book_valuer_per_share": 30.1,
            "book_valuer_per_share_4q_avg": 27.8,
            "equity": 9834683,
            "current_ratio": 217.85,
            "debt_ratio": 40.85,
            "inventory_turnover_ratio": 0.97,
            "account_receivable_turnover_ratio": 1.22,
            "reinvestment_rate": 45.52,
            "research_to_sale_ratio": 2.28,
            "price_fair": 98.58,
            "eps_avg_yearly": 3.06,
            "eps_latest_yearly": 6.2,
            "eps_growth_yearly": 22.27
        },
        "20222": {
            "year_quarter": 20222,
            "year": 2022,
            "quarter": 2,
            "eps": 1.55,
            "eps_growth_year": 115.28,
            "eps_4q": 5.2,
            "eps_4q_growth_year": 87.35,
            "roe": 5.94,
            "roe_4q": 19.8,
            "gross_profit": 1396860,
            "gross_margin": 35.23,
            "gross_margin_4q_avg": 32.69,
            "net_income": 574710,
            "revenue": 3964703,
            "common_shares": 2634854,
            "book_valuer_per_share": 29.09,
            "book_valuer_per_share_4q_avg": 28.57,
            "equity": 9520683,
            "current_ratio": 184.31,
            "debt_ratio": 45.64,
            "inventory_turnover_ratio": 0.88,
            "account_receivable_turnover_ratio": 1.2,
            "reinvestment_rate": 42.85,
            "research_to_sale_ratio": 2.31,
            "price_fair": 113.05,
            "eps_avg_yearly": 3.23,
            "eps_latest_yearly": 6.2,
            "eps_growth_yearly": 25.59
        },
        "20223": {
            "year_quarter": 20223,
            "year": 2022,
            "quarter": 3,
            "eps": 1.93,
            "eps_growth_year": 93,
            "eps_4q": 6.13,
            "eps_4q_growth_year": 89.42,
            "roe": 6.4,
            "roe_4q": 21.75,
            "gross_profit": 1370069,
            "gross_margin": 34.52,
            "gross_margin_4q_avg": 33.68,
            "net_income": 636781,
            "revenue": 3969307,
            "common_shares": 2634854,
            "book_valuer_per_share": 31.51,
            "book_valuer_per_share_4q_avg": 29.71,
            "equity": 10365772,
            "current_ratio": 189.28,
            "debt_ratio": 42.37,
            "inventory_turnover_ratio": 0.8,
            "account_receivable_turnover_ratio": 1.19,
            "reinvestment_rate": 43.43,
            "research_to_sale_ratio": 2.12,
            "price_fair": 123.11,
            "eps_avg_yearly": 3.52,
            "eps_latest_yearly": 7.72,
            "eps_growth_yearly": 33.77
        },
        "20224": {
            "year_quarter": 20224,
            "year": 2022,
            "quarter": 4,
            "eps": 1.25,
            "eps_growth_year": 14.95,
            "eps_4q": 6.28,
            "eps_4q_growth_year": 77.89,
            "roe": 4.56,
            "roe_4q": 21.990000000000002,
            "gross_profit": 1352040,
            "gross_margin": 33.79,
            "gross_margin_4q_avg": 34.08,
            "net_income": 480425,
            "revenue": 4001196,
            "common_shares": 2634854,
            "book_valuer_per_share": 32.42,
            "book_valuer_per_share_4q_avg": 30.78,
            "equity": 10725483,
            "current_ratio": 206.86,
            "debt_ratio": 41.12,
            "inventory_turnover_ratio": 0.76,
            "account_receivable_turnover_ratio": 1.26,
            "reinvestment_rate": 31.47,
            "research_to_sale_ratio": 2.35,
            "price_fair": 109.72,
            "eps_avg_yearly": 3.6,
            "eps_latest_yearly": 5,
            "eps_growth_yearly": 20.48
        },
        "20231": {
            "year_quarter": 20231,
            "year": 2023,
            "quarter": 1,
            "eps": 0.93,
            "eps_growth_year": -40,
            "eps_4q": 5.66,
            "eps_4q_growth_year": 29.38,
            "roe": 3.3,
            "roe_4q": 20.2,
            "gross_profit": 1125312,
            "gross_margin": 31.04,
            "gross_margin_4q_avg": 33.65,
            "net_income": 360393,
            "revenue": 3625363,
            "common_shares": 2634854,
            "book_valuer_per_share": 33.36,
            "book_valuer_per_share_4q_avg": 31.6,
            "equity": 11084417,
            "current_ratio": 220.12,
            "debt_ratio": 38.98,
            "inventory_turnover_ratio": 0.7,
            "account_receivable_turnover_ratio": 1.23,
            "reinvestment_rate": 18.48,
            "research_to_sale_ratio": 2.52,
            "price_fair": 117.45,
            "eps_avg_yearly": 3.68,
            "eps_latest_yearly": 3.72,
            "eps_growth_yearly": 21.96
        }
    },
    "months": {
        "2001-06": {
            "month": "2001-06",
            "price": "14.98",
            "revenue": 100554
        },
        "2001-07": {
            "month": "2001-07",
            "price": "11.30",
            "revenue": 101382
        },
        "2001-08": {
            "month": "2001-08",
            "price": "10.44",
            "revenue": 118728
        },
        "2001-09": {
            "month": "2001-09",
            "price": "10.03",
            "revenue": 116894
        },
        "2001-10": {
            "month": "2001-10",
            "price": "8.04",
            "revenue": 115897
        },
        "2001-11": {
            "month": "2001-11",
            "price": "10.42",
            "revenue": 109408
        },
        "2001-12": {
            "month": "2001-12",
            "price": "13.49",
            "revenue": 101004
        },
        "2002-01": {
            "month": "2002-01",
            "price": "18.59",
            "revenue": 106555
        },
        "2002-02": {
            "month": "2002-02",
            "price": "21.64",
            "revenue": 104396
        },
        "2002-03": {
            "month": "2002-03",
            "price": "21.21",
            "revenue": 114064
        },
        "2002-04": {
            "month": "2002-04",
            "price": "20.08",
            "revenue": 124817
        },
        "2002-05": {
            "month": "2002-05",
            "price": "15.93",
            "revenue": 111621
        },
        "2002-06": {
            "month": "2002-06",
            "price": "14.37",
            "revenue": 104353
        },
        "2002-07": {
            "month": "2002-07",
            "price": "12.10",
            "revenue": 115090
        },
        "2002-08": {
            "month": "2002-08",
            "price": "11.67",
            "revenue": 144050
        },
        "2002-09": {
            "month": "2002-09",
            "price": "10.84",
            "revenue": 149365
        },
        "2002-10": {
            "month": "2002-10",
            "price": "11.15",
            "revenue": 141450
        },
        "2002-11": {
            "month": "2002-11",
            "price": "11.44",
            "revenue": 118276
        },
        "2002-12": {
            "month": "2002-12",
            "price": "10.40",
            "revenue": 144624
        },
        "2003-01": {
            "month": "2003-01",
            "price": "10.56",
            "revenue": 120417
        },
        "2003-02": {
            "month": "2003-02",
            "price": "10.05",
            "revenue": 121360
        },
        "2003-03": {
            "month": "2003-03",
            "price": "9.89",
            "revenue": 143798
        },
        "2003-04": {
            "month": "2003-04",
            "price": "10.97",
            "revenue": 152786
        },
        "2003-05": {
            "month": "2003-05",
            "price": "12.45",
            "revenue": 155347
        },
        "2003-06": {
            "month": "2003-06",
            "price": "13.78",
            "revenue": 137174
        },
        "2003-07": {
            "month": "2003-07",
            "price": "14.68",
            "revenue": 171225
        },
        "2003-08": {
            "month": "2003-08",
            "price": "14.36",
            "revenue": 171382
        },
        "2003-09": {
            "month": "2003-09",
            "price": "13.60",
            "revenue": 164457
        },
        "2003-10": {
            "month": "2003-10",
            "price": "13.34",
            "revenue": 161423
        },
        "2003-11": {
            "month": "2003-11",
            "price": "13.38",
            "revenue": 150052
        },
        "2003-12": {
            "month": "2003-12",
            "price": "13.04",
            "revenue": 160883
        },
        "2004-01": {
            "month": "2004-01",
            "price": "13.09",
            "revenue": 120070
        },
        "2004-02": {
            "month": "2004-02",
            "price": "14.28",
            "revenue": 171390
        },
        "2004-03": {
            "month": "2004-03",
            "price": "14.57",
            "revenue": 175707
        },
        "2004-04": {
            "month": "2004-04",
            "price": "15.61",
            "revenue": 173650
        },
        "2004-05": {
            "month": "2004-05",
            "price": "13.65",
            "revenue": 159286
        },
        "2004-06": {
            "month": "2004-06",
            "price": "12.38",
            "revenue": 154175
        },
        "2004-07": {
            "month": "2004-07",
            "price": "11.67",
            "revenue": 172133
        },
        "2004-08": {
            "month": "2004-08",
            "price": "10.38",
            "revenue": 199538
        },
        "2004-09": {
            "month": "2004-09",
            "price": "10.12",
            "revenue": 182875
        },
        "2004-10": {
            "month": "2004-10",
            "price": "9.98",
            "revenue": 165402
        },
        "2004-11": {
            "month": "2004-11",
            "price": "9.44",
            "revenue": 162107
        },
        "2004-12": {
            "month": "2004-12",
            "price": "9.36",
            "revenue": 196270
        },
        "2005-01": {
            "month": "2005-01",
            "price": "9.18",
            "revenue": 182668
        },
        "2005-02": {
            "month": "2005-02",
            "price": "8.43",
            "revenue": 146902
        },
        "2005-03": {
            "month": "2005-03",
            "price": "8.33",
            "revenue": 205153
        },
        "2005-04": {
            "month": "2005-04",
            "price": "8.36",
            "revenue": 170320
        },
        "2005-05": {
            "month": "2005-05",
            "price": "7.02",
            "revenue": 199695
        },
        "2005-06": {
            "month": "2005-06",
            "price": "7.68",
            "revenue": 190449
        },
        "2005-07": {
            "month": "2005-07",
            "price": "8.01",
            "revenue": 220626
        },
        "2005-08": {
            "month": "2005-08",
            "price": "8.32",
            "revenue": 213590
        },
        "2005-09": {
            "month": "2005-09",
            "price": "8.61",
            "revenue": 247602
        },
        "2005-10": {
            "month": "2005-10",
            "price": "9.20",
            "revenue": 245293
        },
        "2005-11": {
            "month": "2005-11",
            "price": "8.96",
            "revenue": 256038
        },
        "2005-12": {
            "month": "2005-12",
            "price": "11.60",
            "revenue": 239521
        },
        "2006-01": {
            "month": "2006-01",
            "price": "15.42",
            "revenue": 272106
        },
        "2006-02": {
            "month": "2006-02",
            "price": "17.24",
            "revenue": 232501
        },
        "2006-03": {
            "month": "2006-03",
            "price": "17.58",
            "revenue": 297469
        },
        "2006-04": {
            "month": "2006-04",
            "price": "19.92",
            "revenue": 276781
        },
        "2006-05": {
            "month": "2006-05",
            "price": "20.59",
            "revenue": 301592
        },
        "2006-06": {
            "month": "2006-06",
            "price": "17.54",
            "revenue": 306230
        },
        "2006-07": {
            "month": "2006-07",
            "price": "17.09",
            "revenue": 344305
        },
        "2006-08": {
            "month": "2006-08",
            "price": "18.64",
            "revenue": 319109
        },
        "2006-09": {
            "month": "2006-09",
            "price": "16.93",
            "revenue": 322771
        },
        "2006-10": {
            "month": "2006-10",
            "price": "19.90",
            "revenue": 297403
        },
        "2006-11": {
            "month": "2006-11",
            "price": "22.60",
            "revenue": 309073
        },
        "2006-12": {
            "month": "2006-12",
            "price": "23.71",
            "revenue": 275947
        },
        "2007-01": {
            "month": "2007-01",
            "price": "25.87",
            "revenue": 284189
        },
        "2007-02": {
            "month": "2007-02",
            "price": "27.66",
            "revenue": 255923
        },
        "2007-03": {
            "month": "2007-03",
            "price": "31.03",
            "revenue": 355595
        },
        "2007-04": {
            "month": "2007-04",
            "price": "31.58",
            "revenue": 341508
        },
        "2007-05": {
            "month": "2007-05",
            "price": "29.23",
            "revenue": 340770
        },
        "2007-06": {
            "month": "2007-06",
            "price": "39.59",
            "revenue": 342930
        },
        "2007-07": {
            "month": "2007-07",
            "price": "60.44",
            "revenue": 348424
        },
        "2007-08": {
            "month": "2007-08",
            "price": "51.34",
            "revenue": 318836
        },
        "2007-09": {
            "month": "2007-09",
            "price": "59.01",
            "revenue": 292514
        },
        "2007-10": {
            "month": "2007-10",
            "price": "63.51",
            "revenue": 286455
        },
        "2007-11": {
            "month": "2007-11",
            "price": "47.51",
            "revenue": 291439
        },
        "2007-12": {
            "month": "2007-12",
            "price": "47.15",
            "revenue": 253083
        },
        "2008-01": {
            "month": "2008-01",
            "price": "40.63",
            "revenue": 314891
        },
        "2008-02": {
            "month": "2008-02",
            "price": "31.50",
            "revenue": 213771
        },
        "2008-03": {
            "month": "2008-03",
            "price": "37.64",
            "revenue": 297795
        },
        "2008-04": {
            "month": "2008-04",
            "price": "42.72",
            "revenue": 298119
        },
        "2008-05": {
            "month": "2008-05",
            "price": "40.47",
            "revenue": 289202
        },
        "2008-06": {
            "month": "2008-06",
            "price": "33.49",
            "revenue": 309062
        },
        "2008-07": {
            "month": "2008-07",
            "price": "27.28",
            "revenue": 313821
        },
        "2008-08": {
            "month": "2008-08",
            "price": "26.23",
            "revenue": 311886
        },
        "2008-09": {
            "month": "2008-09",
            "price": "20.21",
            "revenue": 339738
        },
        "2008-10": {
            "month": "2008-10",
            "price": "13.25",
            "revenue": 338116
        },
        "2008-11": {
            "month": "2008-11",
            "price": "12.80",
            "revenue": 226463
        },
        "2008-12": {
            "month": "2008-12",
            "price": "14.34",
            "revenue": 142018
        },
        "2009-01": {
            "month": "2009-01",
            "price": "13.60",
            "revenue": 152149
        },
        "2009-02": {
            "month": "2009-02",
            "price": "13.38",
            "revenue": 192412
        },
        "2009-03": {
            "month": "2009-03",
            "price": "15.22",
            "revenue": 264665
        },
        "2009-04": {
            "month": "2009-04",
            "price": "16.13",
            "revenue": 234638
        },
        "2009-05": {
            "month": "2009-05",
            "price": "16.73",
            "revenue": 256751
        },
        "2009-06": {
            "month": "2009-06",
            "price": "17.05",
            "revenue": 323077
        },
        "2009-07": {
            "month": "2009-07",
            "price": "18.75",
            "revenue": 315375
        },
        "2009-08": {
            "month": "2009-08",
            "price": "22.42",
            "revenue": 321224
        },
        "2009-09": {
            "month": "2009-09",
            "price": "24.44",
            "revenue": 324691
        },
        "2009-10": {
            "month": "2009-10",
            "price": "29.05",
            "revenue": 307256
        },
        "2009-11": {
            "month": "2009-11",
            "price": "26.79",
            "revenue": 316393
        },
        "2009-12": {
            "month": "2009-12",
            "price": "28.27",
            "revenue": 322326
        },
        "2010-01": {
            "month": "2010-01",
            "price": "30.36",
            "revenue": 424628
        },
        "2010-02": {
            "month": "2010-02",
            "price": "27.65",
            "revenue": 315291
        },
        "2010-03": {
            "month": "2010-03",
            "price": "30.34",
            "revenue": 401134
        },
        "2010-04": {
            "month": "2010-04",
            "price": "29.91",
            "revenue": 436516
        },
        "2010-05": {
            "month": "2010-05",
            "price": "25.78",
            "revenue": 428331
        },
        "2010-06": {
            "month": "2010-06",
            "price": "25.06",
            "revenue": 447671
        },
        "2010-07": {
            "month": "2010-07",
            "price": "24.96",
            "revenue": 476910
        },
        "2010-08": {
            "month": "2010-08",
            "price": "25.68",
            "revenue": 456967
        },
        "2010-09": {
            "month": "2010-09",
            "price": "25.34",
            "revenue": 393926
        },
        "2010-10": {
            "month": "2010-10",
            "price": "23.73",
            "revenue": 355455
        },
        "2010-11": {
            "month": "2010-11",
            "price": "21.52",
            "revenue": 386423
        },
        "2010-12": {
            "month": "2010-12",
            "price": "23.69",
            "revenue": 390405
        },
        "2011-01": {
            "month": "2011-01",
            "price": "23.55",
            "revenue": 389384
        },
        "2011-02": {
            "month": "2011-02",
            "price": "25.51",
            "revenue": 290473
        },
        "2011-03": {
            "month": "2011-03",
            "price": "26.30",
            "revenue": 449604
        },
        "2011-04": {
            "month": "2011-04",
            "price": "25.41",
            "revenue": 412117
        },
        "2011-05": {
            "month": "2011-05",
            "price": "25.42",
            "revenue": 415483
        },
        "2011-06": {
            "month": "2011-06",
            "price": "23.30",
            "revenue": 371955
        },
        "2011-07": {
            "month": "2011-07",
            "price": "20.74",
            "revenue": 351495
        },
        "2011-08": {
            "month": "2011-08",
            "price": "16.72",
            "revenue": 362807
        },
        "2011-09": {
            "month": "2011-09",
            "price": "17.03",
            "revenue": 302379
        },
        "2011-10": {
            "month": "2011-10",
            "price": "16.82",
            "revenue": 291413
        },
        "2011-11": {
            "month": "2011-11",
            "price": "15.33",
            "revenue": 352980
        },
        "2011-12": {
            "month": "2011-12",
            "price": "13.92",
            "revenue": 345585
        },
        "2012-01": {
            "month": "2012-01",
            "price": "14.41",
            "revenue": 229511
        },
        "2012-02": {
            "month": "2012-02",
            "price": "17.43",
            "revenue": 262195
        },
        "2012-03": {
            "month": "2012-03",
            "price": "17.08",
            "revenue": 398875
        },
        "2012-04": {
            "month": "2012-04",
            "price": "15.12",
            "revenue": 328862
        },
        "2012-05": {
            "month": "2012-05",
            "price": "14.90",
            "revenue": 383335
        },
        "2012-06": {
            "month": "2012-06",
            "price": "14.15",
            "revenue": 358333
        },
        "2012-07": {
            "month": "2012-07",
            "price": "13.87",
            "revenue": 406838
        },
        "2012-08": {
            "month": "2012-08",
            "price": "13.45",
            "revenue": 369558
        },
        "2012-09": {
            "month": "2012-09",
            "price": "13.93",
            "revenue": 366231
        },
        "2012-10": {
            "month": "2012-10",
            "price": "13.51",
            "revenue": 315761
        },
        "2012-11": {
            "month": "2012-11",
            "price": "11.99",
            "revenue": 322298
        },
        "2012-12": {
            "month": "2012-12",
            "price": "12.44",
            "revenue": 318387
        },
        "2013-01": {
            "month": "2013-01",
            "price": "13.19",
            "revenue": 564007
        },
        "2013-02": {
            "month": "2013-02",
            "price": "13.52",
            "revenue": 430396
        },
        "2013-03": {
            "month": "2013-03",
            "price": "14.38",
            "revenue": 550382
        },
        "2013-04": {
            "month": "2013-04",
            "price": "14.99",
            "revenue": 620038
        },
        "2013-05": {
            "month": "2013-05",
            "price": "16.98",
            "revenue": 605765
        },
        "2013-06": {
            "month": "2013-06",
            "price": "18.35",
            "revenue": 578964
        },
        "2013-07": {
            "month": "2013-07",
            "price": "21.35",
            "revenue": 642231
        },
        "2013-08": {
            "month": "2013-08",
            "price": "23.45",
            "revenue": 626214
        },
        "2013-09": {
            "month": "2013-09",
            "price": "24.15",
            "revenue": 658853
        },
        "2013-10": {
            "month": "2013-10",
            "price": "23.16",
            "revenue": 567285
        },
        "2013-11": {
            "month": "2013-11",
            "price": "23.11",
            "revenue": 601127
        },
        "2013-12": {
            "month": "2013-12",
            "price": "26.27",
            "revenue": 564043
        },
        "2014-01": {
            "month": "2014-01",
            "price": "30.22",
            "revenue": 594535
        },
        "2014-02": {
            "month": "2014-02",
            "price": "29.90",
            "revenue": 554317
        },
        "2014-03": {
            "month": "2014-03",
            "price": "36.49",
            "revenue": 675557
        },
        "2014-04": {
            "month": "2014-04",
            "price": "35.26",
            "revenue": 657441
        },
        "2014-05": {
            "month": "2014-05",
            "price": "34.75",
            "revenue": 705422
        },
        "2014-06": {
            "month": "2014-06",
            "price": "37.36",
            "revenue": 672015
        },
        "2014-07": {
            "month": "2014-07",
            "price": "35.09",
            "revenue": 730220
        },
        "2014-08": {
            "month": "2014-08",
            "price": "37.38",
            "revenue": 648417
        },
        "2014-09": {
            "month": "2014-09",
            "price": "37.99",
            "revenue": 617269
        },
        "2014-10": {
            "month": "2014-10",
            "price": "30.32",
            "revenue": 602560
        },
        "2014-11": {
            "month": "2014-11",
            "price": "27.78",
            "revenue": 595780
        },
        "2014-12": {
            "month": "2014-12",
            "price": "31.16",
            "revenue": 611203
        },
        "2015-01": {
            "month": "2015-01",
            "price": "33.09",
            "revenue": 584922
        },
        "2015-02": {
            "month": "2015-02",
            "price": "33.42",
            "revenue": 518393
        },
        "2015-03": {
            "month": "2015-03",
            "price": "34.31",
            "revenue": 689631
        },
        "2015-04": {
            "month": "2015-04",
            "price": "33.56",
            "revenue": 648703
        },
        "2015-05": {
            "month": "2015-05",
            "price": "30.57",
            "revenue": 636012
        },
        "2015-06": {
            "month": "2015-06",
            "price": "29.72",
            "revenue": 648443
        },
        "2015-07": {
            "month": "2015-07",
            "price": "28.80",
            "revenue": 657611
        },
        "2015-08": {
            "month": "2015-08",
            "price": "23.60",
            "revenue": 652385
        },
        "2015-09": {
            "month": "2015-09",
            "price": "22.83",
            "revenue": 648001
        },
        "2015-10": {
            "month": "2015-10",
            "price": "25.73",
            "revenue": 733170
        },
        "2015-11": {
            "month": "2015-11",
            "price": "31.31",
            "revenue": 651261
        },
        "2015-12": {
            "month": "2015-12",
            "price": "32.91",
            "revenue": 655248
        },
        "2016-01": {
            "month": "2016-01",
            "price": "32.04",
            "revenue": 638026
        },
        "2016-02": {
            "month": "2016-02",
            "price": "34.31",
            "revenue": 583658
        },
        "2016-03": {
            "month": "2016-03",
            "price": "40.99",
            "revenue": 737309
        },
        "2016-04": {
            "month": "2016-04",
            "price": "41.25",
            "revenue": 737100
        },
        "2016-05": {
            "month": "2016-05",
            "price": "38.55",
            "revenue": 744622
        },
        "2016-06": {
            "month": "2016-06",
            "price": "37.58",
            "revenue": 730536
        },
        "2016-07": {
            "month": "2016-07",
            "price": "38.09",
            "revenue": 698147
        },
        "2016-08": {
            "month": "2016-08",
            "price": "36.84",
            "revenue": 746102
        },
        "2016-09": {
            "month": "2016-09",
            "price": "36.39",
            "revenue": 768182
        },
        "2016-10": {
            "month": "2016-10",
            "price": "36.58",
            "revenue": 761141
        },
        "2016-11": {
            "month": "2016-11",
            "price": "33.02",
            "revenue": 787614
        },
        "2016-12": {
            "month": "2016-12",
            "price": "34.26",
            "revenue": 777286
        },
        "2017-01": {
            "month": "2017-01",
            "price": "35.75",
            "revenue": 654987
        },
        "2017-02": {
            "month": "2017-02",
            "price": "37.76",
            "revenue": 658219
        },
        "2017-03": {
            "month": "2017-03",
            "price": "37.13",
            "revenue": 796817
        },
        "2017-04": {
            "month": "2017-04",
            "price": "37.22",
            "revenue": 713912
        },
        "2017-05": {
            "month": "2017-05",
            "price": "41.02",
            "revenue": 715812
        },
        "2017-06": {
            "month": "2017-06",
            "price": "42.85",
            "revenue": 734810
        },
        "2017-07": {
            "month": "2017-07",
            "price": "41.71",
            "revenue": 746779
        },
        "2017-08": {
            "month": "2017-08",
            "price": "41.89",
            "revenue": 805194
        },
        "2017-09": {
            "month": "2017-09",
            "price": "47.64",
            "revenue": 779945
        },
        "2017-10": {
            "month": "2017-10",
            "price": "64.75",
            "revenue": 766711
        },
        "2017-11": {
            "month": "2017-11",
            "price": "70.24",
            "revenue": 849611
        },
        "2017-12": {
            "month": "2017-12",
            "price": "67.32",
            "revenue": 761834
        },
        "2018-01": {
            "month": "2018-01",
            "price": "72.77",
            "revenue": 756043
        },
        "2018-02": {
            "month": "2018-02",
            "price": "66.05",
            "revenue": 606162
        },
        "2018-03": {
            "month": "2018-03",
            "price": "79.10",
            "revenue": 856955
        },
        "2018-04": {
            "month": "2018-04",
            "price": "74.81",
            "revenue": 820655
        },
        "2018-05": {
            "month": "2018-05",
            "price": "74.97",
            "revenue": 821446
        },
        "2018-06": {
            "month": "2018-06",
            "price": "84.34",
            "revenue": 828237
        },
        "2018-07": {
            "month": "2018-07",
            "price": "86.29",
            "revenue": 835957
        },
        "2018-08": {
            "month": "2018-08",
            "price": "74.15",
            "revenue": 827570
        },
        "2018-09": {
            "month": "2018-09",
            "price": "65.31",
            "revenue": 814113
        },
        "2018-10": {
            "month": "2018-10",
            "price": "47.79",
            "revenue": 852530
        },
        "2018-11": {
            "month": "2018-11",
            "price": "51.01",
            "revenue": 825035
        },
        "2018-12": {
            "month": "2018-12",
            "price": "52.22",
            "revenue": 765372
        },
        "2019-01": {
            "month": "2019-01",
            "price": "54.11",
            "revenue": 785566
        },
        "2019-02": {
            "month": "2019-02",
            "price": "57.95",
            "revenue": 739489
        },
        "2019-03": {
            "month": "2019-03",
            "price": "54.24",
            "revenue": 983190
        },
        "2019-04": {
            "month": "2019-04",
            "price": "57.07",
            "revenue": 858112
        },
        "2019-05": {
            "month": "2019-05",
            "price": "49.82",
            "revenue": 923551
        },
        "2019-06": {
            "month": "2019-06",
            "price": "45.32",
            "revenue": 863259
        },
        "2019-07": {
            "month": "2019-07",
            "price": "51.25",
            "revenue": 876644
        },
        "2019-08": {
            "month": "2019-08",
            "price": "45.58",
            "revenue": 890012
        },
        "2019-09": {
            "month": "2019-09",
            "price": "46.50",
            "revenue": 882450
        },
        "2019-10": {
            "month": "2019-10",
            "price": "47.25",
            "revenue": 902403
        },
        "2019-11": {
            "month": "2019-11",
            "price": "49.67",
            "revenue": 927707
        },
        "2019-12": {
            "month": "2019-12",
            "price": "52.23",
            "revenue": 874572
        },
        "2020-01": {
            "month": "2020-01",
            "price": "50.74",
            "revenue": 785128
        },
        "2020-02": {
            "month": "2020-02",
            "price": "45.84",
            "revenue": 702102
        },
        "2020-03": {
            "month": "2020-03",
            "price": "36.52",
            "revenue": 891411
        },
        "2020-04": {
            "month": "2020-04",
            "price": "35.36",
            "revenue": 863299
        },
        "2020-05": {
            "month": "2020-05",
            "price": "37.95",
            "revenue": 726585
        },
        "2020-06": {
            "month": "2020-06",
            "price": "41.50",
            "revenue": 801514
        },
        "2020-07": {
            "month": "2020-07",
            "price": "39.75",
            "revenue": 847335
        },
        "2020-08": {
            "month": "2020-08",
            "price": "36.98",
            "revenue": 865827
        },
        "2020-09": {
            "month": "2020-09",
            "price": "40.63",
            "revenue": 934983
        },
        "2020-10": {
            "month": "2020-10",
            "price": "44.34",
            "revenue": 930825
        },
        "2020-11": {
            "month": "2020-11",
            "price": "50.18",
            "revenue": 921169
        },
        "2020-12": {
            "month": "2020-12",
            "price": "56.75",
            "revenue": 1089743
        },
        "2021-01": {
            "month": "2021-01",
            "price": "56.44",
            "revenue": 980738
        },
        "2021-02": {
            "month": "2021-02",
            "price": "56.12",
            "revenue": 821612
        },
        "2021-03": {
            "month": "2021-03",
            "price": "56.73",
            "revenue": 1093159
        },
        "2021-04": {
            "month": "2021-04",
            "price": "56.47",
            "revenue": 1096440
        },
        "2021-05": {
            "month": "2021-05",
            "price": "46.27",
            "revenue": 1053915
        },
        "2021-06": {
            "month": "2021-06",
            "price": "54.33",
            "revenue": 1093908
        },
        "2021-07": {
            "month": "2021-07",
            "price": "82.87",
            "revenue": 1096042
        },
        "2021-08": {
            "month": "2021-08",
            "price": "77.15",
            "revenue": 1109826
        },
        "2021-09": {
            "month": "2021-09",
            "price": "65.90",
            "revenue": 1234547
        },
        "2021-10": {
            "month": "2021-10",
            "price": "69.96",
            "revenue": 1139555
        },
        "2021-11": {
            "month": "2021-11",
            "price": "81.51",
            "revenue": 1171098
        },
        "2021-12": {
            "month": "2021-12",
            "price": "77.83",
            "revenue": 1263220
        },
        "2022-01": {
            "month": "2022-01",
            "price": "71.41",
            "revenue": 1305454
        },
        "2022-02": {
            "month": "2022-02",
            "price": "72.31",
            "revenue": 1078097
        },
        "2022-03": {
            "month": "2022-03",
            "price": "76.09",
            "revenue": 1363703
        },
        "2022-04": {
            "month": "2022-04",
            "price": "81.39",
            "revenue": 1253674
        },
        "2022-05": {
            "month": "2022-05",
            "price": "83.01",
            "revenue": 1306509
        },
        "2022-06": {
            "month": "2022-06",
            "price": "83.52",
            "revenue": 1388402
        },
        "2022-07": {
            "month": "2022-07",
            "price": "73.93",
            "revenue": 1366747
        },
        "2022-08": {
            "month": "2022-08",
            "price": "83.39",
            "revenue": 1353862
        },
        "2022-09": {
            "month": "2022-09",
            "price": "87.26",
            "revenue": 1341531
        },
        "2022-10": {
            "month": "2022-10",
            "price": "73.80",
            "revenue": 1386226
        },
        "2022-11": {
            "month": "2022-11",
            "price": "77.55",
            "revenue": 1321593
        },
        "2022-12": {
            "month": "2022-12",
            "price": "78.40",
            "revenue": 1296974
        },
        "2023-01": {
            "month": "2023-01",
            "price": "79.35",
            "revenue": 1201461
        },
        "2023-02": {
            "month": "2023-02",
            "price": "90.98",
            "revenue": 1124938
        },
        "2023-03": {
            "month": "2023-03",
            "price": "105.13",
            "revenue": 1299009
        },
        "2023-04": {
            "month": "2023-04",
            "price": "100.84",
            "revenue": 1128440
        }
    }
}
