{
    "summary": {
        "stock_name": "振發",
        "stock_id": "5426",
        "category": "電腦及週邊設備",
        "main_business": "視訊解碼器外殼及其零組件<br>衛星碟型天線外殼及其零組件<br>磁碟陣列機殼等工業電腦外殼及其零組件",
        "website_url": "http://www.chengfwa.com.tw",
        "ceo": "蔡宗勳",
        "pe_ratio": 12,
        "report_year_from": 2001,
        "report_year_to": 2023,
        "age": 22,
        "eps_negative_percentage": 13,
        "eps_growth_avg": {
            "last_all": 5.42,
            "last_2y": null,
            "last_4y": 0,
            "last_8y": -8.53,
            "last_12y": -6.59,
            "last_16y": 3.06,
            "last_20y": 5.42,
            "at_2006_last_3y": 61.9,
            "at_2007_last_3y": 38.25,
            "at_2008_last_3y": 50.32,
            "at_2009_last_3y": 27.19,
            "at_2010_last_3y": -9.94,
            "at_2011_last_3y": -18.74,
            "at_2012_last_3y": -0.6,
            "at_2013_last_3y": -3.68,
            "at_2014_last_3y": 14.43,
            "at_2015_last_3y": 9.99,
            "at_2016_last_3y": 8.99,
            "at_2017_last_3y": -12.8,
            "at_2018_last_3y": 6.22,
            "at_2019_last_3y": -6.88,
            "at_2020_last_3y": -30.67,
            "at_2021_last_3y": 0,
            "at_2022_last_3y": -100,
            "at_2023_last_3y": -100,
            "at_2006_last_all": 30.95,
            "at_2007_last_all": 26.69,
            "at_2008_last_all": 22.29,
            "at_2009_last_all": 20.44,
            "at_2010_last_all": 12.78,
            "at_2011_last_all": 8.52,
            "at_2012_last_all": 13.97,
            "at_2013_last_all": 12.4,
            "at_2014_last_all": 13.29,
            "at_2015_last_all": 8.94,
            "at_2016_last_all": 12.64,
            "at_2017_last_all": 6.1,
            "at_2018_last_all": 11.62,
            "at_2019_last_all": 5.42,
            "at_2020_last_all": 5.42,
            "at_2021_last_all": 5.42,
            "at_2022_last_all": 5.42,
            "at_2023_last_all": 5.42
        },
        "latest_eps": 1.06,
        "latest_price": 12.25,
        "latest_roe": 7.64,
        "latest_gross_margin": 13.03,
        "latest_equity": 2103588,
        "latest_revenue": 375066,
        "latest_gross_profit": 48864,
        "latest_net_income": -69,
        "latest_debt_ratio": 26.76,
        "latest_current_ratio": 269.01,
        "latest_account_receivable_turnover_ratio": 0.65,
        "latest_inventory_turnover_ratio": 1.11,
        "latest_reinvestment_rate": -1648.14,
        "latest_research_to_sale_ratio": 2.64
    },
    "eps_dividends": {
        "1999": {
            "cash": 0,
            "stock": 5,
            "eps": 0
        },
        "2000": {
            "cash": 0,
            "stock": 3.7,
            "eps": 0
        },
        "2001": {
            "cash": 0,
            "stock": 3,
            "eps": 2.38
        },
        "2002": {
            "cash": 0,
            "stock": 1.45,
            "eps": 0.17
        },
        "2003": {
            "cash": 0,
            "stock": 0,
            "eps": 0.42
        },
        "2004": {
            "cash": 0,
            "stock": 0,
            "eps": 0.2
        },
        "2005": {
            "cash": 0.33,
            "stock": 1,
            "eps": 0.85
        },
        "2006": {
            "cash": 0,
            "stock": 0,
            "eps": 1.86
        },
        "2007": {
            "cash": 1.93,
            "stock": 0.2,
            "eps": 1.96
        },
        "2008": {
            "cash": 0,
            "stock": 0,
            "eps": 1.88
        },
        "2009": {
            "cash": 1.65,
            "stock": 0,
            "eps": 2.02
        },
        "2010": {
            "cash": 1.73,
            "stock": 0,
            "eps": 1.04
        },
        "2011": {
            "cash": 0.9,
            "stock": 0,
            "eps": 0.73
        },
        "2012": {
            "cash": 0.64,
            "stock": 0,
            "eps": 1.23
        },
        "2013": {
            "cash": 1,
            "stock": 0,
            "eps": 1.17
        },
        "2014": {
            "cash": 1,
            "stock": 0,
            "eps": 1.45
        },
        "2015": {
            "cash": 1,
            "stock": 0,
            "eps": 0.76
        },
        "2016": {
            "cash": 0.6,
            "stock": 0,
            "eps": 1.25
        },
        "2017": {
            "cash": 1,
            "stock": 0,
            "eps": 0.1
        },
        "2018": {
            "cash": 0,
            "stock": 0,
            "eps": 0.95
        },
        "2019": {
            "cash": 1,
            "stock": 0,
            "eps": -0.16
        },
        "2020": {
            "cash": 0,
            "stock": 0,
            "eps": -0.26
        },
        "2021": {
            "cash": 0,
            "stock": 0,
            "eps": -0.62
        },
        "2022": {
            "cash": 0,
            "stock": 0,
            "eps": 1.13
        },
        "2023": {
            "cash": 0.2,
            "stock": 0,
            "eps": 0
        }
    },
    "dividends": {
        "1999-05-06": {
            "cash": 0,
            "stock": 5
        },
        "2000-06-09": {
            "cash": 0,
            "stock": 3.7
        },
        "2001-04-24": {
            "cash": 0,
            "stock": 3
        },
        "2002-06-28": {
            "cash": 0,
            "stock": 1.45
        },
        "2005-04-07": {
            "cash": 0.33,
            "stock": 1
        },
        "2007-06-15": {
            "cash": 1.93,
            "stock": 0.2
        },
        "2009-04-28": {
            "cash": 1.65,
            "stock": 0
        },
        "2010-06-18": {
            "cash": 1.73,
            "stock": 0
        },
        "2011-06-17": {
            "cash": 0.9,
            "stock": 0
        },
        "2012-06-19": {
            "cash": 0.64,
            "stock": 0
        },
        "2013-06-13": {
            "cash": 1,
            "stock": 0
        },
        "2014-08-29": {
            "cash": 1,
            "stock": 0
        },
        "2015-08-31": {
            "cash": 1,
            "stock": 0
        },
        "2016-08-30": {
            "cash": 0.6,
            "stock": 0
        },
        "2017-08-30": {
            "cash": 1,
            "stock": 0
        },
        "2019-08-30": {
            "cash": 1,
            "stock": 0
        },
        "2023-03-22": {
            "cash": 0.2,
            "stock": 0
        }
    },
    "prices": {
        "200101": "40.12",
        "200102": "57.66",
        "200103": "63.70",
        "200104": "61.22",
        "200105": "49.93",
        "200106": "43.19",
        "200107": "29.61",
        "200108": "28.36",
        "200109": "20.64",
        "200110": "17.92",
        "200111": "21.78",
        "200112": "25.06",
        "200201": "25.79",
        "200202": "24.95",
        "200203": "23.36",
        "200204": "23.58",
        "200205": "19.35",
        "200206": "19.18",
        "200207": "15.78",
        "200208": "14.17",
        "200209": "11.65",
        "200210": "9.51",
        "200211": "9.52",
        "200212": "9.41",
        "200301": "9.87",
        "200302": "9.29",
        "200303": "9.49",
        "200304": "9.92",
        "200305": "9.18",
        "200306": "10.26",
        "200307": "10.59",
        "200308": "9.16",
        "200309": "8.86",
        "200310": "8.77",
        "200311": "8.70",
        "200312": "9.27",
        "200401": "9.78",
        "200402": "11.08",
        "200403": "10.60",
        "200404": "10.59",
        "200405": "9.38",
        "200406": "9.27",
        "200407": "8.78",
        "200408": "8.11",
        "200409": "6.83",
        "200410": "7.12",
        "200411": "6.92",
        "200412": "6.84",
        "200501": "6.83",
        "200502": "7.55",
        "200503": "9.20",
        "200504": "9.54",
        "200505": "9.27",
        "200506": "11.46",
        "200507": "12.17",
        "200508": "11.38",
        "200509": "10.35",
        "200510": "9.89",
        "200511": "8.55",
        "200512": "9.85",
        "200601": "10.06",
        "200602": "9.62",
        "200603": "9.24",
        "200604": "9.57",
        "200605": "11.29",
        "200606": "10.06",
        "200607": "10.13",
        "200608": "10.25",
        "200609": "10.84",
        "200610": "12.43",
        "200611": "13.61",
        "200612": "17.50",
        "200701": "21.98",
        "200702": "21.01",
        "200703": "21.77",
        "200704": "22.68",
        "200705": "21.67",
        "200706": "23.19",
        "200707": "25.05",
        "200708": "22.80",
        "200709": "23.09",
        "200710": "22.24",
        "200711": "20.18",
        "200712": "15.68",
        "200801": "14.21",
        "200802": "14.02",
        "200803": "14.64",
        "200804": "15.44",
        "200805": "17.13",
        "200806": "16.75",
        "200807": "15.43",
        "200808": "15.83",
        "200809": "12.72",
        "200810": "11.44",
        "200811": "10.34",
        "200812": "10.08",
        "200901": "10.04",
        "200902": "10.14",
        "200903": "11.31",
        "200904": "12.87",
        "200905": "16.71",
        "200906": "16.76",
        "200907": "16.52",
        "200908": "15.12",
        "200909": "16.53",
        "200910": "17.26",
        "200911": "18.31",
        "200912": "20.19",
        "201001": "20.48",
        "201002": "18.41",
        "201003": "19.03",
        "201004": "19.48",
        "201005": "18.60",
        "201006": "18.82",
        "201007": "18.86",
        "201008": "17.62",
        "201009": "16.23",
        "201010": "15.68",
        "201011": "14.88",
        "201012": "15.33",
        "201101": "15.20",
        "201102": "14.98",
        "201103": "15.98",
        "201104": "17.62",
        "201105": "16.05",
        "201106": "14.85",
        "201107": "13.46",
        "201108": "11.34",
        "201109": "10.79",
        "201110": "11.00",
        "201111": "10.97",
        "201112": "10.63",
        "201201": "10.77",
        "201202": "11.52",
        "201203": "11.87",
        "201204": "11.50",
        "201205": "11.52",
        "201206": "11.54",
        "201207": "11.79",
        "201208": "11.88",
        "201209": "12.67",
        "201210": "12.52",
        "201211": "12.29",
        "201212": "12.38",
        "201301": "12.79",
        "201302": "13.15",
        "201303": "12.93",
        "201304": "13.23",
        "201305": "13.95",
        "201306": "14.28",
        "201307": "13.97",
        "201308": "12.88",
        "201309": "12.84",
        "201310": "13.02",
        "201311": "13.18",
        "201312": "13.85",
        "201401": "14.59",
        "201402": "15.61",
        "201403": "15.62",
        "201404": "15.45",
        "201405": "15.50",
        "201406": "16.60",
        "201407": "17.12",
        "201408": "15.37",
        "201409": "15.48",
        "201410": "15.05",
        "201411": "15.12",
        "201412": "15.45",
        "201501": "15.25",
        "201502": "15.22",
        "201503": "16.22",
        "201504": "16.47",
        "201505": "15.26",
        "201506": "13.97",
        "201507": "12.76",
        "201508": "10.88",
        "201509": "10.51",
        "201510": "10.91",
        "201511": "10.92",
        "201512": "10.68",
        "201601": "10.52",
        "201602": "10.65",
        "201603": "11.09",
        "201604": "11.00",
        "201605": "11.13",
        "201606": "12.28",
        "201607": "12.88",
        "201608": "13.43",
        "201609": "12.79",
        "201610": "12.80",
        "201611": "12.86",
        "201612": "12.48",
        "201701": "12.32",
        "201702": "12.67",
        "201703": "12.93",
        "201704": "13.12",
        "201705": "12.98",
        "201706": "13.00",
        "201707": "13.20",
        "201708": "12.86",
        "201709": "14.80",
        "201710": "16.47",
        "201711": "17.11",
        "201712": "15.99",
        "201801": "17.47",
        "201802": "16.96",
        "201803": "16.75",
        "201804": "13.81",
        "201805": "13.59",
        "201806": "14.30",
        "201807": "13.45",
        "201808": "13.31",
        "201809": "13.17",
        "201810": "12.95",
        "201811": "12.57",
        "201812": "13.37",
        "201901": "13.98",
        "201902": "13.55",
        "201903": "13.74",
        "201904": "13.71",
        "201905": "13.52",
        "201906": "13.44",
        "201907": "13.48",
        "201908": "11.90",
        "201909": "11.86",
        "201910": "12.09",
        "201911": "12.13",
        "201912": "11.90",
        "202001": "11.67",
        "202002": "11.15",
        "202003": "10.03",
        "202004": "9.58",
        "202005": "10.09",
        "202006": "10.47",
        "202007": "10.85",
        "202008": "10.85",
        "202009": "10.91",
        "202010": "10.52",
        "202011": "10.41",
        "202012": "10.64",
        "202101": "10.62",
        "202102": "10.54",
        "202103": "11.10",
        "202104": "11.71",
        "202105": "10.55",
        "202106": "10.27",
        "202107": "10.33",
        "202108": "10.29",
        "202109": "10.18",
        "202110": "10.97",
        "202111": "12.07",
        "202112": "12.24",
        "202201": "11.81",
        "202202": "11.52",
        "202203": "11.16",
        "202204": "10.57",
        "202205": "10.35",
        "202206": "11.39",
        "202207": "11.93",
        "202208": "14.01",
        "202209": "14.73",
        "202210": "13.41",
        "202211": "13.82",
        "202212": "13.98",
        "202301": "13.39",
        "202302": "13.42",
        "202303": "13.22",
        "202304": "12.86",
        "202305": "11.93"
    },
    "quarters": {
        "20011": {
            "year_quarter": 20011,
            "year": 2001,
            "quarter": 1,
            "eps": 1.14,
            "eps_growth_year": 86.89,
            "eps_4q": 4.22,
            "eps_4q_growth_year": 30.22,
            "roe": 7.09,
            "roe_4q": 7.09,
            "gross_profit": 104472,
            "gross_margin": 29.37,
            "gross_margin_4q_avg": 29.37,
            "net_income": 72723,
            "revenue": 355740,
            "common_shares": 638000,
            "book_valuer_per_share": 16.91,
            "book_valuer_per_share_4q_avg": 16.91,
            "equity": 1079050,
            "current_ratio": 106.18,
            "debt_ratio": 45.91,
            "inventory_turnover_ratio": 3.29,
            "account_receivable_turnover_ratio": null,
            "reinvestment_rate": null,
            "research_to_sale_ratio": null,
            "price_fair": 0,
            "eps_avg_yearly": 0,
            "eps_latest_yearly": 0,
            "eps_growth_yearly": 0
        },
        "20012": {
            "year_quarter": 20012,
            "year": 2001,
            "quarter": 2,
            "eps": 0.66,
            "eps_growth_year": -45,
            "eps_4q": 3.21,
            "eps_4q_growth_year": -6.01,
            "roe": 5.02,
            "roe_4q": 12.11,
            "gross_profit": 91111,
            "gross_margin": 27.73,
            "gross_margin_4q_avg": 28.55,
            "net_income": 55664,
            "revenue": 328571,
            "common_shares": 638000,
            "book_valuer_per_share": 17.85,
            "book_valuer_per_share_4q_avg": 17.38,
            "equity": 1138704,
            "current_ratio": 102.76,
            "debt_ratio": 42.53,
            "inventory_turnover_ratio": 3.03,
            "account_receivable_turnover_ratio": null,
            "reinvestment_rate": null,
            "research_to_sale_ratio": null,
            "price_fair": 0,
            "eps_avg_yearly": 0,
            "eps_latest_yearly": 0,
            "eps_growth_yearly": 0
        },
        "20013": {
            "year_quarter": 20013,
            "year": 2001,
            "quarter": 3,
            "eps": 0.46,
            "eps_growth_year": -55.34,
            "eps_4q": 2.85,
            "eps_4q_growth_year": -12.42,
            "roe": 3.39,
            "roe_4q": 15.5,
            "gross_profit": 102432,
            "gross_margin": 37,
            "gross_margin_4q_avg": 31.37,
            "net_income": 39358,
            "revenue": 276870,
            "common_shares": 848000,
            "book_valuer_per_share": 13.92,
            "book_valuer_per_share_4q_avg": 16.23,
            "equity": 1180320,
            "current_ratio": 114.53,
            "debt_ratio": 35.13,
            "inventory_turnover_ratio": 2.35,
            "account_receivable_turnover_ratio": null,
            "reinvestment_rate": null,
            "research_to_sale_ratio": null,
            "price_fair": 0,
            "eps_avg_yearly": 0,
            "eps_latest_yearly": 0,
            "eps_growth_yearly": 0
        },
        "20014": {
            "year_quarter": 20014,
            "year": 2001,
            "quarter": 4,
            "eps": 0.12,
            "eps_growth_year": -89.92,
            "eps_4q": 2.03,
            "eps_4q_growth_year": -42.1,
            "roe": 0.89,
            "roe_4q": 16.39,
            "gross_profit": 29342,
            "gross_margin": 13.33,
            "gross_margin_4q_avg": 26.86,
            "net_income": 10517,
            "revenue": 220148,
            "common_shares": 848000,
            "book_valuer_per_share": 14.05,
            "book_valuer_per_share_4q_avg": 15.68,
            "equity": 1191827,
            "current_ratio": 116.97,
            "debt_ratio": 31.44,
            "inventory_turnover_ratio": 3.19,
            "account_receivable_turnover_ratio": null,
            "reinvestment_rate": null,
            "research_to_sale_ratio": null,
            "price_fair": 0,
            "eps_avg_yearly": 0,
            "eps_latest_yearly": 0,
            "eps_growth_yearly": 0
        },
        "20021": {
            "year_quarter": 20021,
            "year": 2002,
            "quarter": 1,
            "eps": 0.21,
            "eps_growth_year": -81.58,
            "eps_4q": 1.48,
            "eps_4q_growth_year": -64.94,
            "roe": 1.45,
            "roe_4q": 10.75,
            "gross_profit": 51957,
            "gross_margin": 25.41,
            "gross_margin_4q_avg": 25.87,
            "net_income": 17436,
            "revenue": 204441,
            "common_shares": 848000,
            "book_valuer_per_share": 14.29,
            "book_valuer_per_share_4q_avg": 15.03,
            "equity": 1211800,
            "current_ratio": 135.48,
            "debt_ratio": 32.2,
            "inventory_turnover_ratio": 4.06,
            "account_receivable_turnover_ratio": null,
            "reinvestment_rate": null,
            "research_to_sale_ratio": null,
            "price_fair": 29.4,
            "eps_avg_yearly": 0.84,
            "eps_latest_yearly": 0.84,
            "eps_growth_yearly": 300
        },
        "20022": {
            "year_quarter": 20022,
            "year": 2002,
            "quarter": 2,
            "eps": 0.15,
            "eps_growth_year": -77.27,
            "eps_4q": 0.9,
            "eps_4q_growth_year": -71.9,
            "roe": 0.99,
            "roe_4q": 6.720000000000001,
            "gross_profit": 71059,
            "gross_margin": 27.87,
            "gross_margin_4q_avg": 25.9,
            "net_income": 13442,
            "revenue": 255003,
            "common_shares": 990180,
            "book_valuer_per_share": 15.28,
            "book_valuer_per_share_4q_avg": 14.39,
            "equity": 1512502,
            "current_ratio": 173.7,
            "debt_ratio": 32.93,
            "inventory_turnover_ratio": 5.34,
            "account_receivable_turnover_ratio": null,
            "reinvestment_rate": null,
            "research_to_sale_ratio": null,
            "price_fair": 25.2,
            "eps_avg_yearly": 0.72,
            "eps_latest_yearly": 0.6,
            "eps_growth_yearly": 92.86
        },
        "20023": {
            "year_quarter": 20023,
            "year": 2002,
            "quarter": 3,
            "eps": -0.23,
            "eps_growth_year": -150,
            "eps_4q": 0.14,
            "eps_4q_growth_year": -95.12,
            "roe": -1.69,
            "roe_4q": 1.6400000000000001,
            "gross_profit": 28828,
            "gross_margin": 12.45,
            "gross_margin_4q_avg": 19.77,
            "net_income": -25451,
            "revenue": 231579,
            "common_shares": 1147180,
            "book_valuer_per_share": 13.07,
            "book_valuer_per_share_4q_avg": 14.17,
            "equity": 1498850,
            "current_ratio": 132.72,
            "debt_ratio": 40.5,
            "inventory_turnover_ratio": 5.3,
            "account_receivable_turnover_ratio": null,
            "reinvestment_rate": null,
            "research_to_sale_ratio": null,
            "price_fair": 25.2,
            "eps_avg_yearly": 0.72,
            "eps_latest_yearly": 0.6,
            "eps_growth_yearly": 92.86
        },
        "20024": {
            "year_quarter": 20024,
            "year": 2002,
            "quarter": 4,
            "eps": 0.04,
            "eps_growth_year": -66.67,
            "eps_4q": 0.09,
            "eps_4q_growth_year": -95.6,
            "roe": 0.29,
            "roe_4q": 1.04,
            "gross_profit": 41845,
            "gross_margin": 16.76,
            "gross_margin_4q_avg": 20.62,
            "net_income": 4390,
            "revenue": 249698,
            "common_shares": 1147180,
            "book_valuer_per_share": 12.98,
            "book_valuer_per_share_4q_avg": 13.91,
            "equity": 1489377,
            "current_ratio": 133.07,
            "debt_ratio": 41.15,
            "inventory_turnover_ratio": 3.82,
            "account_receivable_turnover_ratio": null,
            "reinvestment_rate": 75.04,
            "research_to_sale_ratio": null,
            "price_fair": 25.2,
            "eps_avg_yearly": 0.72,
            "eps_latest_yearly": 0.6,
            "eps_growth_yearly": 92.86
        },
        "20031": {
            "year_quarter": 20031,
            "year": 2003,
            "quarter": 1,
            "eps": -0.04,
            "eps_growth_year": -119.05,
            "eps_4q": -0.1,
            "eps_4q_growth_year": -107.02,
            "roe": -0.33,
            "roe_4q": -0.74,
            "gross_profit": 28210,
            "gross_margin": 13.55,
            "gross_margin_4q_avg": 17.66,
            "net_income": -4766,
            "revenue": 208232,
            "common_shares": 1147180,
            "book_valuer_per_share": 12.35,
            "book_valuer_per_share_4q_avg": 13.42,
            "equity": 1416209,
            "current_ratio": 117.04,
            "debt_ratio": 41.54,
            "inventory_turnover_ratio": 2.93,
            "account_receivable_turnover_ratio": null,
            "reinvestment_rate": 35.41,
            "research_to_sale_ratio": null,
            "price_fair": 25.2,
            "eps_avg_yearly": 0.72,
            "eps_latest_yearly": 0.6,
            "eps_growth_yearly": 92.86
        },
        "20032": {
            "year_quarter": 20032,
            "year": 2003,
            "quarter": 2,
            "eps": 0.11,
            "eps_growth_year": -26.67,
            "eps_4q": -0.13,
            "eps_4q_growth_year": -114.15,
            "roe": 0.85,
            "roe_4q": -0.8799999999999999,
            "gross_profit": 20231,
            "gross_margin": 8.64,
            "gross_margin_4q_avg": 12.85,
            "net_income": 11963,
            "revenue": 234186,
            "common_shares": 1041750,
            "book_valuer_per_share": 13.36,
            "book_valuer_per_share_4q_avg": 12.94,
            "equity": 1391713,
            "current_ratio": 105.98,
            "debt_ratio": 31.54,
            "inventory_turnover_ratio": 4.23,
            "account_receivable_turnover_ratio": null,
            "reinvestment_rate": 32.6,
            "research_to_sale_ratio": null,
            "price_fair": 25.2,
            "eps_avg_yearly": 0.72,
            "eps_latest_yearly": 0.6,
            "eps_growth_yearly": 92.86
        },
        "20033": {
            "year_quarter": 20033,
            "year": 2003,
            "quarter": 3,
            "eps": -0.05,
            "eps_growth_year": null,
            "eps_4q": 0.06,
            "eps_4q_growth_year": -53.23,
            "roe": -0.35,
            "roe_4q": 0.45999999999999996,
            "gross_profit": 34416,
            "gross_margin": 14.31,
            "gross_margin_4q_avg": 13.32,
            "net_income": -4816,
            "revenue": 240448,
            "common_shares": 1041750,
            "book_valuer_per_share": 13.34,
            "book_valuer_per_share_4q_avg": 13.01,
            "equity": 1389664,
            "current_ratio": 107.42,
            "debt_ratio": 34.2,
            "inventory_turnover_ratio": 4.5,
            "account_receivable_turnover_ratio": null,
            "reinvestment_rate": 29.6,
            "research_to_sale_ratio": null,
            "price_fair": 25.2,
            "eps_avg_yearly": 0.72,
            "eps_latest_yearly": 0.6,
            "eps_growth_yearly": 92.86
        },
        "20034": {
            "year_quarter": 20034,
            "year": 2003,
            "quarter": 4,
            "eps": 0.4,
            "eps_growth_year": 900,
            "eps_4q": 0.42,
            "eps_4q_growth_year": 372.66,
            "roe": 2.97,
            "roe_4q": 3.14,
            "gross_profit": 51788,
            "gross_margin": 16.97,
            "gross_margin_4q_avg": 13.37,
            "net_income": 41793,
            "revenue": 305230,
            "common_shares": 1041750,
            "book_valuer_per_share": 13.69,
            "book_valuer_per_share_4q_avg": 13.19,
            "equity": 1426580,
            "current_ratio": 125.65,
            "debt_ratio": 39.76,
            "inventory_turnover_ratio": 5.02,
            "account_receivable_turnover_ratio": null,
            "reinvestment_rate": 95.72,
            "research_to_sale_ratio": null,
            "price_fair": 25.2,
            "eps_avg_yearly": 0.72,
            "eps_latest_yearly": 0.6,
            "eps_growth_yearly": 92.86
        },
        "20041": {
            "year_quarter": 20041,
            "year": 2004,
            "quarter": 1,
            "eps": 0.17,
            "eps_growth_year": null,
            "eps_4q": 0.65,
            "eps_4q_growth_year": null,
            "roe": 1.22,
            "roe_4q": 4.69,
            "gross_profit": 29957,
            "gross_margin": 13.8,
            "gross_margin_4q_avg": 13.43,
            "net_income": 17363,
            "revenue": 217054,
            "common_shares": 1041750,
            "book_valuer_per_share": 13.71,
            "book_valuer_per_share_4q_avg": 13.53,
            "equity": 1428025,
            "current_ratio": 369.34,
            "debt_ratio": 33.06,
            "inventory_turnover_ratio": 3.49,
            "account_receivable_turnover_ratio": null,
            "reinvestment_rate": 29.45,
            "research_to_sale_ratio": null,
            "price_fair": 2.12,
            "eps_avg_yearly": 0.71,
            "eps_latest_yearly": 0.68,
            "eps_growth_yearly": -14.76
        },
        "20042": {
            "year_quarter": 20042,
            "year": 2004,
            "quarter": 2,
            "eps": -0.14,
            "eps_growth_year": -227.27,
            "eps_4q": 0.38,
            "eps_4q_growth_year": null,
            "roe": -1.04,
            "roe_4q": 2.8000000000000003,
            "gross_profit": 36998,
            "gross_margin": 13.72,
            "gross_margin_4q_avg": 14.7,
            "net_income": -14872,
            "revenue": 269728,
            "common_shares": 1041750,
            "book_valuer_per_share": 13.68,
            "book_valuer_per_share_4q_avg": 13.61,
            "equity": 1425225,
            "current_ratio": 260.12,
            "debt_ratio": 36.87,
            "inventory_turnover_ratio": 3.65,
            "account_receivable_turnover_ratio": null,
            "reinvestment_rate": 21.71,
            "research_to_sale_ratio": null,
            "price_fair": 2.12,
            "eps_avg_yearly": 0.71,
            "eps_latest_yearly": 0.68,
            "eps_growth_yearly": -14.76
        },
        "20043": {
            "year_quarter": 20043,
            "year": 2004,
            "quarter": 3,
            "eps": 0.28,
            "eps_growth_year": null,
            "eps_4q": 0.7,
            "eps_4q_growth_year": 984.67,
            "roe": 2.02,
            "roe_4q": 5.17,
            "gross_profit": 54959,
            "gross_margin": 15.03,
            "gross_margin_4q_avg": 14.88,
            "net_income": 29176,
            "revenue": 365698,
            "common_shares": 1041750,
            "book_valuer_per_share": 14,
            "book_valuer_per_share_4q_avg": 13.77,
            "equity": 1458006,
            "current_ratio": 217.25,
            "debt_ratio": 37.81,
            "inventory_turnover_ratio": 3.81,
            "account_receivable_turnover_ratio": null,
            "reinvestment_rate": 14.48,
            "research_to_sale_ratio": null,
            "price_fair": 2.12,
            "eps_avg_yearly": 0.71,
            "eps_latest_yearly": 0.68,
            "eps_growth_yearly": -14.76
        },
        "20044": {
            "year_quarter": 20044,
            "year": 2004,
            "quarter": 4,
            "eps": -0.11,
            "eps_growth_year": -127.5,
            "eps_4q": 0.19,
            "eps_4q_growth_year": -55.06,
            "roe": -0.82,
            "roe_4q": 1.3800000000000001,
            "gross_profit": 34064,
            "gross_margin": 9.64,
            "gross_margin_4q_avg": 13.05,
            "net_income": -11661,
            "revenue": 353209,
            "common_shares": 1041750,
            "book_valuer_per_share": 13.43,
            "book_valuer_per_share_4q_avg": 13.71,
            "equity": 1398746,
            "current_ratio": 232.34,
            "debt_ratio": 39.05,
            "inventory_turnover_ratio": 3.45,
            "account_receivable_turnover_ratio": null,
            "reinvestment_rate": 155.27,
            "research_to_sale_ratio": null,
            "price_fair": 2.12,
            "eps_avg_yearly": 0.71,
            "eps_latest_yearly": 0.68,
            "eps_growth_yearly": -14.76
        },
        "20051": {
            "year_quarter": 20051,
            "year": 2005,
            "quarter": 1,
            "eps": 0.24,
            "eps_growth_year": 41.18,
            "eps_4q": 0.27,
            "eps_4q_growth_year": -59.13,
            "roe": 1.72,
            "roe_4q": 1.88,
            "gross_profit": 51112,
            "gross_margin": 14.37,
            "gross_margin_4q_avg": 13.19,
            "net_income": 25070,
            "revenue": 355567,
            "common_shares": 1207000,
            "book_valuer_per_share": 12.52,
            "book_valuer_per_share_4q_avg": 13.41,
            "equity": 1511424,
            "current_ratio": 222.17,
            "debt_ratio": 34.57,
            "inventory_turnover_ratio": 3.53,
            "account_receivable_turnover_ratio": null,
            "reinvestment_rate": 14.89,
            "research_to_sale_ratio": null,
            "price_fair": 2.12,
            "eps_avg_yearly": 0.71,
            "eps_latest_yearly": 0.68,
            "eps_growth_yearly": -14.76
        },
        "20052": {
            "year_quarter": 20052,
            "year": 2005,
            "quarter": 2,
            "eps": 0.01,
            "eps_growth_year": null,
            "eps_4q": 0.35,
            "eps_4q_growth_year": -8.65,
            "roe": 0.06,
            "roe_4q": 2.98,
            "gross_profit": 81430,
            "gross_margin": 15.92,
            "gross_margin_4q_avg": 13.74,
            "net_income": 1000,
            "revenue": 511545,
            "common_shares": 1259375,
            "book_valuer_per_share": 13.04,
            "book_valuer_per_share_4q_avg": 13.25,
            "equity": 1642679,
            "current_ratio": 230.2,
            "debt_ratio": 27.08,
            "inventory_turnover_ratio": 5.04,
            "account_receivable_turnover_ratio": null,
            "reinvestment_rate": 8.8,
            "research_to_sale_ratio": null,
            "price_fair": 1.62,
            "eps_avg_yearly": 0.54,
            "eps_latest_yearly": 0.04,
            "eps_growth_yearly": -106.9
        },
        "20053": {
            "year_quarter": 20053,
            "year": 2005,
            "quarter": 3,
            "eps": 0.19,
            "eps_growth_year": -32.14,
            "eps_4q": 0.32,
            "eps_4q_growth_year": -54.89,
            "roe": 1.26,
            "roe_4q": 2.22,
            "gross_profit": 90013,
            "gross_margin": 18.96,
            "gross_margin_4q_avg": 14.72,
            "net_income": 21380,
            "revenue": 474842,
            "common_shares": 1322000,
            "book_valuer_per_share": 13.27,
            "book_valuer_per_share_4q_avg": 13.07,
            "equity": 1754789,
            "current_ratio": 279.67,
            "debt_ratio": 21.36,
            "inventory_turnover_ratio": 4.04,
            "account_receivable_turnover_ratio": null,
            "reinvestment_rate": 5.31,
            "research_to_sale_ratio": null,
            "price_fair": 20.44,
            "eps_avg_yearly": 0.58,
            "eps_latest_yearly": 0.76,
            "eps_growth_yearly": 1354.48
        },
        "20054": {
            "year_quarter": 20054,
            "year": 2005,
            "quarter": 4,
            "eps": 0.41,
            "eps_growth_year": null,
            "eps_4q": 0.8,
            "eps_4q_growth_year": 319.06,
            "roe": 2.81,
            "roe_4q": 5.85,
            "gross_profit": 90890,
            "gross_margin": 17.95,
            "gross_margin_4q_avg": 16.8,
            "net_income": 50373,
            "revenue": 506405,
            "common_shares": 1436922,
            "book_valuer_per_share": 12.6,
            "book_valuer_per_share_4q_avg": 12.86,
            "equity": 1824299,
            "current_ratio": 239.11,
            "debt_ratio": 26.76,
            "inventory_turnover_ratio": 4.09,
            "account_receivable_turnover_ratio": null,
            "reinvestment_rate": 74.4,
            "research_to_sale_ratio": null,
            "price_fair": 26.6,
            "eps_avg_yearly": 0.76,
            "eps_latest_yearly": 1.64,
            "eps_growth_yearly": 1205.92
        },
        "20061": {
            "year_quarter": 20061,
            "year": 2006,
            "quarter": 1,
            "eps": 0.34,
            "eps_growth_year": 41.67,
            "eps_4q": 0.87,
            "eps_4q_growth_year": 228.73,
            "roe": 2.52,
            "roe_4q": 6.6499999999999995,
            "gross_profit": 83254,
            "gross_margin": 18.68,
            "gross_margin_4q_avg": 17.88,
            "net_income": 46486,
            "revenue": 445637,
            "common_shares": 1437192,
            "book_valuer_per_share": 12.93,
            "book_valuer_per_share_4q_avg": 12.96,
            "equity": 1858416,
            "current_ratio": 282.36,
            "debt_ratio": 22.34,
            "inventory_turnover_ratio": 4.1,
            "account_receivable_turnover_ratio": null,
            "reinvestment_rate": 0.75,
            "research_to_sale_ratio": null,
            "price_fair": 29.63,
            "eps_avg_yearly": 0.85,
            "eps_latest_yearly": 1.36,
            "eps_growth_yearly": 1144.54
        },
        "20062": {
            "year_quarter": 20062,
            "year": 2006,
            "quarter": 2,
            "eps": 0.51,
            "eps_growth_year": 5000,
            "eps_4q": 1.38,
            "eps_4q_growth_year": 298.18,
            "roe": 3.67,
            "roe_4q": 10.26,
            "gross_profit": 86900,
            "gross_margin": 19.05,
            "gross_margin_4q_avg": 18.66,
            "net_income": 69468,
            "revenue": 456194,
            "common_shares": 1437192,
            "book_valuer_per_share": 13.4,
            "book_valuer_per_share_4q_avg": 13.05,
            "equity": 1926001,
            "current_ratio": 313.3,
            "debt_ratio": 21.01,
            "inventory_turnover_ratio": 5.25,
            "account_receivable_turnover_ratio": null,
            "reinvestment_rate": -35.32,
            "research_to_sale_ratio": null,
            "price_fair": 38.03,
            "eps_avg_yearly": 1.09,
            "eps_latest_yearly": 2.04,
            "eps_growth_yearly": 1196.92
        },
        "20063": {
            "year_quarter": 20063,
            "year": 2006,
            "quarter": 3,
            "eps": 0.45,
            "eps_growth_year": 136.84,
            "eps_4q": 1.68,
            "eps_4q_growth_year": 428.12,
            "roe": 3.1,
            "roe_4q": 12.1,
            "gross_profit": 91928,
            "gross_margin": 18.91,
            "gross_margin_4q_avg": 18.65,
            "net_income": 60867,
            "revenue": 486125,
            "common_shares": 1438274,
            "book_valuer_per_share": 13.92,
            "book_valuer_per_share_4q_avg": 13.21,
            "equity": 2002628,
            "current_ratio": 317.17,
            "debt_ratio": 21.08,
            "inventory_turnover_ratio": 4.48,
            "account_receivable_turnover_ratio": null,
            "reinvestment_rate": -27.66,
            "research_to_sale_ratio": null,
            "price_fair": 41.6,
            "eps_avg_yearly": 1.19,
            "eps_latest_yearly": 1.8,
            "eps_growth_yearly": 1019.21
        },
        "20064": {
            "year_quarter": 20064,
            "year": 2006,
            "quarter": 4,
            "eps": 0.56,
            "eps_growth_year": 36.59,
            "eps_4q": 1.87,
            "eps_4q_growth_year": 134.28,
            "roe": 3.67,
            "roe_4q": 12.959999999999999,
            "gross_profit": 92767,
            "gross_margin": 18.29,
            "gross_margin_4q_avg": 18.73,
            "net_income": 75857,
            "revenue": 507074,
            "common_shares": 1438273,
            "book_valuer_per_share": 14.6,
            "book_valuer_per_share_4q_avg": 13.71,
            "equity": 2135867,
            "current_ratio": 298.35,
            "debt_ratio": 24.43,
            "inventory_turnover_ratio": 3.36,
            "account_receivable_turnover_ratio": null,
            "reinvestment_rate": -11.85,
            "research_to_sale_ratio": null,
            "price_fair": 46.2,
            "eps_avg_yearly": 1.32,
            "eps_latest_yearly": 2.24,
            "eps_growth_yearly": 904.03
        },
        "20071": {
            "year_quarter": 20071,
            "year": 2007,
            "quarter": 1,
            "eps": 0.46,
            "eps_growth_year": 35.29,
            "eps_4q": 1.94,
            "eps_4q_growth_year": 122.37,
            "roe": 2.97,
            "roe_4q": 13.41,
            "gross_profit": 98778,
            "gross_margin": 17.85,
            "gross_margin_4q_avg": 18.53,
            "net_income": 64117,
            "revenue": 553322,
            "common_shares": 1459625,
            "book_valuer_per_share": 14.99,
            "book_valuer_per_share_4q_avg": 14.23,
            "equity": 2187997,
            "current_ratio": 288.28,
            "debt_ratio": 22.2,
            "inventory_turnover_ratio": 3.57,
            "account_receivable_turnover_ratio": null,
            "reinvestment_rate": -23.98,
            "research_to_sale_ratio": null,
            "price_fair": 48.22,
            "eps_avg_yearly": 1.38,
            "eps_latest_yearly": 1.84,
            "eps_growth_yearly": 795.65
        },
        "20072": {
            "year_quarter": 20072,
            "year": 2007,
            "quarter": 2,
            "eps": 0.52,
            "eps_growth_year": 1.96,
            "eps_4q": 1.93,
            "eps_4q_growth_year": 40.4,
            "roe": 3.53,
            "roe_4q": 13.27,
            "gross_profit": 99987,
            "gross_margin": 19.32,
            "gross_margin_4q_avg": 18.59,
            "net_income": 73820,
            "revenue": 517626,
            "common_shares": 1459625,
            "book_valuer_per_share": 13.66,
            "book_valuer_per_share_4q_avg": 14.29,
            "equity": 1994227,
            "current_ratio": 187.65,
            "debt_ratio": 31.08,
            "inventory_turnover_ratio": 3.47,
            "account_receivable_turnover_ratio": null,
            "reinvestment_rate": -16.58,
            "research_to_sale_ratio": null,
            "price_fair": 50.68,
            "eps_avg_yearly": 1.45,
            "eps_latest_yearly": 2.08,
            "eps_growth_yearly": 721.3
        },
        "20073": {
            "year_quarter": 20073,
            "year": 2007,
            "quarter": 3,
            "eps": 0.45,
            "eps_growth_year": 0,
            "eps_4q": 1.96,
            "eps_4q_growth_year": 16.55,
            "roe": 3.15,
            "roe_4q": 13.32,
            "gross_profit": 119085,
            "gross_margin": 20.37,
            "gross_margin_4q_avg": 18.96,
            "net_income": 63815,
            "revenue": 584709,
            "common_shares": 1459625,
            "book_valuer_per_share": 14.07,
            "book_valuer_per_share_4q_avg": 14.33,
            "equity": 2053624,
            "current_ratio": 205.18,
            "debt_ratio": 29.7,
            "inventory_turnover_ratio": 3.91,
            "account_receivable_turnover_ratio": null,
            "reinvestment_rate": -13.84,
            "research_to_sale_ratio": null,
            "price_fair": 51.8,
            "eps_avg_yearly": 1.48,
            "eps_latest_yearly": 1.8,
            "eps_growth_yearly": 650.83
        },
        "20074": {
            "year_quarter": 20074,
            "year": 2007,
            "quarter": 4,
            "eps": 0.53,
            "eps_growth_year": -5.36,
            "eps_4q": 1.92,
            "eps_4q_growth_year": 2.71,
            "roe": 3.69,
            "roe_4q": 13.34,
            "gross_profit": 103540,
            "gross_margin": 18.23,
            "gross_margin_4q_avg": 18.94,
            "net_income": 77157,
            "revenue": 567909,
            "common_shares": 1500000,
            "book_valuer_per_share": 14.07,
            "book_valuer_per_share_4q_avg": 14.2,
            "equity": 2131663,
            "current_ratio": 300.79,
            "debt_ratio": 24.21,
            "inventory_turnover_ratio": 4.12,
            "account_receivable_turnover_ratio": null,
            "reinvestment_rate": -9.85,
            "research_to_sale_ratio": null,
            "price_fair": 53.67,
            "eps_avg_yearly": 1.53,
            "eps_latest_yearly": 2.12,
            "eps_growth_yearly": 602.52
        },
        "20081": {
            "year_quarter": 20081,
            "year": 2008,
            "quarter": 1,
            "eps": 0.27,
            "eps_growth_year": -41.3,
            "eps_4q": 1.88,
            "eps_4q_growth_year": -2.83,
            "roe": 1.7,
            "roe_4q": 12.069999999999999,
            "gross_profit": 107138,
            "gross_margin": 17.75,
            "gross_margin_4q_avg": 18.92,
            "net_income": 36163,
            "revenue": 603447,
            "common_shares": 1500000,
            "book_valuer_per_share": 14.07,
            "book_valuer_per_share_4q_avg": 13.97,
            "equity": 2127946,
            "current_ratio": 280.66,
            "debt_ratio": 25.82,
            "inventory_turnover_ratio": 3.63,
            "account_receivable_turnover_ratio": null,
            "reinvestment_rate": 34.5,
            "research_to_sale_ratio": null,
            "price_fair": 54.83,
            "eps_avg_yearly": 1.57,
            "eps_latest_yearly": 1.08,
            "eps_growth_yearly": 605.34
        },
        "20082": {
            "year_quarter": 20082,
            "year": 2008,
            "quarter": 2,
            "eps": 0.59,
            "eps_growth_year": 13.46,
            "eps_4q": 1.54,
            "eps_4q_growth_year": -20.57,
            "roe": 4.88,
            "roe_4q": 13.42,
            "gross_profit": 151157,
            "gross_margin": 18.53,
            "gross_margin_4q_avg": 18.72,
            "net_income": 100722,
            "revenue": 815540,
            "common_shares": 1500000,
            "book_valuer_per_share": 13.23,
            "book_valuer_per_share_4q_avg": 13.86,
            "equity": 2001856,
            "current_ratio": 208.66,
            "debt_ratio": 33.77,
            "inventory_turnover_ratio": 4.15,
            "account_receivable_turnover_ratio": null,
            "reinvestment_rate": 35.37,
            "research_to_sale_ratio": null,
            "price_fair": 56.97,
            "eps_avg_yearly": 1.63,
            "eps_latest_yearly": 2.36,
            "eps_growth_yearly": 595.24
        },
        "20083": {
            "year_quarter": 20083,
            "year": 2008,
            "quarter": 3,
            "eps": 0.53,
            "eps_growth_year": 17.78,
            "eps_4q": 1.94,
            "eps_4q_growth_year": -0.89,
            "roe": 3.61,
            "roe_4q": 13.879999999999999,
            "gross_profit": 104170,
            "gross_margin": 14.17,
            "gross_margin_4q_avg": 17.17,
            "net_income": 74536,
            "revenue": 734986,
            "common_shares": 1500000,
            "book_valuer_per_share": 14.03,
            "book_valuer_per_share_4q_avg": 13.85,
            "equity": 2123123,
            "current_ratio": 291.07,
            "debt_ratio": 24.94,
            "inventory_turnover_ratio": 3.97,
            "account_receivable_turnover_ratio": null,
            "reinvestment_rate": 35.97,
            "research_to_sale_ratio": null,
            "price_fair": 58.2,
            "eps_avg_yearly": 1.66,
            "eps_latest_yearly": 2.12,
            "eps_growth_yearly": 549.82
        },
        "20084": {
            "year_quarter": 20084,
            "year": 2008,
            "quarter": 4,
            "eps": 0.49,
            "eps_growth_year": -7.55,
            "eps_4q": 1.99,
            "eps_4q_growth_year": 4.05,
            "roe": 3.03,
            "roe_4q": 13.219999999999999,
            "gross_profit": 142593,
            "gross_margin": 21.45,
            "gross_margin_4q_avg": 17.98,
            "net_income": 65279,
            "revenue": 664838,
            "common_shares": 1500000,
            "book_valuer_per_share": 14.46,
            "book_valuer_per_share_4q_avg": 13.95,
            "equity": 2181977,
            "current_ratio": 309.42,
            "debt_ratio": 23.82,
            "inventory_turnover_ratio": 3.55,
            "account_receivable_turnover_ratio": 1.53,
            "reinvestment_rate": -8.11,
            "research_to_sale_ratio": null,
            "price_fair": 58.89,
            "eps_avg_yearly": 1.68,
            "eps_latest_yearly": 1.96,
            "eps_growth_yearly": 511.15
        },
        "20091": {
            "year_quarter": 20091,
            "year": 2009,
            "quarter": 1,
            "eps": 0.52,
            "eps_growth_year": 92.59,
            "eps_4q": 1.31,
            "eps_4q_growth_year": -30.73,
            "roe": 5.39,
            "roe_4q": 16.91,
            "gross_profit": 101747,
            "gross_margin": 20.34,
            "gross_margin_4q_avg": 18.62,
            "net_income": 118996,
            "revenue": 500309,
            "common_shares": 1500000,
            "book_valuer_per_share": 14.81,
            "book_valuer_per_share_4q_avg": 14.13,
            "equity": 2236824,
            "current_ratio": 387.71,
            "debt_ratio": 19.89,
            "inventory_turnover_ratio": 3.05,
            "account_receivable_turnover_ratio": 0.64,
            "reinvestment_rate": 30.49,
            "research_to_sale_ratio": null,
            "price_fair": 59.76,
            "eps_avg_yearly": 1.71,
            "eps_latest_yearly": 2.08,
            "eps_growth_yearly": 480.73
        },
        "20092": {
            "year_quarter": 20092,
            "year": 2009,
            "quarter": 2,
            "eps": 0.4,
            "eps_growth_year": -32.2,
            "eps_4q": 1.76,
            "eps_4q_growth_year": 14.78,
            "roe": 2.86,
            "roe_4q": 14.889999999999999,
            "gross_profit": 200303,
            "gross_margin": 38.69,
            "gross_margin_4q_avg": 23.66,
            "net_income": 61130,
            "revenue": 517756,
            "common_shares": 1438000,
            "book_valuer_per_share": 14.03,
            "book_valuer_per_share_4q_avg": 14.33,
            "equity": 2040224,
            "current_ratio": 270.45,
            "debt_ratio": 24.46,
            "inventory_turnover_ratio": 2.85,
            "account_receivable_turnover_ratio": 0.83,
            "reinvestment_rate": 29.79,
            "research_to_sale_ratio": null,
            "price_fair": 63.18,
            "eps_avg_yearly": 1.81,
            "eps_latest_yearly": 1.6,
            "eps_growth_yearly": 498.92
        },
        "20093": {
            "year_quarter": 20093,
            "year": 2009,
            "quarter": 3,
            "eps": 0.57,
            "eps_growth_year": 7.55,
            "eps_4q": 1.71,
            "eps_4q_growth_year": -11.78,
            "roe": 4.37,
            "roe_4q": 15.65,
            "gross_profit": 124504,
            "gross_margin": 26.1,
            "gross_margin_4q_avg": 26.65,
            "net_income": 90911,
            "revenue": 476997,
            "common_shares": 1438000,
            "book_valuer_per_share": 14.52,
            "book_valuer_per_share_4q_avg": 14.46,
            "equity": 2124297,
            "current_ratio": 414.13,
            "debt_ratio": 17.16,
            "inventory_turnover_ratio": 3.53,
            "account_receivable_turnover_ratio": 0.83,
            "reinvestment_rate": 25.81,
            "research_to_sale_ratio": null,
            "price_fair": 66.5,
            "eps_avg_yearly": 1.9,
            "eps_latest_yearly": 2.28,
            "eps_growth_yearly": 59.55
        },
        "20094": {
            "year_quarter": 20094,
            "year": 2009,
            "quarter": 4,
            "eps": 0.53,
            "eps_growth_year": 8.16,
            "eps_4q": 1.99,
            "eps_4q_growth_year": -0.17,
            "roe": 3.43,
            "roe_4q": 16.05,
            "gross_profit": 131529,
            "gross_margin": 25.41,
            "gross_margin_4q_avg": 27.64,
            "net_income": 74685,
            "revenue": 517606,
            "common_shares": 1438000,
            "book_valuer_per_share": 15.74,
            "book_valuer_per_share_4q_avg": 14.78,
            "equity": 2236366,
            "current_ratio": 397.7,
            "debt_ratio": 18.32,
            "inventory_turnover_ratio": 4.19,
            "account_receivable_turnover_ratio": 1.73,
            "reinvestment_rate": 59.53,
            "research_to_sale_ratio": null,
            "price_fair": 67.55,
            "eps_avg_yearly": 1.93,
            "eps_latest_yearly": 2.12,
            "eps_growth_yearly": 28.85
        },
        "20101": {
            "year_quarter": 20101,
            "year": 2010,
            "quarter": 1,
            "eps": 0.2,
            "eps_growth_year": -61.54,
            "eps_4q": 1.68,
            "eps_4q_growth_year": 28.36,
            "roe": 1.15,
            "roe_4q": 11.809999999999999,
            "gross_profit": 70195,
            "gross_margin": 18.04,
            "gross_margin_4q_avg": 27.06,
            "net_income": 25779,
            "revenue": 389202,
            "common_shares": 1438000,
            "book_valuer_per_share": 15.91,
            "book_valuer_per_share_4q_avg": 15.05,
            "equity": 2265059,
            "current_ratio": 487.06,
            "debt_ratio": 15.71,
            "inventory_turnover_ratio": 3.65,
            "account_receivable_turnover_ratio": 0.7,
            "reinvestment_rate": 88.15,
            "research_to_sale_ratio": 1.93,
            "price_fair": 52.2,
            "eps_avg_yearly": 1.9,
            "eps_latest_yearly": 0.8,
            "eps_growth_yearly": 17.55
        },
        "20102": {
            "year_quarter": 20102,
            "year": 2010,
            "quarter": 2,
            "eps": 0.39,
            "eps_growth_year": -3.7,
            "eps_4q": 1.66,
            "eps_4q_growth_year": -5.81,
            "roe": 2.21,
            "roe_4q": 11.16,
            "gross_profit": 135124,
            "gross_margin": 27.67,
            "gross_margin_4q_avg": 24.31,
            "net_income": 48123,
            "revenue": 488292,
            "common_shares": 1438000,
            "book_valuer_per_share": 14.55,
            "book_valuer_per_share_4q_avg": 15.18,
            "equity": 2097746,
            "current_ratio": 263.41,
            "debt_ratio": 26.17,
            "inventory_turnover_ratio": 3.56,
            "account_receivable_turnover_ratio": 0.91,
            "reinvestment_rate": 94.17,
            "research_to_sale_ratio": 1.81,
            "price_fair": 65.28,
            "eps_avg_yearly": 1.87,
            "eps_latest_yearly": 1.56,
            "eps_growth_yearly": 28.8
        },
        "20103": {
            "year_quarter": 20103,
            "year": 2010,
            "quarter": 3,
            "eps": 0.36,
            "eps_growth_year": -36.38,
            "eps_4q": 1.45,
            "eps_4q_growth_year": -15.24,
            "roe": 2.6,
            "roe_4q": 9.39,
            "gross_profit": 127872,
            "gross_margin": 24.93,
            "gross_margin_4q_avg": 24.01,
            "net_income": 55721,
            "revenue": 513007,
            "common_shares": 1438000,
            "book_valuer_per_share": 14.8,
            "book_valuer_per_share_4q_avg": 15.25,
            "equity": 2184231,
            "current_ratio": 395.53,
            "debt_ratio": 18.42,
            "inventory_turnover_ratio": 3.59,
            "account_receivable_turnover_ratio": 0.89,
            "reinvestment_rate": 97.08,
            "research_to_sale_ratio": 1.68,
            "price_fair": 64.49,
            "eps_avg_yearly": 1.84,
            "eps_latest_yearly": 1.44,
            "eps_growth_yearly": 29.82
        },
        "20104": {
            "year_quarter": 20104,
            "year": 2010,
            "quarter": 4,
            "eps": 0.09,
            "eps_growth_year": -83.52,
            "eps_4q": 1.03,
            "eps_4q_growth_year": -48.29,
            "roe": 0.48,
            "roe_4q": 6.4399999999999995,
            "gross_profit": 126318,
            "gross_margin": 23.12,
            "gross_margin_4q_avg": 23.44,
            "net_income": 10419,
            "revenue": 546243,
            "common_shares": 1438000,
            "book_valuer_per_share": 14.57,
            "book_valuer_per_share_4q_avg": 14.96,
            "equity": 2145238,
            "current_ratio": 355.17,
            "debt_ratio": 20.52,
            "inventory_turnover_ratio": 4.45,
            "account_receivable_turnover_ratio": 0.91,
            "reinvestment_rate": 69.06,
            "research_to_sale_ratio": 1.76,
            "price_fair": 25.8,
            "eps_avg_yearly": 1.73,
            "eps_latest_yearly": 0.36,
            "eps_growth_yearly": 4.95
        },
        "20111": {
            "year_quarter": 20111,
            "year": 2011,
            "quarter": 1,
            "eps": 0.33,
            "eps_growth_year": 65,
            "eps_4q": 1.16,
            "eps_4q_growth_year": -30.86,
            "roe": 2.37,
            "roe_4q": 7.66,
            "gross_profit": 104422,
            "gross_margin": 24.05,
            "gross_margin_4q_avg": 24.94,
            "net_income": 51584,
            "revenue": 434174,
            "common_shares": 1438000,
            "book_valuer_per_share": 14.96,
            "book_valuer_per_share_4q_avg": 14.72,
            "equity": 2206562,
            "current_ratio": 414.55,
            "debt_ratio": 18.14,
            "inventory_turnover_ratio": 3.65,
            "account_receivable_turnover_ratio": 0.74,
            "reinvestment_rate": 105.67,
            "research_to_sale_ratio": 2.26,
            "price_fair": 59.24,
            "eps_avg_yearly": 1.69,
            "eps_latest_yearly": 1.32,
            "eps_growth_yearly": 76.09
        },
        "20112": {
            "year_quarter": 20112,
            "year": 2011,
            "quarter": 2,
            "eps": -0.06,
            "eps_growth_year": -116.56,
            "eps_4q": 0.71,
            "eps_4q_growth_year": -57.14,
            "roe": -0.63,
            "roe_4q": 4.82,
            "gross_profit": 62231,
            "gross_margin": 15.31,
            "gross_margin_4q_avg": 21.85,
            "net_income": -13551,
            "revenue": 406489,
            "common_shares": 1438000,
            "book_valuer_per_share": 13.93,
            "book_valuer_per_share_4q_avg": 14.57,
            "equity": 2071173,
            "current_ratio": 320.45,
            "debt_ratio": 22.06,
            "inventory_turnover_ratio": 4.01,
            "account_receivable_turnover_ratio": 0.78,
            "reinvestment_rate": 113.89,
            "research_to_sale_ratio": 2.47,
            "price_fair": 58.33,
            "eps_avg_yearly": 1.67,
            "eps_latest_yearly": 1.32,
            "eps_growth_yearly": 77.68
        },
        "20113": {
            "year_quarter": 20113,
            "year": 2011,
            "quarter": 3,
            "eps": 0.11,
            "eps_growth_year": -68.87,
            "eps_4q": 0.46,
            "eps_4q_growth_year": -68.03,
            "roe": 0.06,
            "roe_4q": 2.2800000000000002,
            "gross_profit": 56241,
            "gross_margin": 17.11,
            "gross_margin_4q_avg": 19.9,
            "net_income": 1183,
            "revenue": 328734,
            "common_shares": 1438000,
            "book_valuer_per_share": 14.39,
            "book_valuer_per_share_4q_avg": 14.46,
            "equity": 2122694,
            "current_ratio": 442.11,
            "debt_ratio": 16.63,
            "inventory_turnover_ratio": 3.62,
            "account_receivable_turnover_ratio": 0.73,
            "reinvestment_rate": 129.87,
            "research_to_sale_ratio": 1.64,
            "price_fair": 58,
            "eps_avg_yearly": 1.66,
            "eps_latest_yearly": 1.32,
            "eps_growth_yearly": 87.07
        },
        "20114": {
            "year_quarter": 20114,
            "year": 2011,
            "quarter": 4,
            "eps": 0.35,
            "eps_growth_year": 295.3,
            "eps_4q": 0.72,
            "eps_4q_growth_year": -30.08,
            "roe": 2.63,
            "roe_4q": 4.43,
            "gross_profit": 81304,
            "gross_margin": 20.31,
            "gross_margin_4q_avg": 19.2,
            "net_income": 56776,
            "revenue": 400305,
            "common_shares": 1438000,
            "book_valuer_per_share": 14.64,
            "book_valuer_per_share_4q_avg": 14.48,
            "equity": 2190069,
            "current_ratio": 388.15,
            "debt_ratio": 18.85,
            "inventory_turnover_ratio": 3.79,
            "account_receivable_turnover_ratio": 0.9,
            "reinvestment_rate": 97.7,
            "research_to_sale_ratio": 2.68,
            "price_fair": 56.2,
            "eps_avg_yearly": 1.61,
            "eps_latest_yearly": 1.4,
            "eps_growth_yearly": 144.33
        },
        "20121": {
            "year_quarter": 20121,
            "year": 2012,
            "quarter": 1,
            "eps": 0.23,
            "eps_growth_year": -30.3,
            "eps_4q": 0.62,
            "eps_4q_growth_year": -46.55,
            "roe": 2.04,
            "roe_4q": 4.1,
            "gross_profit": 88730,
            "gross_margin": 20.2,
            "gross_margin_4q_avg": 18.23,
            "net_income": 45173,
            "revenue": 439336,
            "common_shares": 1438000,
            "book_valuer_per_share": 14.66,
            "book_valuer_per_share_4q_avg": 14.41,
            "equity": 2235693,
            "current_ratio": 418.83,
            "debt_ratio": 17.94,
            "inventory_turnover_ratio": 3.64,
            "account_receivable_turnover_ratio": 0.9,
            "reinvestment_rate": 98.19,
            "research_to_sale_ratio": 1.81,
            "price_fair": 55.8,
            "eps_avg_yearly": 1.59,
            "eps_latest_yearly": 0.92,
            "eps_growth_yearly": 148.55
        },
        "20122": {
            "year_quarter": 20122,
            "year": 2012,
            "quarter": 2,
            "eps": 0.24,
            "eps_growth_year": null,
            "eps_4q": 0.92,
            "eps_4q_growth_year": 29.2,
            "roe": 1.15,
            "roe_4q": 5.88,
            "gross_profit": 88785,
            "gross_margin": 21.4,
            "gross_margin_4q_avg": 19.76,
            "net_income": 25304,
            "revenue": 414864,
            "common_shares": 1438000,
            "book_valuer_per_share": 14.3,
            "book_valuer_per_share_4q_avg": 14.5,
            "equity": 2173782,
            "current_ratio": 354.29,
            "debt_ratio": 20.31,
            "inventory_turnover_ratio": 3.47,
            "account_receivable_turnover_ratio": 0.83,
            "reinvestment_rate": 104.85,
            "research_to_sale_ratio": 1.59,
            "price_fair": 52.3,
            "eps_avg_yearly": 1.49,
            "eps_latest_yearly": 0.96,
            "eps_growth_yearly": 115.93
        },
        "20123": {
            "year_quarter": 20123,
            "year": 2012,
            "quarter": 3,
            "eps": 0.49,
            "eps_growth_year": 335.54,
            "eps_4q": 1.3,
            "eps_4q_growth_year": 180.45,
            "roe": 3.91,
            "roe_4q": 9.73,
            "gross_profit": 92833,
            "gross_margin": 20.42,
            "gross_margin_4q_avg": 20.58,
            "net_income": 86220,
            "revenue": 454684,
            "common_shares": 1438000,
            "book_valuer_per_share": 14.69,
            "book_valuer_per_share_4q_avg": 14.57,
            "equity": 2236963,
            "current_ratio": 414.8,
            "debt_ratio": 18.11,
            "inventory_turnover_ratio": 4.58,
            "account_receivable_turnover_ratio": 0.9,
            "reinvestment_rate": 102.36,
            "research_to_sale_ratio": 1.46,
            "price_fair": 51.9,
            "eps_avg_yearly": 1.48,
            "eps_latest_yearly": 1.96,
            "eps_growth_yearly": 148.6
        },
        "20124": {
            "year_quarter": 20124,
            "year": 2012,
            "quarter": 4,
            "eps": 0.27,
            "eps_growth_year": -20.55,
            "eps_4q": 1.23,
            "eps_4q_growth_year": 71.43,
            "roe": 1.8,
            "roe_4q": 8.899999999999999,
            "gross_profit": 101016,
            "gross_margin": 25.78,
            "gross_margin_4q_avg": 21.95,
            "net_income": 40542,
            "revenue": 391898,
            "common_shares": 1438000,
            "book_valuer_per_share": 14.92,
            "book_valuer_per_share_4q_avg": 14.64,
            "equity": 2271892,
            "current_ratio": 417.75,
            "debt_ratio": 17.84,
            "inventory_turnover_ratio": 3.72,
            "account_receivable_turnover_ratio": 0.82,
            "reinvestment_rate": 118.58,
            "research_to_sale_ratio": 2.18,
            "price_fair": 49.7,
            "eps_avg_yearly": 1.42,
            "eps_latest_yearly": 1.08,
            "eps_growth_yearly": 137.93
        },
        "20131": {
            "year_quarter": 20131,
            "year": 2013,
            "quarter": 1,
            "eps": 0.37,
            "eps_growth_year": 60.87,
            "eps_4q": 1.37,
            "eps_4q_growth_year": 121.31,
            "roe": 2.21,
            "roe_4q": 9.07,
            "gross_profit": 90996,
            "gross_margin": 26.13,
            "gross_margin_4q_avg": 23.43,
            "net_income": 50875,
            "revenue": 348261,
            "common_shares": 1438000,
            "book_valuer_per_share": 15.32,
            "book_valuer_per_share_4q_avg": 14.81,
            "equity": 2327838,
            "current_ratio": 499.67,
            "debt_ratio": 16.04,
            "inventory_turnover_ratio": 2.69,
            "account_receivable_turnover_ratio": 0.82,
            "reinvestment_rate": 5.16,
            "research_to_sale_ratio": 2.18,
            "price_fair": 48.2,
            "eps_avg_yearly": 1.38,
            "eps_latest_yearly": 1.48,
            "eps_growth_yearly": 146.76
        },
        "20132": {
            "year_quarter": 20132,
            "year": 2013,
            "quarter": 2,
            "eps": 0.32,
            "eps_growth_year": 34.41,
            "eps_4q": 1.45,
            "eps_4q_growth_year": 57.4,
            "roe": 1.77,
            "roe_4q": 9.690000000000001,
            "gross_profit": 100609,
            "gross_margin": 23.69,
            "gross_margin_4q_avg": 24.01,
            "net_income": 40392,
            "revenue": 424627,
            "common_shares": 1438000,
            "book_valuer_per_share": 14.74,
            "book_valuer_per_share_4q_avg": 14.92,
            "equity": 2239035,
            "current_ratio": 345.03,
            "debt_ratio": 21.28,
            "inventory_turnover_ratio": 3.43,
            "account_receivable_turnover_ratio": 0.98,
            "reinvestment_rate": 6.3,
            "research_to_sale_ratio": 1.65,
            "price_fair": 47.4,
            "eps_avg_yearly": 1.35,
            "eps_latest_yearly": 1.28,
            "eps_growth_yearly": 149.49
        },
        "20133": {
            "year_quarter": 20133,
            "year": 2013,
            "quarter": 3,
            "eps": 0.26,
            "eps_growth_year": -47.11,
            "eps_4q": 1.22,
            "eps_4q_growth_year": -6.23,
            "roe": 2.41,
            "roe_4q": 8.19,
            "gross_profit": 75889,
            "gross_margin": 21.36,
            "gross_margin_4q_avg": 24.24,
            "net_income": 54441,
            "revenue": 355225,
            "common_shares": 1438000,
            "book_valuer_per_share": 14.95,
            "book_valuer_per_share_4q_avg": 14.98,
            "equity": 2286227,
            "current_ratio": 420.6,
            "debt_ratio": 18.31,
            "inventory_turnover_ratio": 2.92,
            "account_receivable_turnover_ratio": 0.83,
            "reinvestment_rate": 7.86,
            "research_to_sale_ratio": 2.06,
            "price_fair": 44.3,
            "eps_avg_yearly": 1.27,
            "eps_latest_yearly": 1.04,
            "eps_growth_yearly": 131.99
        },
        "20134": {
            "year_quarter": 20134,
            "year": 2013,
            "quarter": 4,
            "eps": 0.22,
            "eps_growth_year": -20.32,
            "eps_4q": 1.16,
            "eps_4q_growth_year": -5.63,
            "roe": 1.53,
            "roe_4q": 7.920000000000001,
            "gross_profit": 84594,
            "gross_margin": 17.83,
            "gross_margin_4q_avg": 22.25,
            "net_income": 35454,
            "revenue": 474487,
            "common_shares": 1438000,
            "book_valuer_per_share": 15.25,
            "book_valuer_per_share_4q_avg": 15.07,
            "equity": 2333748,
            "current_ratio": 377.54,
            "debt_ratio": 19.98,
            "inventory_turnover_ratio": 4.04,
            "account_receivable_turnover_ratio": 1.04,
            "reinvestment_rate": -105.54,
            "research_to_sale_ratio": 1.98,
            "price_fair": 41.2,
            "eps_avg_yearly": 1.18,
            "eps_latest_yearly": 0.88,
            "eps_growth_yearly": 129.6
        },
        "20141": {
            "year_quarter": 20141,
            "year": 2014,
            "quarter": 1,
            "eps": 0.32,
            "eps_growth_year": -13.51,
            "eps_4q": 1.12,
            "eps_4q_growth_year": -18.19,
            "roe": 1.95,
            "roe_4q": 7.66,
            "gross_profit": 96386,
            "gross_margin": 23.98,
            "gross_margin_4q_avg": 21.72,
            "net_income": 46103,
            "revenue": 401961,
            "common_shares": 1438000,
            "book_valuer_per_share": 15.65,
            "book_valuer_per_share_4q_avg": 15.15,
            "equity": 2389761,
            "current_ratio": 471.1,
            "debt_ratio": 16.94,
            "inventory_turnover_ratio": 3.03,
            "account_receivable_turnover_ratio": 0.81,
            "reinvestment_rate": -100.42,
            "research_to_sale_ratio": 2.19,
            "price_fair": 42.4,
            "eps_avg_yearly": 1.21,
            "eps_latest_yearly": 1.28,
            "eps_growth_yearly": 160.38
        },
        "20142": {
            "year_quarter": 20142,
            "year": 2014,
            "quarter": 2,
            "eps": 0.28,
            "eps_growth_year": -12.5,
            "eps_4q": 1.09,
            "eps_4q_growth_year": -24.76,
            "roe": 1.74,
            "roe_4q": 7.63,
            "gross_profit": 101058,
            "gross_margin": 20.88,
            "gross_margin_4q_avg": 21.01,
            "net_income": 40002,
            "revenue": 484035,
            "common_shares": 1438000,
            "book_valuer_per_share": 14.83,
            "book_valuer_per_share_4q_avg": 15.17,
            "equity": 2219793,
            "current_ratio": 281.05,
            "debt_ratio": 25.04,
            "inventory_turnover_ratio": 3.32,
            "account_receivable_turnover_ratio": 0.94,
            "reinvestment_rate": -106.93,
            "research_to_sale_ratio": 1.73,
            "price_fair": 41.3,
            "eps_avg_yearly": 1.18,
            "eps_latest_yearly": 1.12,
            "eps_growth_yearly": 129.67
        },
        "20143": {
            "year_quarter": 20143,
            "year": 2014,
            "quarter": 3,
            "eps": 0.57,
            "eps_growth_year": 119.23,
            "eps_4q": 1.4,
            "eps_4q_growth_year": 14.84,
            "roe": 3.46,
            "roe_4q": 8.68,
            "gross_profit": 103475,
            "gross_margin": 19.67,
            "gross_margin_4q_avg": 20.59,
            "net_income": 78363,
            "revenue": 526105,
            "common_shares": 1438000,
            "book_valuer_per_share": 15.5,
            "book_valuer_per_share_4q_avg": 15.31,
            "equity": 2312180,
            "current_ratio": 362.2,
            "debt_ratio": 20.51,
            "inventory_turnover_ratio": 4.13,
            "account_receivable_turnover_ratio": 0.92,
            "reinvestment_rate": -101.47,
            "research_to_sale_ratio": 1.59,
            "price_fair": 43.4,
            "eps_avg_yearly": 1.24,
            "eps_latest_yearly": 2.28,
            "eps_growth_yearly": 161.46
        },
        "20144": {
            "year_quarter": 20144,
            "year": 2014,
            "quarter": 4,
            "eps": 0.28,
            "eps_growth_year": 26.94,
            "eps_4q": 1.46,
            "eps_4q_growth_year": 25.4,
            "roe": 1.34,
            "roe_4q": 8.49,
            "gross_profit": 80553,
            "gross_margin": 17.88,
            "gross_margin_4q_avg": 20.6,
            "net_income": 31370,
            "revenue": 450641,
            "common_shares": 1438000,
            "book_valuer_per_share": 16.02,
            "book_valuer_per_share_4q_avg": 15.5,
            "equity": 2378821,
            "current_ratio": 344.01,
            "debt_ratio": 21.03,
            "inventory_turnover_ratio": 3.55,
            "account_receivable_turnover_ratio": 0.8,
            "reinvestment_rate": -97.33,
            "research_to_sale_ratio": 2.44,
            "price_fair": 45.3,
            "eps_avg_yearly": 1.29,
            "eps_latest_yearly": 1.12,
            "eps_growth_yearly": 168.35
        },
        "20151": {
            "year_quarter": 20151,
            "year": 2015,
            "quarter": 1,
            "eps": 0.24,
            "eps_growth_year": -25,
            "eps_4q": 1.38,
            "eps_4q_growth_year": 22.82,
            "roe": 1.24,
            "roe_4q": 7.78,
            "gross_profit": 93261,
            "gross_margin": 20.25,
            "gross_margin_4q_avg": 19.67,
            "net_income": 29529,
            "revenue": 460659,
            "common_shares": 1438000,
            "book_valuer_per_share": 16.06,
            "book_valuer_per_share_4q_avg": 15.6,
            "equity": 2379964,
            "current_ratio": 393.02,
            "debt_ratio": 19.39,
            "inventory_turnover_ratio": 3.47,
            "account_receivable_turnover_ratio": 0.86,
            "reinvestment_rate": -100.6,
            "research_to_sale_ratio": 1.99,
            "price_fair": 44.4,
            "eps_avg_yearly": 1.27,
            "eps_latest_yearly": 0.96,
            "eps_growth_yearly": 88.08
        },
        "20152": {
            "year_quarter": 20152,
            "year": 2015,
            "quarter": 2,
            "eps": 0,
            "eps_growth_year": -100,
            "eps_4q": 1.09,
            "eps_4q_growth_year": 0.5,
            "roe": -0.8,
            "roe_4q": 5.24,
            "gross_profit": 66910,
            "gross_margin": 17.66,
            "gross_margin_4q_avg": 18.87,
            "net_income": -18365,
            "revenue": 378898,
            "common_shares": 1438000,
            "book_valuer_per_share": 15.01,
            "book_valuer_per_share_4q_avg": 15.65,
            "equity": 2210310,
            "current_ratio": 320.6,
            "debt_ratio": 22.54,
            "inventory_turnover_ratio": 3.46,
            "account_receivable_turnover_ratio": 0.79,
            "reinvestment_rate": -99.51,
            "research_to_sale_ratio": 2.47,
            "price_fair": 44.4,
            "eps_avg_yearly": 1.27,
            "eps_latest_yearly": 0.96,
            "eps_growth_yearly": 88.08
        },
        "20153": {
            "year_quarter": 20153,
            "year": 2015,
            "quarter": 3,
            "eps": 0.27,
            "eps_growth_year": -52.63,
            "eps_4q": 0.79,
            "eps_4q_growth_year": -43.62,
            "roe": 1.4,
            "roe_4q": 3.1799999999999997,
            "gross_profit": 69059,
            "gross_margin": 18.17,
            "gross_margin_4q_avg": 18.49,
            "net_income": 31318,
            "revenue": 379980,
            "common_shares": 1438000,
            "book_valuer_per_share": 15.41,
            "book_valuer_per_share_4q_avg": 15.63,
            "equity": 2272838,
            "current_ratio": 395.68,
            "debt_ratio": 18.77,
            "inventory_turnover_ratio": 3.35,
            "account_receivable_turnover_ratio": 0.89,
            "reinvestment_rate": -102.57,
            "research_to_sale_ratio": 1.76,
            "price_fair": 44.4,
            "eps_avg_yearly": 1.27,
            "eps_latest_yearly": 0.96,
            "eps_growth_yearly": 88.08
        },
        "20154": {
            "year_quarter": 20154,
            "year": 2015,
            "quarter": 4,
            "eps": 0.25,
            "eps_growth_year": -11.68,
            "eps_4q": 0.76,
            "eps_4q_growth_year": -48.12,
            "roe": 1.62,
            "roe_4q": 3.46,
            "gross_profit": 86911,
            "gross_margin": 21.99,
            "gross_margin_4q_avg": 19.52,
            "net_income": 36872,
            "revenue": 395225,
            "common_shares": 1438000,
            "book_valuer_per_share": 15.5,
            "book_valuer_per_share_4q_avg": 15.5,
            "equity": 2286523,
            "current_ratio": 381.82,
            "debt_ratio": 19.38,
            "inventory_turnover_ratio": 3.08,
            "account_receivable_turnover_ratio": 0.99,
            "reinvestment_rate": -105.41,
            "research_to_sale_ratio": 1.59,
            "price_fair": 41.69,
            "eps_avg_yearly": 1.24,
            "eps_latest_yearly": 1,
            "eps_growth_yearly": 23.62
        },
        "20161": {
            "year_quarter": 20161,
            "year": 2016,
            "quarter": 1,
            "eps": 0.25,
            "eps_growth_year": 4.17,
            "eps_4q": 0.77,
            "eps_4q_growth_year": -44.09,
            "roe": 1.66,
            "roe_4q": 3.88,
            "gross_profit": 98359,
            "gross_margin": 24.95,
            "gross_margin_4q_avg": 20.69,
            "net_income": 38300,
            "revenue": 394178,
            "common_shares": 1438000,
            "book_valuer_per_share": 15.67,
            "book_valuer_per_share_4q_avg": 15.4,
            "equity": 2327174,
            "current_ratio": 400.41,
            "debt_ratio": 18.47,
            "inventory_turnover_ratio": 2.78,
            "account_receivable_turnover_ratio": 0.99,
            "reinvestment_rate": -105.23,
            "research_to_sale_ratio": 1.72,
            "price_fair": 43.6,
            "eps_avg_yearly": 1.25,
            "eps_latest_yearly": 1,
            "eps_growth_yearly": 33.42
        },
        "20162": {
            "year_quarter": 20162,
            "year": 2016,
            "quarter": 2,
            "eps": 0.39,
            "eps_growth_year": null,
            "eps_4q": 1.16,
            "eps_4q_growth_year": 5.95,
            "roe": 2.54,
            "roe_4q": 7.220000000000001,
            "gross_profit": 105725,
            "gross_margin": 22.64,
            "gross_margin_4q_avg": 21.94,
            "net_income": 58518,
            "revenue": 467057,
            "common_shares": 1438000,
            "book_valuer_per_share": 15.34,
            "book_valuer_per_share_4q_avg": 15.48,
            "equity": 2281205,
            "current_ratio": 315.98,
            "debt_ratio": 22.38,
            "inventory_turnover_ratio": 3.32,
            "account_receivable_turnover_ratio": 1,
            "reinvestment_rate": -106.07,
            "research_to_sale_ratio": 1.51,
            "price_fair": 45.1,
            "eps_avg_yearly": 1.29,
            "eps_latest_yearly": 1.56,
            "eps_growth_yearly": 48.18
        },
        "20163": {
            "year_quarter": 20163,
            "year": 2016,
            "quarter": 3,
            "eps": 0.23,
            "eps_growth_year": -14.81,
            "eps_4q": 1.12,
            "eps_4q_growth_year": 41.79,
            "roe": 1.52,
            "roe_4q": 7.340000000000001,
            "gross_profit": 106473,
            "gross_margin": 23.39,
            "gross_margin_4q_avg": 23.24,
            "net_income": 34692,
            "revenue": 455172,
            "common_shares": 1438000,
            "book_valuer_per_share": 15.38,
            "book_valuer_per_share_4q_avg": 15.47,
            "equity": 2289113,
            "current_ratio": 303.14,
            "debt_ratio": 23.55,
            "inventory_turnover_ratio": 3.24,
            "account_receivable_turnover_ratio": 0.95,
            "reinvestment_rate": -116.66,
            "research_to_sale_ratio": 1.57,
            "price_fair": 20.27,
            "eps_avg_yearly": 1.21,
            "eps_latest_yearly": 0.92,
            "eps_growth_yearly": 6.69
        },
        "20164": {
            "year_quarter": 20164,
            "year": 2016,
            "quarter": 4,
            "eps": 0.38,
            "eps_growth_year": 56.76,
            "eps_4q": 1.26,
            "eps_4q_growth_year": 66.23,
            "roe": 2.09,
            "roe_4q": 7.8100000000000005,
            "gross_profit": 87483,
            "gross_margin": 20.53,
            "gross_margin_4q_avg": 22.88,
            "net_income": 48219,
            "revenue": 426207,
            "common_shares": 1438000,
            "book_valuer_per_share": 15.66,
            "book_valuer_per_share_4q_avg": 15.51,
            "equity": 2322340,
            "current_ratio": 434.75,
            "debt_ratio": 18.1,
            "inventory_turnover_ratio": 2.98,
            "account_receivable_turnover_ratio": 1,
            "reinvestment_rate": -123.72,
            "research_to_sale_ratio": 1.62,
            "price_fair": 43.6,
            "eps_avg_yearly": 1.25,
            "eps_latest_yearly": 1.52,
            "eps_growth_yearly": 38.15
        },
        "20171": {
            "year_quarter": 20171,
            "year": 2017,
            "quarter": 1,
            "eps": -0.11,
            "eps_growth_year": -144,
            "eps_4q": 0.89,
            "eps_4q_growth_year": 15.69,
            "roe": -0.72,
            "roe_4q": 5.43,
            "gross_profit": 65045,
            "gross_margin": 17.15,
            "gross_margin_4q_avg": 20.93,
            "net_income": -16419,
            "revenue": 379197,
            "common_shares": 1438000,
            "book_valuer_per_share": 15.26,
            "book_valuer_per_share_4q_avg": 15.41,
            "equity": 2264645,
            "current_ratio": 342.59,
            "debt_ratio": 21.89,
            "inventory_turnover_ratio": 2.5,
            "account_receivable_turnover_ratio": 0.95,
            "reinvestment_rate": -10.3,
            "research_to_sale_ratio": 1.74,
            "price_fair": 42.97,
            "eps_avg_yearly": 1.23,
            "eps_latest_yearly": 1.52,
            "eps_growth_yearly": 29.69
        },
        "20172": {
            "year_quarter": 20172,
            "year": 2017,
            "quarter": 2,
            "eps": 0.21,
            "eps_growth_year": -46.15,
            "eps_4q": 0.71,
            "eps_4q_growth_year": -38.8,
            "roe": 1.44,
            "roe_4q": 4.33,
            "gross_profit": 85774,
            "gross_margin": 17.84,
            "gross_margin_4q_avg": 19.73,
            "net_income": 31843,
            "revenue": 480690,
            "common_shares": 1438000,
            "book_valuer_per_share": 14.58,
            "book_valuer_per_share_4q_avg": 15.22,
            "equity": 2168067,
            "current_ratio": 216.75,
            "debt_ratio": 32.84,
            "inventory_turnover_ratio": 2.8,
            "account_receivable_turnover_ratio": 1.06,
            "reinvestment_rate": -6.33,
            "research_to_sale_ratio": 1.39,
            "price_fair": 42.82,
            "eps_avg_yearly": 1.22,
            "eps_latest_yearly": 1.52,
            "eps_growth_yearly": 36.67
        },
        "20173": {
            "year_quarter": 20173,
            "year": 2017,
            "quarter": 3,
            "eps": 0.16,
            "eps_growth_year": -30.43,
            "eps_4q": 0.65,
            "eps_4q_growth_year": -42.36,
            "roe": 1.2,
            "roe_4q": 4.01,
            "gross_profit": 90713,
            "gross_margin": 20.56,
            "gross_margin_4q_avg": 19.02,
            "net_income": 26197,
            "revenue": 441227,
            "common_shares": 1438000,
            "book_valuer_per_share": 14.82,
            "book_valuer_per_share_4q_avg": 15.08,
            "equity": 2205461,
            "current_ratio": 205.98,
            "debt_ratio": 34.46,
            "inventory_turnover_ratio": 2.26,
            "account_receivable_turnover_ratio": 0.85,
            "reinvestment_rate": -2.01,
            "research_to_sale_ratio": 1.56,
            "price_fair": 41.65,
            "eps_avg_yearly": 1.19,
            "eps_latest_yearly": 0.64,
            "eps_growth_yearly": 34.98
        },
        "20174": {
            "year_quarter": 20174,
            "year": 2017,
            "quarter": 4,
            "eps": -0.16,
            "eps_growth_year": -142.67,
            "eps_4q": 0.1,
            "eps_4q_growth_year": -92.28,
            "roe": -0.94,
            "roe_4q": 0.98,
            "gross_profit": 44543,
            "gross_margin": 12.64,
            "gross_margin_4q_avg": 17.05,
            "net_income": -20647,
            "revenue": 352313,
            "common_shares": 1438000,
            "book_valuer_per_share": 14.64,
            "book_valuer_per_share_4q_avg": 14.83,
            "equity": 2182669,
            "current_ratio": 247.34,
            "debt_ratio": 28.28,
            "inventory_turnover_ratio": 2,
            "account_receivable_turnover_ratio": 0.77,
            "reinvestment_rate": -3.96,
            "research_to_sale_ratio": 1.99,
            "price_fair": 42.64,
            "eps_avg_yearly": 1.22,
            "eps_latest_yearly": 0.64,
            "eps_growth_yearly": 43.76
        },
        "20181": {
            "year_quarter": 20181,
            "year": 2018,
            "quarter": 1,
            "eps": 0.13,
            "eps_growth_year": null,
            "eps_4q": 0.34,
            "eps_4q_growth_year": -61.72,
            "roe": 0.95,
            "roe_4q": 2.65,
            "gross_profit": 94738,
            "gross_margin": 21.07,
            "gross_margin_4q_avg": 18.03,
            "net_income": 20852,
            "revenue": 449721,
            "common_shares": 1438000,
            "book_valuer_per_share": 14.85,
            "book_valuer_per_share_4q_avg": 14.72,
            "equity": 2214893,
            "current_ratio": 210.84,
            "debt_ratio": 33.47,
            "inventory_turnover_ratio": 2.15,
            "account_receivable_turnover_ratio": 1.04,
            "reinvestment_rate": 3.3,
            "research_to_sale_ratio": 1.47,
            "price_fair": 42.42,
            "eps_avg_yearly": 1.21,
            "eps_latest_yearly": 0.64,
            "eps_growth_yearly": 29.95
        },
        "20182": {
            "year_quarter": 20182,
            "year": 2018,
            "quarter": 2,
            "eps": 0.49,
            "eps_growth_year": 133.33,
            "eps_4q": 0.62,
            "eps_4q_growth_year": -12.86,
            "roe": 2.95,
            "roe_4q": 4.16,
            "gross_profit": 85708,
            "gross_margin": 17.95,
            "gross_margin_4q_avg": 18.06,
            "net_income": 66362,
            "revenue": 477603,
            "common_shares": 1438000,
            "book_valuer_per_share": 15.31,
            "book_valuer_per_share_4q_avg": 14.91,
            "equity": 2277184,
            "current_ratio": 241.53,
            "debt_ratio": 29.63,
            "inventory_turnover_ratio": 2.25,
            "account_receivable_turnover_ratio": 0.99,
            "reinvestment_rate": 0.48,
            "research_to_sale_ratio": 1.38,
            "price_fair": 45.36,
            "eps_avg_yearly": 1.3,
            "eps_latest_yearly": 1.96,
            "eps_growth_yearly": 145.72
        },
        "20183": {
            "year_quarter": 20183,
            "year": 2018,
            "quarter": 3,
            "eps": 0.05,
            "eps_growth_year": -68.75,
            "eps_4q": 0.51,
            "eps_4q_growth_year": -21.1,
            "roe": 0.33,
            "roe_4q": 3.2900000000000005,
            "gross_profit": 58829,
            "gross_margin": 14.55,
            "gross_margin_4q_avg": 16.55,
            "net_income": 7367,
            "revenue": 404366,
            "common_shares": 1438000,
            "book_valuer_per_share": 15.16,
            "book_valuer_per_share_4q_avg": 14.99,
            "equity": 2255304,
            "current_ratio": 346.87,
            "debt_ratio": 20.87,
            "inventory_turnover_ratio": 2.18,
            "account_receivable_turnover_ratio": 0.84,
            "reinvestment_rate": -0.56,
            "research_to_sale_ratio": 1.63,
            "price_fair": 38.08,
            "eps_avg_yearly": 1.09,
            "eps_latest_yearly": 0.2,
            "eps_growth_yearly": 68.38
        },
        "20184": {
            "year_quarter": 20184,
            "year": 2018,
            "quarter": 4,
            "eps": 0.28,
            "eps_growth_year": null,
            "eps_4q": 0.96,
            "eps_4q_growth_year": 884.79,
            "roe": 1.65,
            "roe_4q": 5.88,
            "gross_profit": 125195,
            "gross_margin": 25.25,
            "gross_margin_4q_avg": 19.71,
            "net_income": 37627,
            "revenue": 495818,
            "common_shares": 1438000,
            "book_valuer_per_share": 15.5,
            "book_valuer_per_share_4q_avg": 15.21,
            "equity": 2300204,
            "current_ratio": 361.21,
            "debt_ratio": 20.36,
            "inventory_turnover_ratio": 2.29,
            "account_receivable_turnover_ratio": 1.01,
            "reinvestment_rate": 22.35,
            "research_to_sale_ratio": 1.39,
            "price_fair": 38.08,
            "eps_avg_yearly": 1.09,
            "eps_latest_yearly": 1.12,
            "eps_growth_yearly": 272.73
        },
        "20191": {
            "year_quarter": 20191,
            "year": 2019,
            "quarter": 1,
            "eps": 0.01,
            "eps_growth_year": -92.31,
            "eps_4q": 0.84,
            "eps_4q_growth_year": 146.68,
            "roe": 0.13,
            "roe_4q": 5.0600000000000005,
            "gross_profit": 51300,
            "gross_margin": 16.63,
            "gross_margin_4q_avg": 18.6,
            "net_income": 3003,
            "revenue": 308539,
            "common_shares": 1438000,
            "book_valuer_per_share": 15.64,
            "book_valuer_per_share_4q_avg": 15.4,
            "equity": 2322157,
            "current_ratio": 450.47,
            "debt_ratio": 17,
            "inventory_turnover_ratio": 1.5,
            "account_receivable_turnover_ratio": 0.71,
            "reinvestment_rate": 36.08,
            "research_to_sale_ratio": 2.1,
            "price_fair": 34.86,
            "eps_avg_yearly": 1,
            "eps_latest_yearly": 0.04,
            "eps_growth_yearly": 239.87
        },
        "20192": {
            "year_quarter": 20192,
            "year": 2019,
            "quarter": 2,
            "eps": -0.18,
            "eps_growth_year": -136.73,
            "eps_4q": 0.17,
            "eps_4q_growth_year": -72.14,
            "roe": -1.1,
            "roe_4q": 1.0099999999999998,
            "gross_profit": 25183,
            "gross_margin": 8.06,
            "gross_margin_4q_avg": 16.12,
            "net_income": -24648,
            "revenue": 312270,
            "common_shares": 1438000,
            "book_valuer_per_share": 14.38,
            "book_valuer_per_share_4q_avg": 15.17,
            "equity": 2141944,
            "current_ratio": 279.66,
            "debt_ratio": 23.35,
            "inventory_turnover_ratio": 1.77,
            "account_receivable_turnover_ratio": 0.89,
            "reinvestment_rate": 48.13,
            "research_to_sale_ratio": 2.22,
            "price_fair": 34.86,
            "eps_avg_yearly": 1,
            "eps_latest_yearly": 0.04,
            "eps_growth_yearly": 239.87
        },
        "20193": {
            "year_quarter": 20193,
            "year": 2019,
            "quarter": 3,
            "eps": 0.12,
            "eps_growth_year": 140,
            "eps_4q": 0.23,
            "eps_4q_growth_year": -53.94,
            "roe": 0.76,
            "roe_4q": 1.44,
            "gross_profit": 71568,
            "gross_margin": 17.72,
            "gross_margin_4q_avg": 16.92,
            "net_income": 16283,
            "revenue": 403791,
            "common_shares": 1438000,
            "book_valuer_per_share": 14.33,
            "book_valuer_per_share_4q_avg": 14.96,
            "equity": 2133646,
            "current_ratio": 366.42,
            "debt_ratio": 19.63,
            "inventory_turnover_ratio": 2.26,
            "account_receivable_turnover_ratio": 1.02,
            "reinvestment_rate": 34.63,
            "research_to_sale_ratio": 1.67,
            "price_fair": 34.86,
            "eps_avg_yearly": 1,
            "eps_latest_yearly": 0.04,
            "eps_growth_yearly": 239.87
        },
        "20194": {
            "year_quarter": 20194,
            "year": 2019,
            "quarter": 4,
            "eps": -0.11,
            "eps_growth_year": -138.38,
            "eps_4q": -0.16,
            "eps_4q_growth_year": -116.57,
            "roe": -0.8,
            "roe_4q": -1.0100000000000002,
            "gross_profit": 51352,
            "gross_margin": 13.79,
            "gross_margin_4q_avg": 14.05,
            "net_income": -16990,
            "revenue": 372424,
            "common_shares": 1438000,
            "book_valuer_per_share": 14.09,
            "book_valuer_per_share_4q_avg": 14.61,
            "equity": 2098707,
            "current_ratio": 308.42,
            "debt_ratio": 22.02,
            "inventory_turnover_ratio": 2.09,
            "account_receivable_turnover_ratio": 0.85,
            "reinvestment_rate": 32.25,
            "research_to_sale_ratio": 1.8,
            "price_fair": 34.84,
            "eps_avg_yearly": 1,
            "eps_latest_yearly": 0.04,
            "eps_growth_yearly": 269.81
        },
        "20201": {
            "year_quarter": 20201,
            "year": 2020,
            "quarter": 1,
            "eps": -0.21,
            "eps_growth_year": -2200,
            "eps_4q": -0.38,
            "eps_4q_growth_year": -145.34,
            "roe": -2.4,
            "roe_4q": -3.5400000000000005,
            "gross_profit": 18277,
            "gross_margin": 6.22,
            "gross_margin_4q_avg": 11.45,
            "net_income": -49787,
            "revenue": 293628,
            "common_shares": 1438000,
            "book_valuer_per_share": 13.84,
            "book_valuer_per_share_4q_avg": 14.16,
            "equity": 2042803,
            "current_ratio": 351.58,
            "debt_ratio": 19.84,
            "inventory_turnover_ratio": 1.58,
            "account_receivable_turnover_ratio": 0.73,
            "reinvestment_rate": 42.38,
            "research_to_sale_ratio": 2.73,
            "price_fair": 34.83,
            "eps_avg_yearly": 1,
            "eps_latest_yearly": 0.04,
            "eps_growth_yearly": 303.54
        },
        "20202": {
            "year_quarter": 20202,
            "year": 2020,
            "quarter": 2,
            "eps": 0.26,
            "eps_growth_year": null,
            "eps_4q": 0.06,
            "eps_4q_growth_year": -63.84,
            "roe": 2.47,
            "roe_4q": 0.03000000000000025,
            "gross_profit": 102931,
            "gross_margin": 21.14,
            "gross_margin_4q_avg": 14.72,
            "net_income": 50841,
            "revenue": 486972,
            "common_shares": 1438000,
            "book_valuer_per_share": 13.97,
            "book_valuer_per_share_4q_avg": 14.06,
            "equity": 2079142,
            "current_ratio": 305.25,
            "debt_ratio": 22.84,
            "inventory_turnover_ratio": 2.06,
            "account_receivable_turnover_ratio": 1.12,
            "reinvestment_rate": 43.01,
            "research_to_sale_ratio": 1.7,
            "price_fair": 32,
            "eps_avg_yearly": 0.91,
            "eps_latest_yearly": 0.04,
            "eps_growth_yearly": 314.9
        },
        "20203": {
            "year_quarter": 20203,
            "year": 2020,
            "quarter": 3,
            "eps": 0.09,
            "eps_growth_year": -25,
            "eps_4q": 0.03,
            "eps_4q_growth_year": -85.76,
            "roe": 0.81,
            "roe_4q": 0.0800000000000003,
            "gross_profit": 82776,
            "gross_margin": 20.58,
            "gross_margin_4q_avg": 15.43,
            "net_income": 16972,
            "revenue": 402132,
            "common_shares": 1438000,
            "book_valuer_per_share": 14.15,
            "book_valuer_per_share_4q_avg": 14.01,
            "equity": 2109653,
            "current_ratio": 271.41,
            "debt_ratio": 25.29,
            "inventory_turnover_ratio": 1.61,
            "account_receivable_turnover_ratio": 0.82,
            "reinvestment_rate": 46.83,
            "research_to_sale_ratio": 2.1,
            "price_fair": 29.2,
            "eps_avg_yearly": 0.83,
            "eps_latest_yearly": 0.36,
            "eps_growth_yearly": 300.98
        },
        "20204": {
            "year_quarter": 20204,
            "year": 2020,
            "quarter": 4,
            "eps": -0.4,
            "eps_growth_year": null,
            "eps_4q": -0.26,
            "eps_4q_growth_year": null,
            "roe": -3,
            "roe_4q": -2.1199999999999997,
            "gross_profit": 13191,
            "gross_margin": 3.79,
            "gross_margin_4q_avg": 12.93,
            "net_income": -61520,
            "revenue": 347771,
            "common_shares": 1438000,
            "book_valuer_per_share": 13.79,
            "book_valuer_per_share_4q_avg": 13.94,
            "equity": 1996994,
            "current_ratio": 219.88,
            "debt_ratio": 29.68,
            "inventory_turnover_ratio": 1.57,
            "account_receivable_turnover_ratio": 0.8,
            "reinvestment_rate": 92.55,
            "research_to_sale_ratio": 2.56,
            "price_fair": 25.2,
            "eps_avg_yearly": 0.72,
            "eps_latest_yearly": 0.36,
            "eps_growth_yearly": 307.67
        },
        "20211": {
            "year_quarter": 20211,
            "year": 2021,
            "quarter": 1,
            "eps": -0.04,
            "eps_growth_year": null,
            "eps_4q": -0.09,
            "eps_4q_growth_year": null,
            "roe": -0.33,
            "roe_4q": -0.04999999999999982,
            "gross_profit": 31897,
            "gross_margin": 8.68,
            "gross_margin_4q_avg": 13.55,
            "net_income": -6602,
            "revenue": 367662,
            "common_shares": 1438000,
            "book_valuer_per_share": 13.8,
            "book_valuer_per_share_4q_avg": 13.93,
            "equity": 1997592,
            "current_ratio": 210.92,
            "debt_ratio": 31.01,
            "inventory_turnover_ratio": 1.47,
            "account_receivable_turnover_ratio": 0.88,
            "reinvestment_rate": 90.01,
            "research_to_sale_ratio": 2.38,
            "price_fair": 25.2,
            "eps_avg_yearly": 0.72,
            "eps_latest_yearly": 0.36,
            "eps_growth_yearly": 307.67
        },
        "20212": {
            "year_quarter": 20212,
            "year": 2021,
            "quarter": 2,
            "eps": -0.21,
            "eps_growth_year": -180.77,
            "eps_4q": -0.56,
            "eps_4q_growth_year": -1004.52,
            "roe": -1.6,
            "roe_4q": -4.119999999999999,
            "gross_profit": 37925,
            "gross_margin": 9.11,
            "gross_margin_4q_avg": 10.54,
            "net_income": -31566,
            "revenue": 416197,
            "common_shares": 1438000,
            "book_valuer_per_share": 13.55,
            "book_valuer_per_share_4q_avg": 13.82,
            "equity": 1960446,
            "current_ratio": 185.09,
            "debt_ratio": 35.1,
            "inventory_turnover_ratio": 1.44,
            "account_receivable_turnover_ratio": 0.88,
            "reinvestment_rate": 125.82,
            "research_to_sale_ratio": 2.04,
            "price_fair": 25.2,
            "eps_avg_yearly": 0.72,
            "eps_latest_yearly": 0.36,
            "eps_growth_yearly": 307.67
        },
        "20213": {
            "year_quarter": 20213,
            "year": 2021,
            "quarter": 3,
            "eps": -0.04,
            "eps_growth_year": -144.44,
            "eps_4q": -0.7,
            "eps_4q_growth_year": -2182.28,
            "roe": -0.52,
            "roe_4q": -5.45,
            "gross_profit": 50840,
            "gross_margin": 11.19,
            "gross_margin_4q_avg": 8.19,
            "net_income": -10138,
            "revenue": 454360,
            "common_shares": 1438000,
            "book_valuer_per_share": 13.48,
            "book_valuer_per_share_4q_avg": 13.66,
            "equity": 1946779,
            "current_ratio": 172.38,
            "debt_ratio": 37.79,
            "inventory_turnover_ratio": 1.29,
            "account_receivable_turnover_ratio": 0.87,
            "reinvestment_rate": 410.41,
            "research_to_sale_ratio": 1.97,
            "price_fair": 25.76,
            "eps_avg_yearly": 0.74,
            "eps_latest_yearly": 0.36,
            "eps_growth_yearly": 388.25
        },
        "20214": {
            "year_quarter": 20214,
            "year": 2021,
            "quarter": 4,
            "eps": -0.33,
            "eps_growth_year": null,
            "eps_4q": -0.62,
            "eps_4q_growth_year": null,
            "roe": -2.71,
            "roe_4q": -5.16,
            "gross_profit": 35087,
            "gross_margin": 8.23,
            "gross_margin_4q_avg": 9.3,
            "net_income": -52226,
            "revenue": 426201,
            "common_shares": 1438000,
            "book_valuer_per_share": 13.2,
            "book_valuer_per_share_4q_avg": 13.51,
            "equity": 1900902,
            "current_ratio": 166.45,
            "debt_ratio": 39.61,
            "inventory_turnover_ratio": 1.1,
            "account_receivable_turnover_ratio": 0.81,
            "reinvestment_rate": null,
            "research_to_sale_ratio": 2.33,
            "price_fair": 25.76,
            "eps_avg_yearly": 0.74,
            "eps_latest_yearly": 0.36,
            "eps_growth_yearly": 388.25
        },
        "20221": {
            "year_quarter": 20221,
            "year": 2022,
            "quarter": 1,
            "eps": 0.07,
            "eps_growth_year": null,
            "eps_4q": -0.5,
            "eps_4q_growth_year": null,
            "roe": 0.53,
            "roe_4q": -4.3,
            "gross_profit": 29212,
            "gross_margin": 6.96,
            "gross_margin_4q_avg": 8.87,
            "net_income": 10169,
            "revenue": 419846,
            "common_shares": 1438000,
            "book_valuer_per_share": 13.48,
            "book_valuer_per_share_4q_avg": 13.43,
            "equity": 1942406,
            "current_ratio": 184.69,
            "debt_ratio": 35.32,
            "inventory_turnover_ratio": 1.09,
            "account_receivable_turnover_ratio": 0.82,
            "reinvestment_rate": null,
            "research_to_sale_ratio": 2.19,
            "price_fair": 25.76,
            "eps_avg_yearly": 0.74,
            "eps_latest_yearly": 0.36,
            "eps_growth_yearly": 388.25
        },
        "20222": {
            "year_quarter": 20222,
            "year": 2022,
            "quarter": 2,
            "eps": 0.51,
            "eps_growth_year": null,
            "eps_4q": 0.22,
            "eps_4q_growth_year": null,
            "roe": 3.82,
            "roe_4q": 1.1199999999999997,
            "gross_profit": 103180,
            "gross_margin": 19.3,
            "gross_margin_4q_avg": 11.42,
            "net_income": 75417,
            "revenue": 534674,
            "common_shares": 1438000,
            "book_valuer_per_share": 13.89,
            "book_valuer_per_share_4q_avg": 13.51,
            "equity": 2002592,
            "current_ratio": 214.72,
            "debt_ratio": 31.49,
            "inventory_turnover_ratio": 1.27,
            "account_receivable_turnover_ratio": 0.88,
            "reinvestment_rate": null,
            "research_to_sale_ratio": 1.75,
            "price_fair": 26.32,
            "eps_avg_yearly": 0.75,
            "eps_latest_yearly": 2.04,
            "eps_growth_yearly": 669.57
        },
        "20223": {
            "year_quarter": 20223,
            "year": 2022,
            "quarter": 3,
            "eps": 0.49,
            "eps_growth_year": null,
            "eps_4q": 0.75,
            "eps_4q_growth_year": null,
            "roe": 3.42,
            "roe_4q": 5.0600000000000005,
            "gross_profit": 112282,
            "gross_margin": 19.46,
            "gross_margin_4q_avg": 13.49,
            "net_income": 69925,
            "revenue": 576956,
            "common_shares": 1438000,
            "book_valuer_per_share": 14.44,
            "book_valuer_per_share_4q_avg": 13.75,
            "equity": 2081860,
            "current_ratio": 241.47,
            "debt_ratio": 29.31,
            "inventory_turnover_ratio": 1.39,
            "account_receivable_turnover_ratio": 0.81,
            "reinvestment_rate": -84.6,
            "research_to_sale_ratio": 1.8,
            "price_fair": 38.64,
            "eps_avg_yearly": 1.1,
            "eps_latest_yearly": 1.96,
            "eps_growth_yearly": 738.27
        },
        "20224": {
            "year_quarter": 20224,
            "year": 2022,
            "quarter": 4,
            "eps": 0.06,
            "eps_growth_year": null,
            "eps_4q": 1.13,
            "eps_4q_growth_year": null,
            "roe": 0.44,
            "roe_4q": 8.209999999999999,
            "gross_profit": 114254,
            "gross_margin": 21.31,
            "gross_margin_4q_avg": 16.76,
            "net_income": 9200,
            "revenue": 536086,
            "common_shares": 1438000,
            "book_valuer_per_share": 14.56,
            "book_valuer_per_share_4q_avg": 14.09,
            "equity": 2099301,
            "current_ratio": 227.71,
            "debt_ratio": 30.99,
            "inventory_turnover_ratio": 1.3,
            "account_receivable_turnover_ratio": 0.78,
            "reinvestment_rate": -785.3,
            "research_to_sale_ratio": 2.27,
            "price_fair": 32.48,
            "eps_avg_yearly": 0.93,
            "eps_latest_yearly": 0.24,
            "eps_growth_yearly": 300.07
        },
        "20231": {
            "year_quarter": 20231,
            "year": 2023,
            "quarter": 1,
            "eps": 0,
            "eps_growth_year": -100,
            "eps_4q": 1.06,
            "eps_4q_growth_year": null,
            "roe": -0,
            "roe_4q": 7.68,
            "gross_profit": 48864,
            "gross_margin": 13.03,
            "gross_margin_4q_avg": 18.28,
            "net_income": -69,
            "revenue": 375066,
            "common_shares": 1438000,
            "book_valuer_per_share": 14.59,
            "book_valuer_per_share_4q_avg": 14.37,
            "equity": 2103588,
            "current_ratio": 269.01,
            "debt_ratio": 26.76,
            "inventory_turnover_ratio": 1.11,
            "account_receivable_turnover_ratio": 0.65,
            "reinvestment_rate": -1648.14,
            "research_to_sale_ratio": 2.64,
            "price_fair": 40.25,
            "eps_avg_yearly": 1.15,
            "eps_latest_yearly": 0.24,
            "eps_growth_yearly": 471.51
        }
    },
    "months": {
        "2001-06": {
            "month": "2001-06",
            "price": "43.19",
            "revenue": 128161
        },
        "2001-07": {
            "month": "2001-07",
            "price": "29.61",
            "revenue": 90791
        },
        "2001-08": {
            "month": "2001-08",
            "price": "28.36",
            "revenue": 105943
        },
        "2001-09": {
            "month": "2001-09",
            "price": "20.64",
            "revenue": 81081
        },
        "2001-10": {
            "month": "2001-10",
            "price": "17.92",
            "revenue": 72176
        },
        "2001-11": {
            "month": "2001-11",
            "price": "21.78",
            "revenue": 82631
        },
        "2001-12": {
            "month": "2001-12",
            "price": "25.06",
            "revenue": 64765
        },
        "2002-01": {
            "month": "2002-01",
            "price": "25.79",
            "revenue": 65510
        },
        "2002-02": {
            "month": "2002-02",
            "price": "24.95",
            "revenue": 55995
        },
        "2002-03": {
            "month": "2002-03",
            "price": "23.36",
            "revenue": 82925
        },
        "2002-04": {
            "month": "2002-04",
            "price": "23.58",
            "revenue": 85159
        },
        "2002-05": {
            "month": "2002-05",
            "price": "19.35",
            "revenue": 95428
        },
        "2002-06": {
            "month": "2002-06",
            "price": "19.18",
            "revenue": 73935
        },
        "2002-07": {
            "month": "2002-07",
            "price": "15.78",
            "revenue": 77546
        },
        "2002-08": {
            "month": "2002-08",
            "price": "14.17",
            "revenue": 82126
        },
        "2002-09": {
            "month": "2002-09",
            "price": "11.65",
            "revenue": 72039
        },
        "2002-10": {
            "month": "2002-10",
            "price": "9.51",
            "revenue": 89162
        },
        "2002-11": {
            "month": "2002-11",
            "price": "9.52",
            "revenue": 95892
        },
        "2002-12": {
            "month": "2002-12",
            "price": "9.41",
            "revenue": 76813
        },
        "2003-01": {
            "month": "2003-01",
            "price": "9.87",
            "revenue": 80402
        },
        "2003-02": {
            "month": "2003-02",
            "price": "9.29",
            "revenue": 52779
        },
        "2003-03": {
            "month": "2003-03",
            "price": "9.49",
            "revenue": 78933
        },
        "2003-04": {
            "month": "2003-04",
            "price": "9.92",
            "revenue": 91812
        },
        "2003-05": {
            "month": "2003-05",
            "price": "9.18",
            "revenue": 63308
        },
        "2003-06": {
            "month": "2003-06",
            "price": "10.26",
            "revenue": 73769
        },
        "2003-07": {
            "month": "2003-07",
            "price": "10.59",
            "revenue": 87226
        },
        "2003-08": {
            "month": "2003-08",
            "price": "9.16",
            "revenue": 74438
        },
        "2003-09": {
            "month": "2003-09",
            "price": "8.86",
            "revenue": 81191
        },
        "2003-10": {
            "month": "2003-10",
            "price": "8.77",
            "revenue": 98409
        },
        "2003-11": {
            "month": "2003-11",
            "price": "8.70",
            "revenue": 84563
        },
        "2003-12": {
            "month": "2003-12",
            "price": "9.27",
            "revenue": 120011
        },
        "2004-01": {
            "month": "2004-01",
            "price": "9.78",
            "revenue": 70544
        },
        "2004-02": {
            "month": "2004-02",
            "price": "11.08",
            "revenue": 58684
        },
        "2004-03": {
            "month": "2004-03",
            "price": "10.60",
            "revenue": 88054
        },
        "2004-04": {
            "month": "2004-04",
            "price": "10.59",
            "revenue": 75620
        },
        "2004-05": {
            "month": "2004-05",
            "price": "9.38",
            "revenue": 92149
        },
        "2004-06": {
            "month": "2004-06",
            "price": "9.27",
            "revenue": 102000
        },
        "2004-07": {
            "month": "2004-07",
            "price": "8.78",
            "revenue": 113150
        },
        "2004-08": {
            "month": "2004-08",
            "price": "8.11",
            "revenue": 108872
        },
        "2004-09": {
            "month": "2004-09",
            "price": "6.83",
            "revenue": 143717
        },
        "2004-10": {
            "month": "2004-10",
            "price": "7.12",
            "revenue": 121653
        },
        "2004-11": {
            "month": "2004-11",
            "price": "6.92",
            "revenue": 117092
        },
        "2004-12": {
            "month": "2004-12",
            "price": "6.84",
            "revenue": 114086
        },
        "2005-01": {
            "month": "2005-01",
            "price": "6.83",
            "revenue": 117794
        },
        "2005-02": {
            "month": "2005-02",
            "price": "7.55",
            "revenue": 94437
        },
        "2005-03": {
            "month": "2005-03",
            "price": "9.20",
            "revenue": 143328
        },
        "2005-04": {
            "month": "2005-04",
            "price": "9.54",
            "revenue": 128362
        },
        "2005-05": {
            "month": "2005-05",
            "price": "9.27",
            "revenue": 193533
        },
        "2005-06": {
            "month": "2005-06",
            "price": "11.46",
            "revenue": 189670
        },
        "2005-07": {
            "month": "2005-07",
            "price": "12.17",
            "revenue": 175675
        },
        "2005-08": {
            "month": "2005-08",
            "price": "11.38",
            "revenue": 136032
        },
        "2005-09": {
            "month": "2005-09",
            "price": "10.35",
            "revenue": 163423
        },
        "2005-10": {
            "month": "2005-10",
            "price": "9.89",
            "revenue": 163767
        },
        "2005-11": {
            "month": "2005-11",
            "price": "8.55",
            "revenue": 176932
        },
        "2005-12": {
            "month": "2005-12",
            "price": "9.85",
            "revenue": 165630
        },
        "2006-01": {
            "month": "2006-01",
            "price": "10.06",
            "revenue": 188937
        },
        "2006-02": {
            "month": "2006-02",
            "price": "9.62",
            "revenue": 123826
        },
        "2006-03": {
            "month": "2006-03",
            "price": "9.24",
            "revenue": 132902
        },
        "2006-04": {
            "month": "2006-04",
            "price": "9.57",
            "revenue": 163161
        },
        "2006-05": {
            "month": "2006-05",
            "price": "11.29",
            "revenue": 149768
        },
        "2006-06": {
            "month": "2006-06",
            "price": "10.06",
            "revenue": 143208
        },
        "2006-07": {
            "month": "2006-07",
            "price": "10.13",
            "revenue": 130999
        },
        "2006-08": {
            "month": "2006-08",
            "price": "10.25",
            "revenue": 172879
        },
        "2006-09": {
            "month": "2006-09",
            "price": "10.84",
            "revenue": 179740
        },
        "2006-10": {
            "month": "2006-10",
            "price": "12.43",
            "revenue": 139823
        },
        "2006-11": {
            "month": "2006-11",
            "price": "13.61",
            "revenue": 176037
        },
        "2006-12": {
            "month": "2006-12",
            "price": "17.50",
            "revenue": 193396
        },
        "2007-01": {
            "month": "2007-01",
            "price": "21.98",
            "revenue": 194318
        },
        "2007-02": {
            "month": "2007-02",
            "price": "21.01",
            "revenue": 127523
        },
        "2007-03": {
            "month": "2007-03",
            "price": "21.77",
            "revenue": 231490
        },
        "2007-04": {
            "month": "2007-04",
            "price": "22.68",
            "revenue": 166727
        },
        "2007-05": {
            "month": "2007-05",
            "price": "21.67",
            "revenue": 182215
        },
        "2007-06": {
            "month": "2007-06",
            "price": "23.19",
            "revenue": 168629
        },
        "2007-07": {
            "month": "2007-07",
            "price": "25.05",
            "revenue": 170176
        },
        "2007-08": {
            "month": "2007-08",
            "price": "22.80",
            "revenue": 223895
        },
        "2007-09": {
            "month": "2007-09",
            "price": "23.09",
            "revenue": 187680
        },
        "2007-10": {
            "month": "2007-10",
            "price": "22.24",
            "revenue": 190093
        },
        "2007-11": {
            "month": "2007-11",
            "price": "20.18",
            "revenue": 219819
        },
        "2007-12": {
            "month": "2007-12",
            "price": "15.68",
            "revenue": 161007
        },
        "2008-01": {
            "month": "2008-01",
            "price": "14.21",
            "revenue": 201291
        },
        "2008-02": {
            "month": "2008-02",
            "price": "14.02",
            "revenue": 142576
        },
        "2008-03": {
            "month": "2008-03",
            "price": "14.64",
            "revenue": 224376
        },
        "2008-04": {
            "month": "2008-04",
            "price": "15.44",
            "revenue": 250469
        },
        "2008-05": {
            "month": "2008-05",
            "price": "17.13",
            "revenue": 212677
        },
        "2008-06": {
            "month": "2008-06",
            "price": "16.75",
            "revenue": 262625
        },
        "2008-07": {
            "month": "2008-07",
            "price": "15.43",
            "revenue": 234198
        },
        "2008-08": {
            "month": "2008-08",
            "price": "15.83",
            "revenue": 219899
        },
        "2008-09": {
            "month": "2008-09",
            "price": "12.72",
            "revenue": 220671
        },
        "2008-10": {
            "month": "2008-10",
            "price": "11.44",
            "revenue": 219036
        },
        "2008-11": {
            "month": "2008-11",
            "price": "10.34",
            "revenue": 202962
        },
        "2008-12": {
            "month": "2008-12",
            "price": "10.08",
            "revenue": 190906
        },
        "2009-01": {
            "month": "2009-01",
            "price": "10.04",
            "revenue": 146021
        },
        "2009-02": {
            "month": "2009-02",
            "price": "10.14",
            "revenue": 163438
        },
        "2009-03": {
            "month": "2009-03",
            "price": "11.31",
            "revenue": 135880
        },
        "2009-04": {
            "month": "2009-04",
            "price": "12.87",
            "revenue": 157617
        },
        "2009-05": {
            "month": "2009-05",
            "price": "16.71",
            "revenue": 121078
        },
        "2009-06": {
            "month": "2009-06",
            "price": "16.76",
            "revenue": 120750
        },
        "2009-07": {
            "month": "2009-07",
            "price": "16.52",
            "revenue": 155407
        },
        "2009-08": {
            "month": "2009-08",
            "price": "15.12",
            "revenue": 142358
        },
        "2009-09": {
            "month": "2009-09",
            "price": "16.53",
            "revenue": 131717
        },
        "2009-10": {
            "month": "2009-10",
            "price": "17.26",
            "revenue": 144364
        },
        "2009-11": {
            "month": "2009-11",
            "price": "18.31",
            "revenue": 160791
        },
        "2009-12": {
            "month": "2009-12",
            "price": "20.19",
            "revenue": 150090
        },
        "2010-01": {
            "month": "2010-01",
            "price": "20.48",
            "revenue": 114879
        },
        "2010-02": {
            "month": "2010-02",
            "price": "18.41",
            "revenue": 91775
        },
        "2010-03": {
            "month": "2010-03",
            "price": "19.03",
            "revenue": 125139
        },
        "2010-04": {
            "month": "2010-04",
            "price": "19.48",
            "revenue": 128764
        },
        "2010-05": {
            "month": "2010-05",
            "price": "18.60",
            "revenue": 126085
        },
        "2010-06": {
            "month": "2010-06",
            "price": "18.82",
            "revenue": 176385
        },
        "2010-07": {
            "month": "2010-07",
            "price": "18.86",
            "revenue": 145064
        },
        "2010-08": {
            "month": "2010-08",
            "price": "17.62",
            "revenue": 159582
        },
        "2010-09": {
            "month": "2010-09",
            "price": "16.23",
            "revenue": 146183
        },
        "2010-10": {
            "month": "2010-10",
            "price": "15.68",
            "revenue": 153424
        },
        "2010-11": {
            "month": "2010-11",
            "price": "14.88",
            "revenue": 156298
        },
        "2010-12": {
            "month": "2010-12",
            "price": "15.33",
            "revenue": 164910
        },
        "2011-01": {
            "month": "2011-01",
            "price": "15.20",
            "revenue": 150740
        },
        "2011-02": {
            "month": "2011-02",
            "price": "14.98",
            "revenue": 86248
        },
        "2011-03": {
            "month": "2011-03",
            "price": "15.98",
            "revenue": 124733
        },
        "2011-04": {
            "month": "2011-04",
            "price": "17.62",
            "revenue": 133416
        },
        "2011-05": {
            "month": "2011-05",
            "price": "16.05",
            "revenue": 115123
        },
        "2011-06": {
            "month": "2011-06",
            "price": "14.85",
            "revenue": 88507
        },
        "2011-07": {
            "month": "2011-07",
            "price": "13.46",
            "revenue": 104197
        },
        "2011-08": {
            "month": "2011-08",
            "price": "11.34",
            "revenue": 85468
        },
        "2011-09": {
            "month": "2011-09",
            "price": "10.79",
            "revenue": 83286
        },
        "2011-10": {
            "month": "2011-10",
            "price": "11.00",
            "revenue": 104294
        },
        "2011-11": {
            "month": "2011-11",
            "price": "10.97",
            "revenue": 118553
        },
        "2011-12": {
            "month": "2011-12",
            "price": "10.63",
            "revenue": 114590
        },
        "2012-01": {
            "month": "2012-01",
            "price": "10.77",
            "revenue": 99828
        },
        "2012-02": {
            "month": "2012-02",
            "price": "11.52",
            "revenue": 138703
        },
        "2012-03": {
            "month": "2012-03",
            "price": "11.87",
            "revenue": 135962
        },
        "2012-04": {
            "month": "2012-04",
            "price": "11.50",
            "revenue": 105541
        },
        "2012-05": {
            "month": "2012-05",
            "price": "11.52",
            "revenue": 103819
        },
        "2012-06": {
            "month": "2012-06",
            "price": "11.54",
            "revenue": 126083
        },
        "2012-07": {
            "month": "2012-07",
            "price": "11.79",
            "revenue": 133616
        },
        "2012-08": {
            "month": "2012-08",
            "price": "11.88",
            "revenue": 151272
        },
        "2012-09": {
            "month": "2012-09",
            "price": "12.67",
            "revenue": 106061
        },
        "2012-10": {
            "month": "2012-10",
            "price": "12.52",
            "revenue": 109590
        },
        "2012-11": {
            "month": "2012-11",
            "price": "12.29",
            "revenue": 105436
        },
        "2012-12": {
            "month": "2012-12",
            "price": "12.38",
            "revenue": 90779
        },
        "2013-01": {
            "month": "2013-01",
            "price": "12.79",
            "revenue": 125141
        },
        "2013-02": {
            "month": "2013-02",
            "price": "13.15",
            "revenue": 95501
        },
        "2013-03": {
            "month": "2013-03",
            "price": "12.93",
            "revenue": 116609
        },
        "2013-04": {
            "month": "2013-04",
            "price": "13.23",
            "revenue": 141710
        },
        "2013-05": {
            "month": "2013-05",
            "price": "13.95",
            "revenue": 138121
        },
        "2013-06": {
            "month": "2013-06",
            "price": "14.28",
            "revenue": 133488
        },
        "2013-07": {
            "month": "2013-07",
            "price": "13.97",
            "revenue": 111050
        },
        "2013-08": {
            "month": "2013-08",
            "price": "12.88",
            "revenue": 124819
        },
        "2013-09": {
            "month": "2013-09",
            "price": "12.84",
            "revenue": 127603
        },
        "2013-10": {
            "month": "2013-10",
            "price": "13.02",
            "revenue": 143891
        },
        "2013-11": {
            "month": "2013-11",
            "price": "13.18",
            "revenue": 167145
        },
        "2013-12": {
            "month": "2013-12",
            "price": "13.85",
            "revenue": 158521
        },
        "2014-01": {
            "month": "2014-01",
            "price": "14.59",
            "revenue": 172847
        },
        "2014-02": {
            "month": "2014-02",
            "price": "15.61",
            "revenue": 91319
        },
        "2014-03": {
            "month": "2014-03",
            "price": "15.62",
            "revenue": 137723
        },
        "2014-04": {
            "month": "2014-04",
            "price": "15.45",
            "revenue": 169363
        },
        "2014-05": {
            "month": "2014-05",
            "price": "15.50",
            "revenue": 173939
        },
        "2014-06": {
            "month": "2014-06",
            "price": "16.60",
            "revenue": 140606
        },
        "2014-07": {
            "month": "2014-07",
            "price": "17.12",
            "revenue": 184819
        },
        "2014-08": {
            "month": "2014-08",
            "price": "15.37",
            "revenue": 173643
        },
        "2014-09": {
            "month": "2014-09",
            "price": "15.48",
            "revenue": 167266
        },
        "2014-10": {
            "month": "2014-10",
            "price": "15.05",
            "revenue": 159630
        },
        "2014-11": {
            "month": "2014-11",
            "price": "15.12",
            "revenue": 147772
        },
        "2014-12": {
            "month": "2014-12",
            "price": "15.45",
            "revenue": 143748
        },
        "2015-01": {
            "month": "2015-01",
            "price": "15.25",
            "revenue": 156702
        },
        "2015-02": {
            "month": "2015-02",
            "price": "15.22",
            "revenue": 124418
        },
        "2015-03": {
            "month": "2015-03",
            "price": "16.22",
            "revenue": 180961
        },
        "2015-04": {
            "month": "2015-04",
            "price": "16.47",
            "revenue": 140433
        },
        "2015-05": {
            "month": "2015-05",
            "price": "15.26",
            "revenue": 127971
        },
        "2015-06": {
            "month": "2015-06",
            "price": "13.97",
            "revenue": 110051
        },
        "2015-07": {
            "month": "2015-07",
            "price": "12.76",
            "revenue": 123690
        },
        "2015-08": {
            "month": "2015-08",
            "price": "10.88",
            "revenue": 120212
        },
        "2015-09": {
            "month": "2015-09",
            "price": "10.51",
            "revenue": 135289
        },
        "2015-10": {
            "month": "2015-10",
            "price": "10.91",
            "revenue": 134891
        },
        "2015-11": {
            "month": "2015-11",
            "price": "10.92",
            "revenue": 132034
        },
        "2015-12": {
            "month": "2015-12",
            "price": "10.68",
            "revenue": 128400
        },
        "2016-01": {
            "month": "2016-01",
            "price": "10.52",
            "revenue": 116547
        },
        "2016-02": {
            "month": "2016-02",
            "price": "10.65",
            "revenue": 111212
        },
        "2016-03": {
            "month": "2016-03",
            "price": "11.09",
            "revenue": 166079
        },
        "2016-04": {
            "month": "2016-04",
            "price": "11.00",
            "revenue": 151898
        },
        "2016-05": {
            "month": "2016-05",
            "price": "11.13",
            "revenue": 161502
        },
        "2016-06": {
            "month": "2016-06",
            "price": "12.28",
            "revenue": 153264
        },
        "2016-07": {
            "month": "2016-07",
            "price": "12.88",
            "revenue": 159921
        },
        "2016-08": {
            "month": "2016-08",
            "price": "13.43",
            "revenue": 137167
        },
        "2016-09": {
            "month": "2016-09",
            "price": "12.79",
            "revenue": 159004
        },
        "2016-10": {
            "month": "2016-10",
            "price": "12.80",
            "revenue": 193071
        },
        "2016-11": {
            "month": "2016-11",
            "price": "12.86",
            "revenue": 116735
        },
        "2016-12": {
            "month": "2016-12",
            "price": "12.48",
            "revenue": 115821
        },
        "2017-01": {
            "month": "2017-01",
            "price": "12.32",
            "revenue": 114761
        },
        "2017-02": {
            "month": "2017-02",
            "price": "12.67",
            "revenue": 106081
        },
        "2017-03": {
            "month": "2017-03",
            "price": "12.93",
            "revenue": 158220
        },
        "2017-04": {
            "month": "2017-04",
            "price": "13.12",
            "revenue": 157724
        },
        "2017-05": {
            "month": "2017-05",
            "price": "12.98",
            "revenue": 142999
        },
        "2017-06": {
            "month": "2017-06",
            "price": "13.00",
            "revenue": 179834
        },
        "2017-07": {
            "month": "2017-07",
            "price": "13.20",
            "revenue": 163000
        },
        "2017-08": {
            "month": "2017-08",
            "price": "12.86",
            "revenue": 139392
        },
        "2017-09": {
            "month": "2017-09",
            "price": "14.80",
            "revenue": 138258
        },
        "2017-10": {
            "month": "2017-10",
            "price": "16.47",
            "revenue": 121073
        },
        "2017-11": {
            "month": "2017-11",
            "price": "17.11",
            "revenue": 119295
        },
        "2017-12": {
            "month": "2017-12",
            "price": "15.99",
            "revenue": 112335
        },
        "2018-01": {
            "month": "2018-01",
            "price": "17.47",
            "revenue": 156179
        },
        "2018-02": {
            "month": "2018-02",
            "price": "16.96",
            "revenue": 111172
        },
        "2018-03": {
            "month": "2018-03",
            "price": "16.75",
            "revenue": 181328
        },
        "2018-04": {
            "month": "2018-04",
            "price": "13.81",
            "revenue": 184692
        },
        "2018-05": {
            "month": "2018-05",
            "price": "13.59",
            "revenue": 148393
        },
        "2018-06": {
            "month": "2018-06",
            "price": "14.30",
            "revenue": 146636
        },
        "2018-07": {
            "month": "2018-07",
            "price": "13.45",
            "revenue": 129777
        },
        "2018-08": {
            "month": "2018-08",
            "price": "13.31",
            "revenue": 123669
        },
        "2018-09": {
            "month": "2018-09",
            "price": "13.17",
            "revenue": 153670
        },
        "2018-10": {
            "month": "2018-10",
            "price": "12.95",
            "revenue": 150871
        },
        "2018-11": {
            "month": "2018-11",
            "price": "12.57",
            "revenue": 203906
        },
        "2018-12": {
            "month": "2018-12",
            "price": "13.37",
            "revenue": 138341
        },
        "2019-01": {
            "month": "2019-01",
            "price": "13.98",
            "revenue": 145116
        },
        "2019-02": {
            "month": "2019-02",
            "price": "13.55",
            "revenue": 67707
        },
        "2019-03": {
            "month": "2019-03",
            "price": "13.74",
            "revenue": 94975
        },
        "2019-04": {
            "month": "2019-04",
            "price": "13.71",
            "revenue": 92335
        },
        "2019-05": {
            "month": "2019-05",
            "price": "13.52",
            "revenue": 128826
        },
        "2019-06": {
            "month": "2019-06",
            "price": "13.44",
            "revenue": 93185
        },
        "2019-07": {
            "month": "2019-07",
            "price": "13.48",
            "revenue": 110959
        },
        "2019-08": {
            "month": "2019-08",
            "price": "11.90",
            "revenue": 149125
        },
        "2019-09": {
            "month": "2019-09",
            "price": "11.86",
            "revenue": 145509
        },
        "2019-10": {
            "month": "2019-10",
            "price": "12.09",
            "revenue": 112015
        },
        "2019-11": {
            "month": "2019-11",
            "price": "12.13",
            "revenue": 138100
        },
        "2019-12": {
            "month": "2019-12",
            "price": "11.90",
            "revenue": 122565
        },
        "2020-01": {
            "month": "2020-01",
            "price": "11.67",
            "revenue": 108555
        },
        "2020-02": {
            "month": "2020-02",
            "price": "11.15",
            "revenue": 65548
        },
        "2020-03": {
            "month": "2020-03",
            "price": "10.03",
            "revenue": 122582
        },
        "2020-04": {
            "month": "2020-04",
            "price": "9.58",
            "revenue": 168808
        },
        "2020-05": {
            "month": "2020-05",
            "price": "10.09",
            "revenue": 170766
        },
        "2020-06": {
            "month": "2020-06",
            "price": "10.47",
            "revenue": 147197
        },
        "2020-07": {
            "month": "2020-07",
            "price": "10.85",
            "revenue": 142010
        },
        "2020-08": {
            "month": "2020-08",
            "price": "10.85",
            "revenue": 115622
        },
        "2020-09": {
            "month": "2020-09",
            "price": "10.91",
            "revenue": 142586
        },
        "2020-10": {
            "month": "2020-10",
            "price": "10.52",
            "revenue": 111117
        },
        "2020-11": {
            "month": "2020-11",
            "price": "10.41",
            "revenue": 99838
        },
        "2020-12": {
            "month": "2020-12",
            "price": "10.64",
            "revenue": 132661
        },
        "2021-01": {
            "month": "2021-01",
            "price": "10.62",
            "revenue": 123599
        },
        "2021-02": {
            "month": "2021-02",
            "price": "10.54",
            "revenue": 87511
        },
        "2021-03": {
            "month": "2021-03",
            "price": "11.10",
            "revenue": 154575
        },
        "2021-04": {
            "month": "2021-04",
            "price": "11.71",
            "revenue": 135679
        },
        "2021-05": {
            "month": "2021-05",
            "price": "10.55",
            "revenue": 136383
        },
        "2021-06": {
            "month": "2021-06",
            "price": "10.27",
            "revenue": 143125
        },
        "2021-07": {
            "month": "2021-07",
            "price": "10.33",
            "revenue": 138917
        },
        "2021-08": {
            "month": "2021-08",
            "price": "10.29",
            "revenue": 153747
        },
        "2021-09": {
            "month": "2021-09",
            "price": "10.18",
            "revenue": 161229
        },
        "2021-10": {
            "month": "2021-10",
            "price": "10.97",
            "revenue": 135007
        },
        "2021-11": {
            "month": "2021-11",
            "price": "12.07",
            "revenue": 142688
        },
        "2021-12": {
            "month": "2021-12",
            "price": "12.24",
            "revenue": 150349
        },
        "2022-01": {
            "month": "2022-01",
            "price": "11.81",
            "revenue": 154439
        },
        "2022-02": {
            "month": "2022-02",
            "price": "11.52",
            "revenue": 105252
        },
        "2022-03": {
            "month": "2022-03",
            "price": "11.16",
            "revenue": 160346
        },
        "2022-04": {
            "month": "2022-04",
            "price": "10.57",
            "revenue": 147929
        },
        "2022-05": {
            "month": "2022-05",
            "price": "10.35",
            "revenue": 178608
        },
        "2022-06": {
            "month": "2022-06",
            "price": "11.39",
            "revenue": 209361
        },
        "2022-07": {
            "month": "2022-07",
            "price": "11.93",
            "revenue": 181565
        },
        "2022-08": {
            "month": "2022-08",
            "price": "14.01",
            "revenue": 208070
        },
        "2022-09": {
            "month": "2022-09",
            "price": "14.73",
            "revenue": 191389
        },
        "2022-10": {
            "month": "2022-10",
            "price": "13.41",
            "revenue": 185187
        },
        "2022-11": {
            "month": "2022-11",
            "price": "13.82",
            "revenue": 198872
        },
        "2022-12": {
            "month": "2022-12",
            "price": "13.98",
            "revenue": 150629
        },
        "2023-01": {
            "month": "2023-01",
            "price": "13.39",
            "revenue": 131823
        },
        "2023-02": {
            "month": "2023-02",
            "price": "13.42",
            "revenue": 120011
        },
        "2023-03": {
            "month": "2023-03",
            "price": "13.22",
            "revenue": 121938
        },
        "2023-04": {
            "month": "2023-04",
            "price": "12.86",
            "revenue": 102180
        }
    }
}
