{
    "summary": {
        "stock_name": "新門",
        "stock_id": "5432",
        "category": "光電",
        "main_business": "LCD模組",
        "website_url": "http://www.datavision.com.tw",
        "ceo": "陳政隆",
        "pe_ratio": 19,
        "report_year_from": 2001,
        "report_year_to": 2023,
        "age": 22,
        "eps_negative_percentage": 36,
        "eps_growth_avg": {
            "last_all": -8.84,
            "last_2y": 0,
            "last_4y": 33.33,
            "last_8y": -0.22,
            "last_12y": 1.56,
            "last_16y": -1.83,
            "last_20y": -8.84,
            "at_2006_last_3y": 0,
            "at_2007_last_3y": 30.31,
            "at_2008_last_3y": -13.12,
            "at_2009_last_3y": -13.12,
            "at_2010_last_3y": -69.69,
            "at_2011_last_3y": -64.9,
            "at_2012_last_3y": 35.1,
            "at_2013_last_3y": 5.72,
            "at_2014_last_3y": 8.22,
            "at_2015_last_3y": 23.39,
            "at_2016_last_3y": -13.64,
            "at_2017_last_3y": -25.38,
            "at_2018_last_3y": -39.08,
            "at_2019_last_3y": -16.04,
            "at_2020_last_3y": -33.33,
            "at_2021_last_3y": 0,
            "at_2022_last_3y": 33.33,
            "at_2023_last_3y": 33.33,
            "at_2006_last_all": 0,
            "at_2007_last_all": -13.12,
            "at_2008_last_all": -34.84,
            "at_2009_last_all": -34.84,
            "at_2010_last_all": -34.84,
            "at_2011_last_all": -33.84,
            "at_2012_last_all": -11.53,
            "at_2013_last_all": -17.46,
            "at_2014_last_all": -13.31,
            "at_2015_last_all": -8.4,
            "at_2016_last_all": -12.37,
            "at_2017_last_all": -20.34,
            "at_2018_last_all": -20.34,
            "at_2019_last_all": -10.31,
            "at_2020_last_all": -17.21,
            "at_2021_last_all": -17.21,
            "at_2022_last_all": -8.84,
            "at_2023_last_all": -8.84
        },
        "latest_eps": 1.67,
        "latest_price": 30.9,
        "latest_roe": 9.77,
        "latest_gross_margin": 20.22,
        "latest_equity": 360559,
        "latest_revenue": 51946,
        "latest_gross_profit": 10501,
        "latest_net_income": 3579,
        "latest_debt_ratio": 20.5,
        "latest_current_ratio": 366.51,
        "latest_account_receivable_turnover_ratio": 1.56,
        "latest_inventory_turnover_ratio": 0.51,
        "latest_reinvestment_rate": 46.57,
        "latest_research_to_sale_ratio": 0.35
    },
    "eps_dividends": {
        "2000": {
            "cash": 2,
            "stock": 2,
            "eps": 0
        },
        "2001": {
            "cash": 0,
            "stock": 0,
            "eps": -0.23
        },
        "2002": {
            "cash": 0,
            "stock": 0,
            "eps": 0.9
        },
        "2003": {
            "cash": 0,
            "stock": 0,
            "eps": -0.48
        },
        "2004": {
            "cash": 0,
            "stock": 0,
            "eps": -2.53
        },
        "2005": {
            "cash": 0,
            "stock": 0,
            "eps": 0.43
        },
        "2006": {
            "cash": 0,
            "stock": 0,
            "eps": 1.27
        },
        "2007": {
            "cash": 0,
            "stock": 0,
            "eps": 0.77
        },
        "2008": {
            "cash": 1,
            "stock": 0,
            "eps": -8.89
        },
        "2009": {
            "cash": 0,
            "stock": 0,
            "eps": -3.83
        },
        "2010": {
            "cash": 0,
            "stock": 0,
            "eps": 1.04
        },
        "2011": {
            "cash": 0,
            "stock": 0,
            "eps": 0.73
        },
        "2012": {
            "cash": 0,
            "stock": 0,
            "eps": 1.49
        },
        "2013": {
            "cash": 0,
            "stock": 0,
            "eps": 0.7
        },
        "2014": {
            "cash": 0,
            "stock": 0,
            "eps": 0.81
        },
        "2015": {
            "cash": 0,
            "stock": 0,
            "eps": 1.06
        },
        "2016": {
            "cash": 0,
            "stock": 0,
            "eps": 0.55
        },
        "2017": {
            "cash": 0,
            "stock": 0,
            "eps": -1.09
        },
        "2018": {
            "cash": 0,
            "stock": 0,
            "eps": 0.92
        },
        "2019": {
            "cash": 1,
            "stock": 0,
            "eps": 3.37
        },
        "2020": {
            "cash": 0,
            "stock": 0,
            "eps": -0.28
        },
        "2021": {
            "cash": 0,
            "stock": 0,
            "eps": 0.33
        },
        "2022": {
            "cash": 0,
            "stock": 0,
            "eps": 1.92
        },
        "2023": {
            "cash": 1,
            "stock": 0,
            "eps": 0.17
        }
    },
    "dividends": {
        "2000-06-16": {
            "cash": 2,
            "stock": 2
        },
        "2003-06-25": {
            "cash": 0.1,
            "stock": 0.4
        },
        "2007-04-26": {
            "cash": 0.3,
            "stock": 0
        },
        "2008-04-30": {
            "cash": 0.5,
            "stock": 0
        },
        "2019-07-19": {
            "cash": 0.5,
            "stock": 0
        },
        "2023-07-25": {
            "cash": 1,
            "stock": 0
        }
    },
    "prices": {
        "200101": "9.12",
        "200102": "11.75",
        "200103": "13.33",
        "200104": "17.54",
        "200105": "14.41",
        "200106": "13.81",
        "200107": "11.46",
        "200108": "11.44",
        "200109": "8.15",
        "200110": "6.68",
        "200111": "7.61",
        "200112": "11.70",
        "200201": "16.39",
        "200202": "25.81",
        "200203": "26.63",
        "200204": "25.46",
        "200205": "18.54",
        "200206": "16.22",
        "200207": "15.07",
        "200208": "14.71",
        "200209": "16.92",
        "200210": "20.05",
        "200211": "23.52",
        "200212": "22.30",
        "200301": "19.83",
        "200302": "16.96",
        "200303": "14.79",
        "200304": "15.05",
        "200305": "15.55",
        "200306": "19.98",
        "200307": "22.86",
        "200308": "21.85",
        "200309": "14.46",
        "200310": "13.96",
        "200311": "14.51",
        "200312": "15.67",
        "200401": "15.73",
        "200402": "15.90",
        "200403": "16.31",
        "200404": "16.09",
        "200405": "13.64",
        "200406": "14.80",
        "200407": "14.40",
        "200408": "10.98",
        "200409": "8.78",
        "200410": "8.49",
        "200411": "7.85",
        "200412": "7.13",
        "200501": "5.95",
        "200502": "6.81",
        "200503": "6.82",
        "200504": "6.06",
        "200505": "4.68",
        "200506": "5.68",
        "200507": "6.74",
        "200508": "5.68",
        "200509": "5.03",
        "200510": "4.87",
        "200511": "5.18",
        "200512": "6.92",
        "200601": "7.24",
        "200602": "8.66",
        "200603": "9.94",
        "200604": "9.54",
        "200605": "8.56",
        "200606": "7.35",
        "200607": "7.02",
        "200608": "7.58",
        "200609": "8.74",
        "200610": "9.22",
        "200611": "9.76",
        "200612": "10.42",
        "200701": "10.96",
        "200702": "11.22",
        "200703": "12.03",
        "200704": "16.34",
        "200705": "19.07",
        "200706": "24.94",
        "200707": "28.95",
        "200708": "21.77",
        "200709": "21.11",
        "200710": "23.32",
        "200711": "22.86",
        "200712": "19.40",
        "200801": "14.77",
        "200802": "13.67",
        "200803": "14.26",
        "200804": "15.47",
        "200805": "14.83",
        "200806": "12.44",
        "200807": "9.40",
        "200808": "9.21",
        "200809": "7.08",
        "200810": "5.97",
        "200811": "4.32",
        "200812": "4.23",
        "200901": "3.98",
        "200902": "4.80",
        "200903": "6.58",
        "200904": "6.37",
        "200905": "3.20",
        "200906": "1.98",
        "200907": "1.87",
        "200908": "1.66",
        "200909": "1.10",
        "200910": "2.76",
        "200911": "6.23",
        "200912": "6.17",
        "201001": "6.38",
        "201002": "5.88",
        "201003": "5.81",
        "201004": "5.12",
        "201005": "5.23",
        "201006": "4.86",
        "201007": "4.46",
        "201008": "4.29",
        "201009": "4.77",
        "201010": "5.24",
        "201011": "6.47",
        "201012": "6.27",
        "201101": "5.57",
        "201102": "7.14",
        "201103": "7.04",
        "201104": "6.48",
        "201105": "5.82",
        "201106": "4.96",
        "201107": "5.85",
        "201108": "4.77",
        "201109": "11.98",
        "201110": "11.83",
        "201111": "15.66",
        "201112": "12.89",
        "201201": "10.60",
        "201202": "12.97",
        "201203": "13.17",
        "201204": "14.02",
        "201205": "13.67",
        "201206": "13.35",
        "201207": "13.70",
        "201208": "13.73",
        "201209": "13.70",
        "201210": "15.25",
        "201211": "14.95",
        "201212": "15.74",
        "201301": "16.62",
        "201302": "16.41",
        "201303": "16.76",
        "201304": "21.27",
        "201305": "21.60",
        "201306": "21.15",
        "201307": "19.19",
        "201308": "16.73",
        "201309": "16.75",
        "201310": "17.09",
        "201311": "16.72",
        "201312": "16.63",
        "201401": "16.96",
        "201402": "18.07",
        "201403": "18.25",
        "201404": "17.90",
        "201405": "17.57",
        "201406": "18.15",
        "201407": "17.31",
        "201408": "17.24",
        "201409": "17.28",
        "201410": "16.20",
        "201411": "15.42",
        "201412": "15.57",
        "201501": "15.28",
        "201502": "15.48",
        "201503": "16.17",
        "201504": "18.77",
        "201505": "17.76",
        "201506": "15.60",
        "201507": "15.34",
        "201508": "15.40",
        "201509": "15.33",
        "201510": "15.14",
        "201511": "15.18",
        "201512": "15.37",
        "201601": "15.59",
        "201602": "15.18",
        "201603": "15.46",
        "201604": "15.33",
        "201605": "15.35",
        "201606": "15.20",
        "201607": "15.40",
        "201608": "16.09",
        "201609": "16.00",
        "201610": "15.57",
        "201611": "15.95",
        "201612": "19.17",
        "201701": "20.00",
        "201702": "21.44",
        "201703": "21.82",
        "201704": "25.42",
        "201705": "23.94",
        "201706": "25.77",
        "201707": "24.11",
        "201708": "23.16",
        "201709": "21.53",
        "201710": "22.24",
        "201711": "23.36",
        "201712": "22.17",
        "201801": "19.63",
        "201802": "19.74",
        "201803": "18.43",
        "201804": "19.06",
        "201805": "19.34",
        "201806": "24.58",
        "201807": "27.95",
        "201808": "30.30",
        "201809": "30.58",
        "201810": "27.74",
        "201811": "27.36",
        "201812": "32.64",
        "201901": "38.71",
        "201902": "42.17",
        "201903": "44.36",
        "201904": "27.90",
        "201905": "17.06",
        "201906": "20.22",
        "201907": "18.35",
        "201908": "17.12",
        "201909": "18.44",
        "201910": "19.31",
        "201911": "19.01",
        "201912": "19.42",
        "202001": "19.18",
        "202002": "17.39",
        "202003": "16.07",
        "202004": "16.07",
        "202005": "15.83",
        "202006": "16.20",
        "202007": "16.83",
        "202008": "17.16",
        "202009": "17.44",
        "202010": "17.54",
        "202011": "18.75",
        "202012": "20.49",
        "202101": "19.41",
        "202102": "18.84",
        "202103": "18.88",
        "202104": "22.75",
        "202105": "21.24",
        "202106": "22.43",
        "202107": "27.63",
        "202108": "33.84",
        "202109": "30.19",
        "202110": "28.48",
        "202111": "27.92",
        "202112": "31.90",
        "202201": "33.98",
        "202202": "34.45",
        "202203": "38.26",
        "202204": "39.94",
        "202205": "39.65",
        "202206": "36.97",
        "202207": "34.93",
        "202208": "34.31",
        "202209": "32.16",
        "202210": "28.86",
        "202211": "29.36",
        "202212": "29.03",
        "202301": "27.55",
        "202302": "26.68",
        "202303": "28.20",
        "202304": "27.92",
        "202305": "30.27"
    },
    "quarters": {
        "20011": {
            "year_quarter": 20011,
            "year": 2001,
            "quarter": 1,
            "eps": 0.19,
            "eps_growth_year": -26.92,
            "eps_4q": 0.81,
            "eps_4q_growth_year": 17.78,
            "roe": 1.46,
            "gross_profit": 42414,
            "gross_margin": 15.34,
            "net_income": 12091,
            "revenue": 276429,
            "common_shares": 628747,
            "equity": 833457,
            "current_ratio": 236.47,
            "debt_ratio": 37.97,
            "inventory_turnover_ratio": 0.53,
            "account_receivable_turnover_ratio": null,
            "reinvestment_rate": null,
            "research_to_sale_ratio": null,
            "price_fair": 0,
            "eps_avg_yearly": 0,
            "eps_latest_yearly": 0,
            "eps_growth_yearly": 0
        },
        "20012": {
            "year_quarter": 20012,
            "year": 2001,
            "quarter": 2,
            "eps": -0.09,
            "eps_growth_year": null,
            "eps_4q": 0.81,
            "eps_4q_growth_year": 63.54,
            "roe": -0.8,
            "gross_profit": 53803,
            "gross_margin": 16.88,
            "net_income": -6623,
            "revenue": 318689,
            "common_shares": 628747,
            "equity": 826834,
            "current_ratio": 261.93,
            "debt_ratio": 34.46,
            "inventory_turnover_ratio": 0.65,
            "account_receivable_turnover_ratio": null,
            "reinvestment_rate": null,
            "research_to_sale_ratio": null,
            "price_fair": 0,
            "eps_avg_yearly": 0,
            "eps_latest_yearly": 0,
            "eps_growth_yearly": 0
        },
        "20013": {
            "year_quarter": 20013,
            "year": 2001,
            "quarter": 3,
            "eps": -0.52,
            "eps_growth_year": -360,
            "eps_4q": 0.02,
            "eps_4q_growth_year": -94.55,
            "roe": -4.53,
            "gross_profit": 50728,
            "gross_margin": 20.66,
            "net_income": -36587,
            "revenue": 245564,
            "common_shares": 699338,
            "equity": 790247,
            "current_ratio": 278.03,
            "debt_ratio": 32.46,
            "inventory_turnover_ratio": 0.53,
            "account_receivable_turnover_ratio": null,
            "reinvestment_rate": null,
            "research_to_sale_ratio": null,
            "price_fair": 0,
            "eps_avg_yearly": 0,
            "eps_latest_yearly": 0,
            "eps_growth_yearly": 0
        },
        "20014": {
            "year_quarter": 20014,
            "year": 2001,
            "quarter": 4,
            "eps": 0.19,
            "eps_growth_year": -63.46,
            "eps_4q": -0.25,
            "eps_4q_growth_year": -130.08,
            "roe": 1.67,
            "gross_profit": 42999,
            "gross_margin": 22.57,
            "net_income": 13336,
            "revenue": 190541,
            "common_shares": 699338,
            "equity": 803892,
            "current_ratio": 314.83,
            "debt_ratio": 29.2,
            "inventory_turnover_ratio": 0.41,
            "account_receivable_turnover_ratio": null,
            "reinvestment_rate": null,
            "research_to_sale_ratio": null,
            "price_fair": 0,
            "eps_avg_yearly": 0,
            "eps_latest_yearly": 0,
            "eps_growth_yearly": 0
        },
        "20021": {
            "year_quarter": 20021,
            "year": 2002,
            "quarter": 1,
            "eps": 0.38,
            "eps_growth_year": 100,
            "eps_4q": -0.05,
            "eps_4q_growth_year": -105.59,
            "roe": 3.27,
            "gross_profit": 40842,
            "gross_margin": 18.5,
            "net_income": 26684,
            "revenue": 220710,
            "common_shares": 699338,
            "equity": 830576,
            "current_ratio": 357.91,
            "debt_ratio": 25.53,
            "inventory_turnover_ratio": 0.52,
            "account_receivable_turnover_ratio": null,
            "reinvestment_rate": null,
            "research_to_sale_ratio": null,
            "price_fair": 53.2,
            "eps_avg_yearly": 1.52,
            "eps_latest_yearly": 1.52,
            "eps_growth_yearly": 400
        },
        "20022": {
            "year_quarter": 20022,
            "year": 2002,
            "quarter": 2,
            "eps": 0.09,
            "eps_growth_year": null,
            "eps_4q": 0.14,
            "eps_4q_growth_year": -82.93,
            "roe": 0.78,
            "gross_profit": 39736,
            "gross_margin": 20.7,
            "net_income": 6518,
            "revenue": 191986,
            "common_shares": 699338,
            "equity": 836194,
            "current_ratio": 355.02,
            "debt_ratio": 25.61,
            "inventory_turnover_ratio": 0.47,
            "account_receivable_turnover_ratio": null,
            "reinvestment_rate": null,
            "research_to_sale_ratio": null,
            "price_fair": 32.9,
            "eps_avg_yearly": 0.94,
            "eps_latest_yearly": 0.36,
            "eps_growth_yearly": 47.37
        },
        "20023": {
            "year_quarter": 20023,
            "year": 2002,
            "quarter": 3,
            "eps": 0.29,
            "eps_growth_year": null,
            "eps_4q": 0.94,
            "eps_4q_growth_year": 3655.41,
            "roe": 2.31,
            "gross_profit": 46861,
            "gross_margin": 20.82,
            "net_income": 20910,
            "revenue": 225051,
            "common_shares": 799338,
            "equity": 977973,
            "current_ratio": 364.54,
            "debt_ratio": 23.54,
            "inventory_turnover_ratio": 0.55,
            "account_receivable_turnover_ratio": null,
            "reinvestment_rate": null,
            "research_to_sale_ratio": null,
            "price_fair": 35.47,
            "eps_avg_yearly": 1.01,
            "eps_latest_yearly": 1.16,
            "eps_growth_yearly": 327.88
        },
        "20024": {
            "year_quarter": 20024,
            "year": 2002,
            "quarter": 4,
            "eps": 0.14,
            "eps_growth_year": -26.32,
            "eps_4q": 0.86,
            "eps_4q_growth_year": null,
            "roe": 1.07,
            "gross_profit": 31555,
            "gross_margin": 12.84,
            "net_income": 10551,
            "revenue": 245848,
            "common_shares": 799338,
            "equity": 988466,
            "current_ratio": 325.57,
            "debt_ratio": 27.39,
            "inventory_turnover_ratio": 0.63,
            "account_receivable_turnover_ratio": null,
            "reinvestment_rate": 13.67,
            "research_to_sale_ratio": null,
            "price_fair": 31.5,
            "eps_avg_yearly": 0.9,
            "eps_latest_yearly": 0.56,
            "eps_growth_yearly": 194.18
        },
        "20031": {
            "year_quarter": 20031,
            "year": 2003,
            "quarter": 1,
            "eps": 0.24,
            "eps_growth_year": -36.84,
            "eps_4q": 0.71,
            "eps_4q_growth_year": null,
            "roe": 1.96,
            "gross_profit": 32659,
            "gross_margin": 16.18,
            "net_income": 19554,
            "revenue": 201885,
            "common_shares": 799338,
            "equity": 1008026,
            "current_ratio": 359.69,
            "debt_ratio": 23.72,
            "inventory_turnover_ratio": 0.5,
            "account_receivable_turnover_ratio": null,
            "reinvestment_rate": -1.64,
            "research_to_sale_ratio": null,
            "price_fair": 31.92,
            "eps_avg_yearly": 0.91,
            "eps_latest_yearly": 0.96,
            "eps_growth_yearly": 212.49
        },
        "20032": {
            "year_quarter": 20032,
            "year": 2003,
            "quarter": 2,
            "eps": -1,
            "eps_growth_year": -1211.11,
            "eps_4q": -0.41,
            "eps_4q_growth_year": -396.77,
            "roe": -8.69,
            "gross_profit": 39131,
            "gross_margin": 15.59,
            "net_income": -83610,
            "revenue": 251000,
            "common_shares": 799338,
            "equity": 916165,
            "current_ratio": 348.25,
            "debt_ratio": 23.65,
            "inventory_turnover_ratio": 0.67,
            "account_receivable_turnover_ratio": null,
            "reinvestment_rate": 6.13,
            "research_to_sale_ratio": null,
            "price_fair": 31.92,
            "eps_avg_yearly": 0.91,
            "eps_latest_yearly": 0.96,
            "eps_growth_yearly": 212.49
        },
        "20033": {
            "year_quarter": 20033,
            "year": 2003,
            "quarter": 3,
            "eps": 0.27,
            "eps_growth_year": -6.9,
            "eps_4q": -0.38,
            "eps_4q_growth_year": -140.73,
            "roe": 2.4,
            "gross_profit": 48988,
            "gross_margin": 18.17,
            "net_income": 22190,
            "revenue": 269629,
            "common_shares": 832648,
            "equity": 936884,
            "current_ratio": 284.3,
            "debt_ratio": 27.83,
            "inventory_turnover_ratio": 0.72,
            "account_receivable_turnover_ratio": null,
            "reinvestment_rate": 4.04,
            "research_to_sale_ratio": null,
            "price_fair": 31.92,
            "eps_avg_yearly": 0.91,
            "eps_latest_yearly": 0.96,
            "eps_growth_yearly": 212.49
        },
        "20034": {
            "year_quarter": 20034,
            "year": 2003,
            "quarter": 4,
            "eps": 0.01,
            "eps_growth_year": -92.86,
            "eps_4q": -0.55,
            "eps_4q_growth_year": -164.66,
            "roe": 0.08,
            "gross_profit": 42759,
            "gross_margin": 21.54,
            "net_income": 748,
            "revenue": 198521,
            "common_shares": 832648,
            "equity": 957772,
            "current_ratio": 283.79,
            "debt_ratio": 28.52,
            "inventory_turnover_ratio": 0.46,
            "account_receivable_turnover_ratio": null,
            "reinvestment_rate": 46.52,
            "research_to_sale_ratio": null,
            "price_fair": 26.83,
            "eps_avg_yearly": 0.77,
            "eps_latest_yearly": 0.04,
            "eps_growth_yearly": 112.88
        },
        "20041": {
            "year_quarter": 20041,
            "year": 2004,
            "quarter": 1,
            "eps": 0.14,
            "eps_growth_year": -41.67,
            "eps_4q": -0.59,
            "eps_4q_growth_year": -182.92,
            "roe": 1.23,
            "gross_profit": 34249,
            "gross_margin": 14.94,
            "net_income": 11707,
            "revenue": 229172,
            "common_shares": 832648,
            "equity": 947937,
            "current_ratio": 295.27,
            "debt_ratio": 26.62,
            "inventory_turnover_ratio": 0.56,
            "account_receivable_turnover_ratio": null,
            "reinvestment_rate": -43.82,
            "research_to_sale_ratio": null,
            "price_fair": 25.8,
            "eps_avg_yearly": 0.74,
            "eps_latest_yearly": 0.56,
            "eps_growth_yearly": 839.61
        },
        "20042": {
            "year_quarter": 20042,
            "year": 2004,
            "quarter": 2,
            "eps": -0.13,
            "eps_growth_year": null,
            "eps_4q": 0.28,
            "eps_4q_growth_year": null,
            "roe": -1.2,
            "gross_profit": 40386,
            "gross_margin": 17.28,
            "net_income": -11131,
            "revenue": 233739,
            "common_shares": 832648,
            "equity": 913004,
            "current_ratio": 250.98,
            "debt_ratio": 31.26,
            "inventory_turnover_ratio": 0.57,
            "account_receivable_turnover_ratio": null,
            "reinvestment_rate": -237.24,
            "research_to_sale_ratio": null,
            "price_fair": 25.8,
            "eps_avg_yearly": 0.74,
            "eps_latest_yearly": 0.56,
            "eps_growth_yearly": 839.61
        },
        "20043": {
            "year_quarter": 20043,
            "year": 2004,
            "quarter": 3,
            "eps": 0.05,
            "eps_growth_year": -81.48,
            "eps_4q": 0.07,
            "eps_4q_growth_year": null,
            "roe": 0.46,
            "gross_profit": 45335,
            "gross_margin": 18.12,
            "net_income": 4180,
            "revenue": 250180,
            "common_shares": 832648,
            "equity": 917594,
            "current_ratio": 278.07,
            "debt_ratio": 28.11,
            "inventory_turnover_ratio": 0.59,
            "account_receivable_turnover_ratio": null,
            "reinvestment_rate": -326.09,
            "research_to_sale_ratio": null,
            "price_fair": 25.8,
            "eps_avg_yearly": 0.74,
            "eps_latest_yearly": 0.56,
            "eps_growth_yearly": 839.61
        },
        "20044": {
            "year_quarter": 20044,
            "year": 2004,
            "quarter": 4,
            "eps": -2.59,
            "eps_growth_year": -26000,
            "eps_4q": -2.63,
            "eps_4q_growth_year": null,
            "roe": -25.57,
            "gross_profit": 17372,
            "gross_margin": 5.76,
            "net_income": -212618,
            "revenue": 301513,
            "common_shares": 832648,
            "equity": 745126,
            "current_ratio": 207.2,
            "debt_ratio": 36.97,
            "inventory_turnover_ratio": 0.83,
            "account_receivable_turnover_ratio": null,
            "reinvestment_rate": null,
            "research_to_sale_ratio": null,
            "price_fair": 25.8,
            "eps_avg_yearly": 0.74,
            "eps_latest_yearly": 0.56,
            "eps_growth_yearly": 839.61
        },
        "20051": {
            "year_quarter": 20051,
            "year": 2005,
            "quarter": 1,
            "eps": 0.2,
            "eps_growth_year": 42.86,
            "eps_4q": -2.56,
            "eps_4q_growth_year": null,
            "roe": 2.18,
            "gross_profit": 28365,
            "gross_margin": 13.29,
            "net_income": 15935,
            "revenue": 213428,
            "common_shares": 832648,
            "equity": 715897,
            "current_ratio": 334.36,
            "debt_ratio": 21.67,
            "inventory_turnover_ratio": 0.62,
            "account_receivable_turnover_ratio": null,
            "reinvestment_rate": null,
            "research_to_sale_ratio": null,
            "price_fair": 25.8,
            "eps_avg_yearly": 0.74,
            "eps_latest_yearly": 0.56,
            "eps_growth_yearly": 839.61
        },
        "20052": {
            "year_quarter": 20052,
            "year": 2005,
            "quarter": 2,
            "eps": -0.1,
            "eps_growth_year": null,
            "eps_4q": -2.41,
            "eps_4q_growth_year": -954.94,
            "roe": -1.2,
            "gross_profit": 37345,
            "gross_margin": 15.12,
            "net_income": -8528,
            "revenue": 246958,
            "common_shares": 832648,
            "equity": 707151,
            "current_ratio": 275.07,
            "debt_ratio": 26.68,
            "inventory_turnover_ratio": 0.82,
            "account_receivable_turnover_ratio": null,
            "reinvestment_rate": null,
            "research_to_sale_ratio": null,
            "price_fair": 25.8,
            "eps_avg_yearly": 0.74,
            "eps_latest_yearly": 0.56,
            "eps_growth_yearly": 839.61
        },
        "20053": {
            "year_quarter": 20053,
            "year": 2005,
            "quarter": 3,
            "eps": 0.28,
            "eps_growth_year": 460,
            "eps_4q": -2.22,
            "eps_4q_growth_year": -3466.79,
            "roe": 3.19,
            "gross_profit": 40416,
            "gross_margin": 15.49,
            "net_income": 23015,
            "revenue": 260853,
            "common_shares": 832648,
            "equity": 734156,
            "current_ratio": 287.37,
            "debt_ratio": 28.84,
            "inventory_turnover_ratio": 0.84,
            "account_receivable_turnover_ratio": null,
            "reinvestment_rate": null,
            "research_to_sale_ratio": null,
            "price_fair": 25.8,
            "eps_avg_yearly": 0.74,
            "eps_latest_yearly": 0.56,
            "eps_growth_yearly": 839.61
        },
        "20054": {
            "year_quarter": 20054,
            "year": 2005,
            "quarter": 4,
            "eps": 0.05,
            "eps_growth_year": null,
            "eps_4q": 0.44,
            "eps_4q_growth_year": null,
            "roe": 0.52,
            "gross_profit": 54883,
            "gross_margin": 16.03,
            "net_income": 3950,
            "revenue": 342304,
            "common_shares": 832648,
            "equity": 776182,
            "current_ratio": 216.31,
            "debt_ratio": 38.58,
            "inventory_turnover_ratio": 0.95,
            "account_receivable_turnover_ratio": null,
            "reinvestment_rate": null,
            "research_to_sale_ratio": null,
            "price_fair": 23.45,
            "eps_avg_yearly": 0.67,
            "eps_latest_yearly": 0.2,
            "eps_growth_yearly": 693.59
        },
        "20061": {
            "year_quarter": 20061,
            "year": 2006,
            "quarter": 1,
            "eps": 0.12,
            "eps_growth_year": -40,
            "eps_4q": 0.36,
            "eps_4q_growth_year": null,
            "roe": 1.24,
            "gross_profit": 49206,
            "gross_margin": 15.54,
            "net_income": 9398,
            "revenue": 316621,
            "common_shares": 832648,
            "equity": 745801,
            "current_ratio": 375.22,
            "debt_ratio": 22.45,
            "inventory_turnover_ratio": 0.86,
            "account_receivable_turnover_ratio": null,
            "reinvestment_rate": null,
            "research_to_sale_ratio": null,
            "price_fair": 18.9,
            "eps_avg_yearly": 0.54,
            "eps_latest_yearly": 0.48,
            "eps_growth_yearly": 713.59
        },
        "20062": {
            "year_quarter": 20062,
            "year": 2006,
            "quarter": 2,
            "eps": 0.77,
            "eps_growth_year": null,
            "eps_4q": 1.22,
            "eps_4q_growth_year": null,
            "roe": 8.02,
            "gross_profit": 48243,
            "gross_margin": 17.05,
            "net_income": 62440,
            "revenue": 282901,
            "common_shares": 832648,
            "equity": 810548,
            "current_ratio": 404.69,
            "debt_ratio": 19.73,
            "inventory_turnover_ratio": 0.79,
            "account_receivable_turnover_ratio": null,
            "reinvestment_rate": null,
            "research_to_sale_ratio": null,
            "price_fair": 30.8,
            "eps_avg_yearly": 0.88,
            "eps_latest_yearly": 3.08,
            "eps_growth_yearly": 1022.58
        },
        "20063": {
            "year_quarter": 20063,
            "year": 2006,
            "quarter": 3,
            "eps": 0.27,
            "eps_growth_year": -3.57,
            "eps_4q": 1.2,
            "eps_4q_growth_year": null,
            "roe": 2.68,
            "gross_profit": 52168,
            "gross_margin": 16.41,
            "net_income": 22039,
            "revenue": 317960,
            "common_shares": 832648,
            "equity": 831529,
            "current_ratio": 341.7,
            "debt_ratio": 23.59,
            "inventory_turnover_ratio": 0.9,
            "account_receivable_turnover_ratio": null,
            "reinvestment_rate": null,
            "research_to_sale_ratio": null,
            "price_fair": 30.45,
            "eps_avg_yearly": 0.87,
            "eps_latest_yearly": 1.08,
            "eps_growth_yearly": 879
        },
        "20064": {
            "year_quarter": 20064,
            "year": 2006,
            "quarter": 4,
            "eps": 0.11,
            "eps_growth_year": 120,
            "eps_4q": 1.24,
            "eps_4q_growth_year": 185.13,
            "roe": 1.07,
            "gross_profit": 45232,
            "gross_margin": 15.08,
            "net_income": 9134,
            "revenue": 299937,
            "common_shares": 832648,
            "equity": 876973,
            "current_ratio": 231.78,
            "debt_ratio": 36.34,
            "inventory_turnover_ratio": 0.75,
            "account_receivable_turnover_ratio": null,
            "reinvestment_rate": null,
            "research_to_sale_ratio": null,
            "price_fair": 29.93,
            "eps_avg_yearly": 0.86,
            "eps_latest_yearly": 0.44,
            "eps_growth_yearly": 875.23
        },
        "20071": {
            "year_quarter": 20071,
            "year": 2007,
            "quarter": 1,
            "eps": 0.33,
            "eps_growth_year": 175,
            "eps_4q": 1.48,
            "eps_4q_growth_year": 317.15,
            "roe": 3.07,
            "gross_profit": 47628,
            "gross_margin": 11,
            "net_income": 26802,
            "revenue": 433168,
            "common_shares": 832648,
            "equity": 869374,
            "current_ratio": 281.89,
            "debt_ratio": 29.54,
            "inventory_turnover_ratio": 1.06,
            "account_receivable_turnover_ratio": null,
            "reinvestment_rate": null,
            "research_to_sale_ratio": null,
            "price_fair": 31.5,
            "eps_avg_yearly": 0.9,
            "eps_latest_yearly": 1.32,
            "eps_growth_yearly": 939.52
        },
        "20072": {
            "year_quarter": 20072,
            "year": 2007,
            "quarter": 2,
            "eps": 0.19,
            "eps_growth_year": -75.32,
            "eps_4q": 0.91,
            "eps_4q_growth_year": -25.56,
            "roe": 1.78,
            "gross_profit": 65286,
            "gross_margin": 14.61,
            "net_income": 15362,
            "revenue": 446980,
            "common_shares": 815748,
            "equity": 858542,
            "current_ratio": 253.72,
            "debt_ratio": 33.36,
            "inventory_turnover_ratio": 1.04,
            "account_receivable_turnover_ratio": null,
            "reinvestment_rate": null,
            "research_to_sale_ratio": null,
            "price_fair": 30.96,
            "eps_avg_yearly": 0.88,
            "eps_latest_yearly": 0.76,
            "eps_growth_yearly": 816.27
        },
        "20073": {
            "year_quarter": 20073,
            "year": 2007,
            "quarter": 3,
            "eps": 0.27,
            "eps_growth_year": 0,
            "eps_4q": 0.9,
            "eps_4q_growth_year": -24.67,
            "roe": 2.52,
            "gross_profit": 53041,
            "gross_margin": 11.39,
            "net_income": 21886,
            "revenue": 465818,
            "common_shares": 815748,
            "equity": 880330,
            "current_ratio": 238.46,
            "debt_ratio": 36.04,
            "inventory_turnover_ratio": 1.07,
            "account_receivable_turnover_ratio": null,
            "reinvestment_rate": null,
            "research_to_sale_ratio": null,
            "price_fair": 31.64,
            "eps_avg_yearly": 0.9,
            "eps_latest_yearly": 1.08,
            "eps_growth_yearly": 751.49
        },
        "20074": {
            "year_quarter": 20074,
            "year": 2007,
            "quarter": 4,
            "eps": -0.02,
            "eps_growth_year": -118.18,
            "eps_4q": 0.88,
            "eps_4q_growth_year": -29.32,
            "roe": -0.16,
            "gross_profit": 55382,
            "gross_margin": 8.95,
            "net_income": -1406,
            "revenue": 618493,
            "common_shares": 815748,
            "equity": 906171,
            "current_ratio": 208.93,
            "debt_ratio": 40.7,
            "inventory_turnover_ratio": 1.28,
            "account_receivable_turnover_ratio": null,
            "reinvestment_rate": null,
            "research_to_sale_ratio": null,
            "price_fair": 35,
            "eps_avg_yearly": 1,
            "eps_latest_yearly": 1.08,
            "eps_growth_yearly": 877.78
        },
        "20081": {
            "year_quarter": 20081,
            "year": 2008,
            "quarter": 1,
            "eps": 0.21,
            "eps_growth_year": -36.36,
            "eps_4q": 0.65,
            "eps_4q_growth_year": -55.82,
            "roe": 1.85,
            "gross_profit": 59148,
            "gross_margin": 6.77,
            "net_income": 16911,
            "revenue": 873544,
            "common_shares": 815748,
            "equity": 917800,
            "current_ratio": 165.48,
            "debt_ratio": 53.72,
            "inventory_turnover_ratio": 1.3,
            "account_receivable_turnover_ratio": null,
            "reinvestment_rate": null,
            "research_to_sale_ratio": null,
            "price_fair": 36.93,
            "eps_avg_yearly": 1.06,
            "eps_latest_yearly": 1.08,
            "eps_growth_yearly": 337.51
        },
        "20082": {
            "year_quarter": 20082,
            "year": 2008,
            "quarter": 2,
            "eps": -0.02,
            "eps_growth_year": -110.53,
            "eps_4q": 0.44,
            "eps_4q_growth_year": -51.94,
            "roe": -0.14,
            "gross_profit": 60616,
            "gross_margin": 7.58,
            "net_income": -1228,
            "revenue": 800004,
            "common_shares": 815748,
            "equity": 888891,
            "current_ratio": 163.06,
            "debt_ratio": 54.45,
            "inventory_turnover_ratio": 0.99,
            "account_receivable_turnover_ratio": null,
            "reinvestment_rate": 786.78,
            "research_to_sale_ratio": null,
            "price_fair": 36.93,
            "eps_avg_yearly": 1.06,
            "eps_latest_yearly": 1.08,
            "eps_growth_yearly": 337.51
        },
        "20083": {
            "year_quarter": 20083,
            "year": 2008,
            "quarter": 3,
            "eps": 0.07,
            "eps_growth_year": -74.07,
            "eps_4q": 0.32,
            "eps_4q_growth_year": -64.75,
            "roe": 0.47,
            "gross_profit": 18373,
            "gross_margin": 2.13,
            "net_income": 4192,
            "revenue": 863612,
            "common_shares": 815748,
            "equity": 896682,
            "current_ratio": 154.8,
            "debt_ratio": 55.78,
            "inventory_turnover_ratio": 1.15,
            "account_receivable_turnover_ratio": null,
            "reinvestment_rate": 1591.21,
            "research_to_sale_ratio": null,
            "price_fair": 36.93,
            "eps_avg_yearly": 1.06,
            "eps_latest_yearly": 1.08,
            "eps_growth_yearly": 337.51
        },
        "20084": {
            "year_quarter": 20084,
            "year": 2008,
            "quarter": 4,
            "eps": -9.15,
            "eps_growth_year": null,
            "eps_4q": -8.9,
            "eps_4q_growth_year": -1115.21,
            "roe": -145.64,
            "gross_profit": -157307,
            "gross_margin": 67.4,
            "net_income": -745724,
            "revenue": -233387,
            "common_shares": 815748,
            "equity": 127359,
            "current_ratio": 107.48,
            "debt_ratio": 79.94,
            "inventory_turnover_ratio": -0.15,
            "account_receivable_turnover_ratio": -3.15,
            "reinvestment_rate": null,
            "research_to_sale_ratio": null,
            "price_fair": 36.93,
            "eps_avg_yearly": 1.06,
            "eps_latest_yearly": 1.08,
            "eps_growth_yearly": 337.51
        },
        "20091": {
            "year_quarter": 20091,
            "year": 2009,
            "quarter": 1,
            "eps": 0.16,
            "eps_growth_year": -23.81,
            "eps_4q": -9.64,
            "eps_4q_growth_year": -1572.23,
            "roe": 9.08,
            "gross_profit": 31192,
            "gross_margin": 19.39,
            "net_income": 12116,
            "revenue": 160841,
            "common_shares": 815748,
            "equity": 139474,
            "current_ratio": 112.99,
            "debt_ratio": 74.56,
            "inventory_turnover_ratio": 0.56,
            "account_receivable_turnover_ratio": 2.17,
            "reinvestment_rate": null,
            "research_to_sale_ratio": null,
            "price_fair": 36.93,
            "eps_avg_yearly": 1.06,
            "eps_latest_yearly": 1.08,
            "eps_growth_yearly": 337.51
        },
        "20092": {
            "year_quarter": 20092,
            "year": 2009,
            "quarter": 2,
            "eps": -1.43,
            "eps_growth_year": null,
            "eps_4q": -10.36,
            "eps_4q_growth_year": -2476.14,
            "roe": -145.23,
            "gross_profit": -78221,
            "gross_margin": -74.33,
            "net_income": -117345,
            "revenue": 105238,
            "common_shares": 815748,
            "equity": 22130,
            "current_ratio": 80.17,
            "debt_ratio": 94.27,
            "inventory_turnover_ratio": 1.29,
            "account_receivable_turnover_ratio": 1.36,
            "reinvestment_rate": null,
            "research_to_sale_ratio": null,
            "price_fair": 36.93,
            "eps_avg_yearly": 1.06,
            "eps_latest_yearly": 1.08,
            "eps_growth_yearly": 337.51
        },
        "20093": {
            "year_quarter": 20093,
            "year": 2009,
            "quarter": 3,
            "eps": -0.16,
            "eps_growth_year": -328.57,
            "eps_4q": -76.61,
            "eps_4q_growth_year": -24169.62,
            "roe": -9.77,
            "gross_profit": 9857,
            "gross_margin": 9.96,
            "net_income": -2062,
            "revenue": 98937,
            "common_shares": 111229,
            "equity": 20072,
            "current_ratio": 79.78,
            "debt_ratio": 94.59,
            "inventory_turnover_ratio": 1.22,
            "account_receivable_turnover_ratio": 1.97,
            "reinvestment_rate": null,
            "research_to_sale_ratio": null,
            "price_fair": 36.93,
            "eps_avg_yearly": 1.06,
            "eps_latest_yearly": 1.08,
            "eps_growth_yearly": 337.51
        },
        "20094": {
            "year_quarter": 20094,
            "year": 2009,
            "quarter": 4,
            "eps": -2.4,
            "eps_growth_year": null,
            "eps_4q": -3.92,
            "eps_4q_growth_year": null,
            "roe": -65.4,
            "gross_profit": -8219,
            "gross_margin": -8.95,
            "net_income": -28084,
            "revenue": 91833,
            "common_shares": 341229,
            "equity": 65816,
            "current_ratio": 90.65,
            "debt_ratio": 72.61,
            "inventory_turnover_ratio": 2.4,
            "account_receivable_turnover_ratio": 4.53,
            "reinvestment_rate": null,
            "research_to_sale_ratio": null,
            "price_fair": 41.2,
            "eps_avg_yearly": 1.18,
            "eps_latest_yearly": 1.08,
            "eps_growth_yearly": 432.66
        },
        "20101": {
            "year_quarter": 20101,
            "year": 2010,
            "quarter": 1,
            "eps": 0.15,
            "eps_growth_year": -6.25,
            "eps_4q": -4.14,
            "eps_4q_growth_year": null,
            "roe": 7.32,
            "gross_profit": 15358,
            "gross_margin": 20.6,
            "net_income": 5000,
            "revenue": 74551,
            "common_shares": 341229,
            "equity": 70817,
            "current_ratio": 79.97,
            "debt_ratio": 65.44,
            "inventory_turnover_ratio": 3.46,
            "account_receivable_turnover_ratio": 1.79,
            "reinvestment_rate": null,
            "research_to_sale_ratio": 0.6,
            "price_fair": 45.27,
            "eps_avg_yearly": 1.29,
            "eps_latest_yearly": 1.08,
            "eps_growth_yearly": 411.44
        },
        "20102": {
            "year_quarter": 20102,
            "year": 2010,
            "quarter": 2,
            "eps": 0.35,
            "eps_growth_year": null,
            "eps_4q": -0.19,
            "eps_4q_growth_year": null,
            "roe": 15.8,
            "gross_profit": 27812,
            "gross_margin": 34.68,
            "net_income": 16006,
            "revenue": 80190,
            "common_shares": 459729,
            "equity": 131853,
            "current_ratio": 153.98,
            "debt_ratio": 42.65,
            "inventory_turnover_ratio": 3.65,
            "account_receivable_turnover_ratio": 1.82,
            "reinvestment_rate": null,
            "research_to_sale_ratio": 0.57,
            "price_fair": 35.47,
            "eps_avg_yearly": 1.01,
            "eps_latest_yearly": 1.4,
            "eps_growth_yearly": 139.21
        },
        "20103": {
            "year_quarter": 20103,
            "year": 2010,
            "quarter": 3,
            "eps": 0.49,
            "eps_growth_year": null,
            "eps_4q": 0.33,
            "eps_4q_growth_year": null,
            "roe": 15.63,
            "gross_profit": 34176,
            "gross_margin": 45.51,
            "net_income": 22352,
            "revenue": 75099,
            "common_shares": 459729,
            "equity": 154205,
            "current_ratio": 206.79,
            "debt_ratio": 37.37,
            "inventory_turnover_ratio": 2.38,
            "account_receivable_turnover_ratio": 1.86,
            "reinvestment_rate": null,
            "research_to_sale_ratio": 0.76,
            "price_fair": 40.6,
            "eps_avg_yearly": 1.16,
            "eps_latest_yearly": 1.96,
            "eps_growth_yearly": 209.17
        },
        "20104": {
            "year_quarter": 20104,
            "year": 2010,
            "quarter": 4,
            "eps": 0.05,
            "eps_growth_year": null,
            "eps_4q": 0.99,
            "eps_4q_growth_year": null,
            "roe": 1.46,
            "gross_profit": 19843,
            "gross_margin": 31.38,
            "net_income": 2270,
            "revenue": 63239,
            "common_shares": 459729,
            "equity": 156475,
            "current_ratio": 232.07,
            "debt_ratio": 34.28,
            "inventory_turnover_ratio": 2.99,
            "account_receivable_turnover_ratio": 1.83,
            "reinvestment_rate": null,
            "research_to_sale_ratio": 0.69,
            "price_fair": 39.2,
            "eps_avg_yearly": 1.12,
            "eps_latest_yearly": 0.2,
            "eps_growth_yearly": 188.81
        },
        "20111": {
            "year_quarter": 20111,
            "year": 2011,
            "quarter": 1,
            "eps": 0.21,
            "eps_growth_year": 40,
            "eps_4q": 1.09,
            "eps_4q_growth_year": null,
            "roe": 5.89,
            "gross_profit": 11998,
            "gross_margin": 25.28,
            "net_income": 9499,
            "revenue": 47464,
            "common_shares": 459729,
            "equity": 165974,
            "current_ratio": 290.71,
            "debt_ratio": 33.24,
            "inventory_turnover_ratio": 3.84,
            "account_receivable_turnover_ratio": 1.73,
            "reinvestment_rate": null,
            "research_to_sale_ratio": 0.44,
            "price_fair": 36.4,
            "eps_avg_yearly": 1.04,
            "eps_latest_yearly": 0.84,
            "eps_growth_yearly": 268.81
        },
        "20112": {
            "year_quarter": 20112,
            "year": 2011,
            "quarter": 2,
            "eps": 0.08,
            "eps_growth_year": -76.38,
            "eps_4q": 0.82,
            "eps_4q_growth_year": null,
            "roe": 2.25,
            "gross_profit": 16486,
            "gross_margin": 33.02,
            "net_income": 3780,
            "revenue": 49920,
            "common_shares": 459729,
            "equity": 169754,
            "current_ratio": 288.04,
            "debt_ratio": 33.72,
            "inventory_turnover_ratio": 2.93,
            "account_receivable_turnover_ratio": 2.36,
            "reinvestment_rate": null,
            "research_to_sale_ratio": 1.96,
            "price_fair": 33.83,
            "eps_avg_yearly": 0.97,
            "eps_latest_yearly": 0.32,
            "eps_growth_yearly": 255.83
        },
        "20113": {
            "year_quarter": 20113,
            "year": 2011,
            "quarter": 3,
            "eps": 0.23,
            "eps_growth_year": -52.47,
            "eps_4q": 0.98,
            "eps_4q_growth_year": 195.76,
            "roe": 2.78,
            "gross_profit": 11167,
            "gross_margin": 24.7,
            "net_income": 4781,
            "revenue": 45218,
            "common_shares": 206878,
            "equity": 174535,
            "current_ratio": 306.04,
            "debt_ratio": 32.23,
            "inventory_turnover_ratio": 2.62,
            "account_receivable_turnover_ratio": 1.98,
            "reinvestment_rate": null,
            "research_to_sale_ratio": 1.5,
            "price_fair": 32.9,
            "eps_avg_yearly": 0.94,
            "eps_latest_yearly": 0.92,
            "eps_growth_yearly": 352.76
        },
        "20114": {
            "year_quarter": 20114,
            "year": 2011,
            "quarter": 4,
            "eps": 0.21,
            "eps_growth_year": 324.57,
            "eps_4q": 1.08,
            "eps_4q_growth_year": 9.08,
            "roe": 2.45,
            "gross_profit": 9495,
            "gross_margin": 26.11,
            "net_income": 4337,
            "revenue": 36360,
            "common_shares": 206878,
            "equity": 178872,
            "current_ratio": 382.36,
            "debt_ratio": 27.75,
            "inventory_turnover_ratio": 2.39,
            "account_receivable_turnover_ratio": 1.87,
            "reinvestment_rate": null,
            "research_to_sale_ratio": 1.08,
            "price_fair": 32.4,
            "eps_avg_yearly": 0.93,
            "eps_latest_yearly": 0.84,
            "eps_growth_yearly": 297.39
        },
        "20121": {
            "year_quarter": 20121,
            "year": 2012,
            "quarter": 1,
            "eps": 0.39,
            "eps_growth_year": 85.71,
            "eps_4q": 1.02,
            "eps_4q_growth_year": -6.79,
            "roe": 4.44,
            "gross_profit": 12173,
            "gross_margin": 31.6,
            "net_income": 8128,
            "revenue": 38524,
            "common_shares": 206878,
            "equity": 186999,
            "current_ratio": 425.21,
            "debt_ratio": 25.68,
            "inventory_turnover_ratio": 2.76,
            "account_receivable_turnover_ratio": 2.25,
            "reinvestment_rate": null,
            "research_to_sale_ratio": 1.6,
            "price_fair": 35.18,
            "eps_avg_yearly": 1.01,
            "eps_latest_yearly": 1.56,
            "eps_growth_yearly": 303.08
        },
        "20122": {
            "year_quarter": 20122,
            "year": 2012,
            "quarter": 2,
            "eps": 0.29,
            "eps_growth_year": 251.5,
            "eps_4q": 1.12,
            "eps_4q_growth_year": 36.17,
            "roe": 3.15,
            "gross_profit": 11467,
            "gross_margin": 28.83,
            "net_income": 5979,
            "revenue": 39773,
            "common_shares": 206878,
            "equity": 192979,
            "current_ratio": 413.98,
            "debt_ratio": 25.77,
            "inventory_turnover_ratio": 2.85,
            "account_receivable_turnover_ratio": 2.01,
            "reinvestment_rate": null,
            "research_to_sale_ratio": 1.63,
            "price_fair": 35.78,
            "eps_avg_yearly": 1.02,
            "eps_latest_yearly": 1.16,
            "eps_growth_yearly": 258
        },
        "20123": {
            "year_quarter": 20123,
            "year": 2012,
            "quarter": 3,
            "eps": 0.33,
            "eps_growth_year": 42.13,
            "eps_4q": 1.22,
            "eps_4q_growth_year": 24.15,
            "roe": 3.46,
            "gross_profit": 14851,
            "gross_margin": 24.85,
            "net_income": 6795,
            "revenue": 59759,
            "common_shares": 206878,
            "equity": 199774,
            "current_ratio": 431.41,
            "debt_ratio": 25,
            "inventory_turnover_ratio": 4.38,
            "account_receivable_turnover_ratio": 2.9,
            "reinvestment_rate": null,
            "research_to_sale_ratio": 0.93,
            "price_fair": 36.82,
            "eps_avg_yearly": 1.05,
            "eps_latest_yearly": 1.32,
            "eps_growth_yearly": 237.72
        },
        "20124": {
            "year_quarter": 20124,
            "year": 2012,
            "quarter": 4,
            "eps": 0.48,
            "eps_growth_year": 129.35,
            "eps_4q": 1.49,
            "eps_4q_growth_year": 37.74,
            "roe": 4.86,
            "gross_profit": 16199,
            "gross_margin": 61.07,
            "net_income": 9947,
            "revenue": 26527,
            "common_shares": 206878,
            "equity": 209721,
            "current_ratio": 448.87,
            "debt_ratio": 24,
            "inventory_turnover_ratio": 0.9,
            "account_receivable_turnover_ratio": 1.31,
            "reinvestment_rate": null,
            "research_to_sale_ratio": 1.53,
            "price_fair": 39.58,
            "eps_avg_yearly": 1.13,
            "eps_latest_yearly": 1.92,
            "eps_growth_yearly": 232.64
        },
        "20131": {
            "year_quarter": 20131,
            "year": 2013,
            "quarter": 1,
            "eps": 0.35,
            "eps_growth_year": -10.26,
            "eps_4q": 1.45,
            "eps_4q_growth_year": 42.87,
            "roe": 3.39,
            "gross_profit": 11881,
            "gross_margin": 26.56,
            "net_income": 7319,
            "revenue": 44735,
            "common_shares": 206878,
            "equity": 221461,
            "current_ratio": 658.67,
            "debt_ratio": 17.52,
            "inventory_turnover_ratio": 3.04,
            "account_receivable_turnover_ratio": 2.21,
            "reinvestment_rate": null,
            "research_to_sale_ratio": 1.35,
            "price_fair": 40.37,
            "eps_avg_yearly": 1.15,
            "eps_latest_yearly": 1.4,
            "eps_growth_yearly": 204.22
        },
        "20132": {
            "year_quarter": 20132,
            "year": 2013,
            "quarter": 2,
            "eps": 0.16,
            "eps_growth_year": -44.64,
            "eps_4q": 1.33,
            "eps_4q_growth_year": 18.09,
            "roe": 1.51,
            "gross_profit": 11753,
            "gross_margin": 30.77,
            "net_income": 3365,
            "revenue": 38201,
            "common_shares": 206878,
            "equity": 224826,
            "current_ratio": 580.38,
            "debt_ratio": 18.82,
            "inventory_turnover_ratio": 3.18,
            "account_receivable_turnover_ratio": 1.92,
            "reinvestment_rate": -36.02,
            "research_to_sale_ratio": 1.47,
            "price_fair": 38.98,
            "eps_avg_yearly": 1.11,
            "eps_latest_yearly": 0.64,
            "eps_growth_yearly": 171.81
        },
        "20133": {
            "year_quarter": 20133,
            "year": 2013,
            "quarter": 3,
            "eps": 0.1,
            "eps_growth_year": -69.55,
            "eps_4q": 1.11,
            "eps_4q_growth_year": -9.39,
            "roe": 0.99,
            "gross_profit": 9948,
            "gross_margin": 27.51,
            "net_income": 2238,
            "revenue": 36165,
            "common_shares": 206878,
            "equity": 227064,
            "current_ratio": 591.44,
            "debt_ratio": 18.45,
            "inventory_turnover_ratio": 3.03,
            "account_receivable_turnover_ratio": 2.14,
            "reinvestment_rate": -33.57,
            "research_to_sale_ratio": 1.07,
            "price_fair": 37.2,
            "eps_avg_yearly": 1.06,
            "eps_latest_yearly": 0.4,
            "eps_growth_yearly": 148.83
        },
        "20134": {
            "year_quarter": 20134,
            "year": 2013,
            "quarter": 4,
            "eps": 0.09,
            "eps_growth_year": -82.08,
            "eps_4q": 0.71,
            "eps_4q_growth_year": -52.34,
            "roe": 0.78,
            "gross_profit": 9063,
            "gross_margin": 27.9,
            "net_income": 1782,
            "revenue": 32480,
            "common_shares": 206878,
            "equity": 229584,
            "current_ratio": 610.52,
            "debt_ratio": 17.67,
            "inventory_turnover_ratio": 2.64,
            "account_receivable_turnover_ratio": 2.19,
            "reinvestment_rate": -28.41,
            "research_to_sale_ratio": 1.54,
            "price_fair": 35.56,
            "eps_avg_yearly": 1.02,
            "eps_latest_yearly": 0.36,
            "eps_growth_yearly": 136.24
        },
        "20141": {
            "year_quarter": 20141,
            "year": 2014,
            "quarter": 1,
            "eps": 0.19,
            "eps_growth_year": -45.71,
            "eps_4q": 0.55,
            "eps_4q_growth_year": -62.27,
            "roe": 1.7,
            "gross_profit": 10469,
            "gross_margin": 30.24,
            "net_income": 3948,
            "revenue": 34623,
            "common_shares": 206878,
            "equity": 233532,
            "current_ratio": 586.14,
            "debt_ratio": 18.09,
            "inventory_turnover_ratio": 2.36,
            "account_receivable_turnover_ratio": 2.34,
            "reinvestment_rate": -26.8,
            "research_to_sale_ratio": 1.88,
            "price_fair": 35,
            "eps_avg_yearly": 1,
            "eps_latest_yearly": 0.76,
            "eps_growth_yearly": 155.5
        },
        "20142": {
            "year_quarter": 20142,
            "year": 2014,
            "quarter": 2,
            "eps": 0.07,
            "eps_growth_year": -56.25,
            "eps_4q": 0.46,
            "eps_4q_growth_year": -65.6,
            "roe": 0.63,
            "gross_profit": 11731,
            "gross_margin": 28.75,
            "net_income": 1467,
            "revenue": 40808,
            "common_shares": 206878,
            "equity": 234999,
            "current_ratio": 519.01,
            "debt_ratio": 19.09,
            "inventory_turnover_ratio": 2.71,
            "account_receivable_turnover_ratio": 2.41,
            "reinvestment_rate": -30.41,
            "research_to_sale_ratio": 1.24,
            "price_fair": 32.55,
            "eps_avg_yearly": 0.93,
            "eps_latest_yearly": 0.28,
            "eps_growth_yearly": 106.38
        },
        "20143": {
            "year_quarter": 20143,
            "year": 2014,
            "quarter": 3,
            "eps": 0.25,
            "eps_growth_year": 150,
            "eps_4q": 0.6,
            "eps_4q_growth_year": -46,
            "roe": 2.17,
            "gross_profit": 9380,
            "gross_margin": 27.99,
            "net_income": 5152,
            "revenue": 33511,
            "common_shares": 206878,
            "equity": 240151,
            "current_ratio": 598.45,
            "debt_ratio": 16.88,
            "inventory_turnover_ratio": 2.39,
            "account_receivable_turnover_ratio": 1.91,
            "reinvestment_rate": -36.43,
            "research_to_sale_ratio": 1.71,
            "price_fair": 30.45,
            "eps_avg_yearly": 0.87,
            "eps_latest_yearly": 1,
            "eps_growth_yearly": 160.66
        },
        "20144": {
            "year_quarter": 20144,
            "year": 2014,
            "quarter": 4,
            "eps": 0.3,
            "eps_growth_year": 249.94,
            "eps_4q": 0.81,
            "eps_4q_growth_year": 14.28,
            "roe": 2.56,
            "gross_profit": 11382,
            "gross_margin": 31.22,
            "net_income": 6236,
            "revenue": 36455,
            "common_shares": 206878,
            "equity": 246536,
            "current_ratio": 643.36,
            "debt_ratio": 15.44,
            "inventory_turnover_ratio": 2.36,
            "account_receivable_turnover_ratio": 2.36,
            "reinvestment_rate": -34.3,
            "research_to_sale_ratio": 1.7,
            "price_fair": 32.64,
            "eps_avg_yearly": 0.93,
            "eps_latest_yearly": 1.2,
            "eps_growth_yearly": 188.11
        },
        "20151": {
            "year_quarter": 20151,
            "year": 2015,
            "quarter": 1,
            "eps": 0.22,
            "eps_growth_year": 15.79,
            "eps_4q": 0.84,
            "eps_4q_growth_year": 53.12,
            "roe": 1.81,
            "gross_profit": 10550,
            "gross_margin": 31.03,
            "net_income": 4498,
            "revenue": 34003,
            "common_shares": 206878,
            "equity": 251034,
            "current_ratio": 729.97,
            "debt_ratio": 14,
            "inventory_turnover_ratio": 2.24,
            "account_receivable_turnover_ratio": 2.21,
            "reinvestment_rate": -35.95,
            "research_to_sale_ratio": 2.24,
            "price_fair": 32.73,
            "eps_avg_yearly": 0.94,
            "eps_latest_yearly": 0.88,
            "eps_growth_yearly": 101.45
        },
        "20152": {
            "year_quarter": 20152,
            "year": 2015,
            "quarter": 2,
            "eps": 0.19,
            "eps_growth_year": 171.43,
            "eps_4q": 0.96,
            "eps_4q_growth_year": 110.47,
            "roe": 1.57,
            "gross_profit": 10156,
            "gross_margin": 30.62,
            "net_income": 3972,
            "revenue": 33166,
            "common_shares": 206878,
            "equity": 255006,
            "current_ratio": 752.16,
            "debt_ratio": 13.76,
            "inventory_turnover_ratio": 2.37,
            "account_receivable_turnover_ratio": 2.1,
            "reinvestment_rate": -35.33,
            "research_to_sale_ratio": 1.58,
            "price_fair": 33.69,
            "eps_avg_yearly": 0.96,
            "eps_latest_yearly": 0.76,
            "eps_growth_yearly": 113.51
        },
        "20153": {
            "year_quarter": 20153,
            "year": 2015,
            "quarter": 3,
            "eps": 0.43,
            "eps_growth_year": 72,
            "eps_4q": 1.14,
            "eps_4q_growth_year": 91.46,
            "roe": 3.44,
            "gross_profit": 8117,
            "gross_margin": 29.58,
            "net_income": 8938,
            "revenue": 27444,
            "common_shares": 206878,
            "equity": 263944,
            "current_ratio": 772.89,
            "debt_ratio": 13.41,
            "inventory_turnover_ratio": 2.16,
            "account_receivable_turnover_ratio": 1.97,
            "reinvestment_rate": -33.17,
            "research_to_sale_ratio": 1.63,
            "price_fair": 35.44,
            "eps_avg_yearly": 1.01,
            "eps_latest_yearly": 1.72,
            "eps_growth_yearly": 98.22
        },
        "20154": {
            "year_quarter": 20154,
            "year": 2015,
            "quarter": 4,
            "eps": 0.22,
            "eps_growth_year": -28.34,
            "eps_4q": 1.06,
            "eps_4q_growth_year": 30.2,
            "roe": 1.68,
            "gross_profit": 9350,
            "gross_margin": 31.87,
            "net_income": 4469,
            "revenue": 29336,
            "common_shares": 206878,
            "equity": 268343,
            "current_ratio": 706.22,
            "debt_ratio": 14.38,
            "inventory_turnover_ratio": 1.83,
            "account_receivable_turnover_ratio": 2.37,
            "reinvestment_rate": -32.68,
            "research_to_sale_ratio": 1.83,
            "price_fair": 35.53,
            "eps_avg_yearly": 1.02,
            "eps_latest_yearly": 0.88,
            "eps_growth_yearly": 88.18
        },
        "20161": {
            "year_quarter": 20161,
            "year": 2016,
            "quarter": 1,
            "eps": 0.15,
            "eps_growth_year": -31.82,
            "eps_4q": 0.99,
            "eps_4q_growth_year": 18.16,
            "roe": 1.16,
            "gross_profit": 10515,
            "gross_margin": 34.52,
            "net_income": 3126,
            "revenue": 30458,
            "common_shares": 206878,
            "equity": 271469,
            "current_ratio": 860.91,
            "debt_ratio": 12.47,
            "inventory_turnover_ratio": 1.68,
            "account_receivable_turnover_ratio": 2.68,
            "reinvestment_rate": -34.27,
            "research_to_sale_ratio": 1.86,
            "price_fair": 33.43,
            "eps_avg_yearly": 0.96,
            "eps_latest_yearly": 0.6,
            "eps_growth_yearly": 58.8
        },
        "20162": {
            "year_quarter": 20162,
            "year": 2016,
            "quarter": 2,
            "eps": 0.13,
            "eps_growth_year": -31.58,
            "eps_4q": 0.93,
            "eps_4q_growth_year": -2.91,
            "roe": 1.01,
            "gross_profit": 10182,
            "gross_margin": 30.69,
            "net_income": 2748,
            "revenue": 33178,
            "common_shares": 206878,
            "equity": 274217,
            "current_ratio": 712.14,
            "debt_ratio": 14.16,
            "inventory_turnover_ratio": 2.24,
            "account_receivable_turnover_ratio": 2.66,
            "reinvestment_rate": -36.53,
            "research_to_sale_ratio": 2.02,
            "price_fair": 32.03,
            "eps_avg_yearly": 0.92,
            "eps_latest_yearly": 0.52,
            "eps_growth_yearly": 61.87
        },
        "20163": {
            "year_quarter": 20163,
            "year": 2016,
            "quarter": 3,
            "eps": -0.02,
            "eps_growth_year": -104.65,
            "eps_4q": 0.48,
            "eps_4q_growth_year": -58.21,
            "roe": -0.17,
            "gross_profit": 7144,
            "gross_margin": 28.93,
            "net_income": -463,
            "revenue": 24698,
            "common_shares": 206878,
            "equity": 273754,
            "current_ratio": 1008.61,
            "debt_ratio": 11.04,
            "inventory_turnover_ratio": 2.23,
            "account_receivable_turnover_ratio": 1.89,
            "reinvestment_rate": -39.75,
            "research_to_sale_ratio": 1.86,
            "price_fair": 31.08,
            "eps_avg_yearly": 0.89,
            "eps_latest_yearly": 0.52,
            "eps_growth_yearly": 62.32
        },
        "20164": {
            "year_quarter": 20164,
            "year": 2016,
            "quarter": 4,
            "eps": 0.29,
            "eps_growth_year": 34.64,
            "eps_4q": 0.55,
            "eps_4q_growth_year": -47.76,
            "roe": 2.18,
            "gross_profit": 4871,
            "gross_margin": 26.56,
            "net_income": 6017,
            "revenue": 18342,
            "common_shares": 206878,
            "equity": 279406,
            "current_ratio": 814.1,
            "debt_ratio": 8.15,
            "inventory_turnover_ratio": 1.84,
            "account_receivable_turnover_ratio": 1.53,
            "reinvestment_rate": -5.37,
            "research_to_sale_ratio": 3.13,
            "price_fair": 28.5,
            "eps_avg_yearly": 0.81,
            "eps_latest_yearly": 0.52,
            "eps_growth_yearly": 53.79
        },
        "20171": {
            "year_quarter": 20171,
            "year": 2017,
            "quarter": 1,
            "eps": -0.35,
            "eps_growth_year": -333.33,
            "eps_4q": 0.05,
            "eps_4q_growth_year": -94.86,
            "roe": -2.63,
            "gross_profit": 6190,
            "gross_margin": 28.73,
            "net_income": -7248,
            "revenue": 21549,
            "common_shares": 206878,
            "equity": 272158,
            "current_ratio": 830.25,
            "debt_ratio": 7.88,
            "inventory_turnover_ratio": 1.76,
            "account_receivable_turnover_ratio": 1.92,
            "reinvestment_rate": -4.89,
            "research_to_sale_ratio": 1.89,
            "price_fair": 26.92,
            "eps_avg_yearly": 0.77,
            "eps_latest_yearly": 0.52,
            "eps_growth_yearly": 66.26
        },
        "20172": {
            "year_quarter": 20172,
            "year": 2017,
            "quarter": 2,
            "eps": 0.13,
            "eps_growth_year": 0,
            "eps_4q": 0.05,
            "eps_4q_growth_year": -94.51,
            "roe": 1.01,
            "gross_profit": 6847,
            "gross_margin": 30.73,
            "net_income": 2753,
            "revenue": 22280,
            "common_shares": 206878,
            "equity": 274911,
            "current_ratio": 858.86,
            "debt_ratio": 7.67,
            "inventory_turnover_ratio": 1.86,
            "account_receivable_turnover_ratio": 1.92,
            "reinvestment_rate": -4.96,
            "research_to_sale_ratio": 1.4,
            "price_fair": 27.3,
            "eps_avg_yearly": 0.78,
            "eps_latest_yearly": 0.52,
            "eps_growth_yearly": 89.87
        },
        "20173": {
            "year_quarter": 20173,
            "year": 2017,
            "quarter": 3,
            "eps": 0.11,
            "eps_growth_year": null,
            "eps_4q": 0.18,
            "eps_4q_growth_year": -62.01,
            "roe": 0.81,
            "gross_profit": 5740,
            "gross_margin": 25.82,
            "net_income": 2231,
            "revenue": 22234,
            "common_shares": 206878,
            "equity": 277142,
            "current_ratio": 896.05,
            "debt_ratio": 7.38,
            "inventory_turnover_ratio": 2.05,
            "account_receivable_turnover_ratio": 1.8,
            "reinvestment_rate": -4.68,
            "research_to_sale_ratio": 1.67,
            "price_fair": 27.42,
            "eps_avg_yearly": 0.78,
            "eps_latest_yearly": 0.44,
            "eps_growth_yearly": 97.25
        },
        "20174": {
            "year_quarter": 20174,
            "year": 2017,
            "quarter": 4,
            "eps": -0.98,
            "eps_growth_year": -435.33,
            "eps_4q": -1.08,
            "eps_4q_growth_year": -296.37,
            "roe": -7.56,
            "gross_profit": 5493,
            "gross_margin": 28.12,
            "net_income": -20177,
            "revenue": 19536,
            "common_shares": 206878,
            "equity": 256570,
            "current_ratio": 938.02,
            "debt_ratio": 7.72,
            "inventory_turnover_ratio": 1.67,
            "account_receivable_turnover_ratio": 1.63,
            "reinvestment_rate": -8.37,
            "research_to_sale_ratio": 1.03,
            "price_fair": 28.76,
            "eps_avg_yearly": 0.82,
            "eps_latest_yearly": 0.44,
            "eps_growth_yearly": 109.72
        },
        "20181": {
            "year_quarter": 20181,
            "year": 2018,
            "quarter": 1,
            "eps": -0.07,
            "eps_growth_year": null,
            "eps_4q": -0.8,
            "eps_4q_growth_year": -1672.67,
            "roe": -0.54,
            "gross_profit": 4911,
            "gross_margin": 22.96,
            "net_income": -1383,
            "revenue": 21386,
            "common_shares": 206878,
            "equity": 255187,
            "current_ratio": 1009.38,
            "debt_ratio": 7.18,
            "inventory_turnover_ratio": 2.03,
            "account_receivable_turnover_ratio": 1.68,
            "reinvestment_rate": -10.67,
            "research_to_sale_ratio": 1.79,
            "price_fair": 28.98,
            "eps_avg_yearly": 0.83,
            "eps_latest_yearly": 0.44,
            "eps_growth_yearly": 76.25
        },
        "20182": {
            "year_quarter": 20182,
            "year": 2018,
            "quarter": 2,
            "eps": 0.6,
            "eps_growth_year": 361.54,
            "eps_4q": -0.34,
            "eps_4q_growth_year": -755.05,
            "roe": 4.74,
            "gross_profit": 5568,
            "gross_margin": 29.12,
            "net_income": 12392,
            "revenue": 19124,
            "common_shares": 206878,
            "equity": 267579,
            "current_ratio": 1102.15,
            "debt_ratio": 6.72,
            "inventory_turnover_ratio": 1.69,
            "account_receivable_turnover_ratio": 1.52,
            "reinvestment_rate": -7.06,
            "research_to_sale_ratio": 2.08,
            "price_fair": 31.11,
            "eps_avg_yearly": 0.89,
            "eps_latest_yearly": 0.44,
            "eps_growth_yearly": 112.79
        },
        "20183": {
            "year_quarter": 20183,
            "year": 2018,
            "quarter": 3,
            "eps": 0.2,
            "eps_growth_year": 81.82,
            "eps_4q": -0.24,
            "eps_4q_growth_year": -231.81,
            "roe": 1.57,
            "gross_profit": 7114,
            "gross_margin": 28.99,
            "net_income": 4221,
            "revenue": 24538,
            "common_shares": 206878,
            "equity": 271800,
            "current_ratio": 998.96,
            "debt_ratio": 7.37,
            "inventory_turnover_ratio": 2.19,
            "account_receivable_turnover_ratio": 1.7,
            "reinvestment_rate": -3.14,
            "research_to_sale_ratio": 1.4,
            "price_fair": 2.6,
            "eps_avg_yearly": 0.87,
            "eps_latest_yearly": 0.8,
            "eps_growth_yearly": -31.12
        },
        "20184": {
            "year_quarter": 20184,
            "year": 2018,
            "quarter": 4,
            "eps": 0.19,
            "eps_growth_year": null,
            "eps_4q": 0.93,
            "eps_4q_growth_year": null,
            "roe": 1.43,
            "gross_profit": 5918,
            "gross_margin": 29.72,
            "net_income": 3922,
            "revenue": 19911,
            "common_shares": 206878,
            "equity": 275929,
            "current_ratio": 1048.84,
            "debt_ratio": 7.01,
            "inventory_turnover_ratio": 1.74,
            "account_receivable_turnover_ratio": 1.31,
            "reinvestment_rate": -5.68,
            "research_to_sale_ratio": 2.33,
            "price_fair": 2.45,
            "eps_avg_yearly": 0.82,
            "eps_latest_yearly": 0.76,
            "eps_growth_yearly": -42.23
        },
        "20191": {
            "year_quarter": 20191,
            "year": 2019,
            "quarter": 1,
            "eps": 0.16,
            "eps_growth_year": null,
            "eps_4q": 1.15,
            "eps_4q_growth_year": null,
            "roe": 1.19,
            "gross_profit": 4918,
            "gross_margin": 27.7,
            "net_income": 3293,
            "revenue": 17756,
            "common_shares": 206878,
            "equity": 279222,
            "current_ratio": 1562.06,
            "debt_ratio": 4.95,
            "inventory_turnover_ratio": 1.64,
            "account_receivable_turnover_ratio": 1.54,
            "reinvestment_rate": -6.71,
            "research_to_sale_ratio": 1.99,
            "price_fair": 2.37,
            "eps_avg_yearly": 0.79,
            "eps_latest_yearly": 0.64,
            "eps_growth_yearly": -37.4
        },
        "20192": {
            "year_quarter": 20192,
            "year": 2019,
            "quarter": 2,
            "eps": 0.06,
            "eps_growth_year": -90,
            "eps_4q": 0.61,
            "eps_4q_growth_year": null,
            "roe": 0.43,
            "gross_profit": 3473,
            "gross_margin": 24.46,
            "net_income": 1168,
            "revenue": 14197,
            "common_shares": 206878,
            "equity": 270046,
            "current_ratio": 828.06,
            "debt_ratio": 9,
            "inventory_turnover_ratio": 1.42,
            "account_receivable_turnover_ratio": 1.44,
            "reinvestment_rate": -5.08,
            "research_to_sale_ratio": 2.41,
            "price_fair": 2.2,
            "eps_avg_yearly": 0.73,
            "eps_latest_yearly": 0.24,
            "eps_growth_yearly": -59.12
        },
        "20193": {
            "year_quarter": 20193,
            "year": 2019,
            "quarter": 3,
            "eps": 0.14,
            "eps_growth_year": -30,
            "eps_4q": 0.55,
            "eps_4q_growth_year": null,
            "roe": 1.07,
            "gross_profit": 5259,
            "gross_margin": 30.9,
            "net_income": 2903,
            "revenue": 17019,
            "common_shares": 206878,
            "equity": 272949,
            "current_ratio": 1336.94,
            "debt_ratio": 5.57,
            "inventory_turnover_ratio": 1.56,
            "account_receivable_turnover_ratio": 1.64,
            "reinvestment_rate": 10.39,
            "research_to_sale_ratio": 1.13,
            "price_fair": 1.81,
            "eps_avg_yearly": 0.6,
            "eps_latest_yearly": 0.56,
            "eps_growth_yearly": -56
        },
        "20194": {
            "year_quarter": 20194,
            "year": 2019,
            "quarter": 4,
            "eps": 3.01,
            "eps_growth_year": 1486.46,
            "eps_4q": 3.36,
            "eps_4q_growth_year": 263.33,
            "roe": 20.45,
            "gross_profit": 4352,
            "gross_margin": 24.82,
            "net_income": 62221,
            "revenue": 17532,
            "common_shares": 206878,
            "equity": 335694,
            "current_ratio": 1726.73,
            "debt_ratio": 6.55,
            "inventory_turnover_ratio": 1.85,
            "account_receivable_turnover_ratio": 1.67,
            "reinvestment_rate": -48.43,
            "research_to_sale_ratio": 0.98,
            "price_fair": 64.56,
            "eps_avg_yearly": 1.84,
            "eps_latest_yearly": 12.04,
            "eps_growth_yearly": 876.82
        },
        "20201": {
            "year_quarter": 20201,
            "year": 2020,
            "quarter": 1,
            "eps": 0.12,
            "eps_growth_year": -25,
            "eps_4q": 3.32,
            "eps_4q_growth_year": 188.39,
            "roe": 0.72,
            "gross_profit": 1825,
            "gross_margin": 14.28,
            "net_income": 2425,
            "revenue": 12778,
            "common_shares": 206878,
            "equity": 338119,
            "current_ratio": 2083.5,
            "debt_ratio": 5.45,
            "inventory_turnover_ratio": 1.62,
            "account_receivable_turnover_ratio": 1.68,
            "reinvestment_rate": -45.05,
            "research_to_sale_ratio": 1.28,
            "price_fair": 64.09,
            "eps_avg_yearly": 1.83,
            "eps_latest_yearly": 0.48,
            "eps_growth_yearly": 848.29
        },
        "20202": {
            "year_quarter": 20202,
            "year": 2020,
            "quarter": 2,
            "eps": -0.27,
            "eps_growth_year": -550,
            "eps_4q": 3,
            "eps_4q_growth_year": 391.77,
            "roe": -1.66,
            "gross_profit": 2572,
            "gross_margin": 19.34,
            "net_income": -5566,
            "revenue": 13299,
            "common_shares": 206878,
            "equity": 332553,
            "current_ratio": 1404.8,
            "debt_ratio": 7.45,
            "inventory_turnover_ratio": 1.38,
            "account_receivable_turnover_ratio": 2.28,
            "reinvestment_rate": -53.5,
            "research_to_sale_ratio": 2.08,
            "price_fair": 69.83,
            "eps_avg_yearly": 2,
            "eps_latest_yearly": 0.48,
            "eps_growth_yearly": 960.99
        },
        "20203": {
            "year_quarter": 20203,
            "year": 2020,
            "quarter": 3,
            "eps": -0.08,
            "eps_growth_year": -157.14,
            "eps_4q": 2.78,
            "eps_4q_growth_year": 409.34,
            "roe": -0.48,
            "gross_profit": 3719,
            "gross_margin": 23.26,
            "net_income": -1596,
            "revenue": 15988,
            "common_shares": 206878,
            "equity": 330957,
            "current_ratio": 1772.08,
            "debt_ratio": 5.96,
            "inventory_turnover_ratio": 1.6,
            "account_receivable_turnover_ratio": 2.26,
            "reinvestment_rate": -57.1,
            "research_to_sale_ratio": 1.68,
            "price_fair": 69.83,
            "eps_avg_yearly": 2,
            "eps_latest_yearly": 0.48,
            "eps_growth_yearly": 960.99
        },
        "20204": {
            "year_quarter": 20204,
            "year": 2020,
            "quarter": 4,
            "eps": -0.05,
            "eps_growth_year": -101.7,
            "eps_4q": -0.28,
            "eps_4q_growth_year": -108.33,
            "roe": -0.32,
            "gross_profit": 3161,
            "gross_margin": 22.45,
            "net_income": -1056,
            "revenue": 14080,
            "common_shares": 206878,
            "equity": 329982,
            "current_ratio": 1378.24,
            "debt_ratio": 7.26,
            "inventory_turnover_ratio": 1.47,
            "account_receivable_turnover_ratio": 1.66,
            "reinvestment_rate": -64.47,
            "research_to_sale_ratio": 1.68,
            "price_fair": 69.83,
            "eps_avg_yearly": 2,
            "eps_latest_yearly": 0.48,
            "eps_growth_yearly": 960.99
        },
        "20211": {
            "year_quarter": 20211,
            "year": 2021,
            "quarter": 1,
            "eps": 0.06,
            "eps_growth_year": -50,
            "eps_4q": -0.34,
            "eps_4q_growth_year": -110.26,
            "roe": 0.35,
            "gross_profit": 4125,
            "gross_margin": 20.61,
            "net_income": 1169,
            "revenue": 20018,
            "common_shares": 206878,
            "equity": 331151,
            "current_ratio": 1429.11,
            "debt_ratio": 6.65,
            "inventory_turnover_ratio": 2.17,
            "account_receivable_turnover_ratio": 1.73,
            "reinvestment_rate": -39.45,
            "research_to_sale_ratio": 0.91,
            "price_fair": 69.83,
            "eps_avg_yearly": 2,
            "eps_latest_yearly": 0.48,
            "eps_growth_yearly": 960.99
        },
        "20212": {
            "year_quarter": 20212,
            "year": 2021,
            "quarter": 2,
            "eps": -0.2,
            "eps_growth_year": null,
            "eps_4q": -0.27,
            "eps_4q_growth_year": -109.09,
            "roe": -1.26,
            "gross_profit": 2325,
            "gross_margin": 19.17,
            "net_income": -4151,
            "revenue": 12128,
            "common_shares": 206878,
            "equity": 327000,
            "current_ratio": 1429.69,
            "debt_ratio": 6,
            "inventory_turnover_ratio": 1.15,
            "account_receivable_turnover_ratio": 1.15,
            "reinvestment_rate": -3.87,
            "research_to_sale_ratio": 1.7,
            "price_fair": 69.83,
            "eps_avg_yearly": 2,
            "eps_latest_yearly": 0.48,
            "eps_growth_yearly": 960.99
        },
        "20213": {
            "year_quarter": 20213,
            "year": 2021,
            "quarter": 3,
            "eps": 0.15,
            "eps_growth_year": null,
            "eps_4q": -0.05,
            "eps_4q_growth_year": -101.76,
            "roe": 0.92,
            "gross_profit": 6791,
            "gross_margin": 22.63,
            "net_income": 3024,
            "revenue": 30007,
            "common_shares": 206878,
            "equity": 330024,
            "current_ratio": 693.77,
            "debt_ratio": 12,
            "inventory_turnover_ratio": 1.02,
            "account_receivable_turnover_ratio": 1.88,
            "reinvestment_rate": 4.73,
            "research_to_sale_ratio": 0.61,
            "price_fair": 77.6,
            "eps_avg_yearly": 2.22,
            "eps_latest_yearly": 0.48,
            "eps_growth_yearly": 1107.07
        },
        "20214": {
            "year_quarter": 20214,
            "year": 2021,
            "quarter": 4,
            "eps": 0.32,
            "eps_growth_year": null,
            "eps_4q": 0.32,
            "eps_4q_growth_year": null,
            "roe": 2,
            "gross_profit": 8217,
            "gross_margin": 21.44,
            "net_income": 6657,
            "revenue": 38327,
            "common_shares": 206878,
            "equity": 337135,
            "current_ratio": 848.39,
            "debt_ratio": 9.58,
            "inventory_turnover_ratio": 0.73,
            "account_receivable_turnover_ratio": 1.49,
            "reinvestment_rate": 3.63,
            "research_to_sale_ratio": 0.63,
            "price_fair": 73.5,
            "eps_avg_yearly": 2.1,
            "eps_latest_yearly": 1.28,
            "eps_growth_yearly": 1025.35
        },
        "20221": {
            "year_quarter": 20221,
            "year": 2022,
            "quarter": 1,
            "eps": 0.42,
            "eps_growth_year": 600,
            "eps_4q": 0.69,
            "eps_4q_growth_year": null,
            "roe": 2.56,
            "gross_profit": 9078,
            "gross_margin": 20.68,
            "net_income": 8737,
            "revenue": 43894,
            "common_shares": 206878,
            "equity": 345872,
            "current_ratio": 1481.79,
            "debt_ratio": 4.61,
            "inventory_turnover_ratio": 0.93,
            "account_receivable_turnover_ratio": 1.49,
            "reinvestment_rate": 49.39,
            "research_to_sale_ratio": 0.52,
            "price_fair": 71.87,
            "eps_avg_yearly": 2.05,
            "eps_latest_yearly": 1.68,
            "eps_growth_yearly": 925.31
        },
        "20222": {
            "year_quarter": 20222,
            "year": 2022,
            "quarter": 2,
            "eps": 1.1,
            "eps_growth_year": null,
            "eps_4q": 1.99,
            "eps_4q_growth_year": null,
            "roe": 6.34,
            "gross_profit": 10680,
            "gross_margin": 18.85,
            "net_income": 22660,
            "revenue": 56667,
            "common_shares": 206878,
            "equity": 368532,
            "current_ratio": 866.43,
            "debt_ratio": 7.88,
            "inventory_turnover_ratio": 1.34,
            "account_receivable_turnover_ratio": 1.56,
            "reinvestment_rate": 54.09,
            "research_to_sale_ratio": 0.43,
            "price_fair": 80.08,
            "eps_avg_yearly": 2.29,
            "eps_latest_yearly": 4.4,
            "eps_growth_yearly": 897.54
        },
        "20223": {
            "year_quarter": 20223,
            "year": 2022,
            "quarter": 3,
            "eps": 0.71,
            "eps_growth_year": 373.33,
            "eps_4q": 2.55,
            "eps_4q_growth_year": null,
            "roe": 3.91,
            "gross_profit": 11179,
            "gross_margin": 19.69,
            "net_income": 14708,
            "revenue": 56778,
            "common_shares": 206878,
            "equity": 383240,
            "current_ratio": 620.99,
            "debt_ratio": 11.36,
            "inventory_turnover_ratio": 0.87,
            "account_receivable_turnover_ratio": 1.35,
            "reinvestment_rate": 48.32,
            "research_to_sale_ratio": 0.33,
            "price_fair": 87.22,
            "eps_avg_yearly": 2.49,
            "eps_latest_yearly": 2.84,
            "eps_growth_yearly": 910.03
        },
        "20224": {
            "year_quarter": 20224,
            "year": 2022,
            "quarter": 4,
            "eps": -0.31,
            "eps_growth_year": -196.86,
            "eps_4q": 1.92,
            "eps_4q_growth_year": 491.98,
            "roe": -1.69,
            "gross_profit": 12641,
            "gross_margin": 24.8,
            "net_income": -6448,
            "revenue": 50968,
            "common_shares": 206878,
            "equity": 377668,
            "current_ratio": 652.35,
            "debt_ratio": 11.03,
            "inventory_turnover_ratio": 0.52,
            "account_receivable_turnover_ratio": 1.38,
            "reinvestment_rate": 45.78,
            "research_to_sale_ratio": 0.44,
            "price_fair": 93.96,
            "eps_avg_yearly": 2.68,
            "eps_latest_yearly": 2.84,
            "eps_growth_yearly": 1013.36
        },
        "20231": {
            "year_quarter": 20231,
            "year": 2023,
            "quarter": 1,
            "eps": 0.17,
            "eps_growth_year": -59.52,
            "eps_4q": 1.67,
            "eps_4q_growth_year": 141.81,
            "roe": 0.97,
            "gross_profit": 10501,
            "gross_margin": 20.22,
            "net_income": 3579,
            "revenue": 51946,
            "common_shares": 206878,
            "equity": 360559,
            "current_ratio": 366.51,
            "debt_ratio": 20.5,
            "inventory_turnover_ratio": 0.51,
            "account_receivable_turnover_ratio": 1.56,
            "reinvestment_rate": 46.57,
            "research_to_sale_ratio": 0.35,
            "price_fair": 102.9,
            "eps_avg_yearly": 2.94,
            "eps_latest_yearly": 2.84,
            "eps_growth_yearly": 1147.93
        }
    },
    "months": {
        "2001-06": {
            "month": "2001-06",
            "price": "13.81",
            "revenue": 112032
        },
        "2001-07": {
            "month": "2001-07",
            "price": "11.46",
            "revenue": 110817
        },
        "2001-08": {
            "month": "2001-08",
            "price": "11.44",
            "revenue": 94793
        },
        "2001-09": {
            "month": "2001-09",
            "price": "8.15",
            "revenue": 51286
        },
        "2001-10": {
            "month": "2001-10",
            "price": "6.68",
            "revenue": 78249
        },
        "2001-11": {
            "month": "2001-11",
            "price": "7.61",
            "revenue": 74897
        },
        "2001-12": {
            "month": "2001-12",
            "price": "11.70",
            "revenue": 51136
        },
        "2002-01": {
            "month": "2002-01",
            "price": "16.39",
            "revenue": 102828
        },
        "2002-02": {
            "month": "2002-02",
            "price": "25.81",
            "revenue": 50979
        },
        "2002-03": {
            "month": "2002-03",
            "price": "26.63",
            "revenue": 79415
        },
        "2002-04": {
            "month": "2002-04",
            "price": "25.46",
            "revenue": 71795
        },
        "2002-05": {
            "month": "2002-05",
            "price": "18.54",
            "revenue": 71754
        },
        "2002-06": {
            "month": "2002-06",
            "price": "16.22",
            "revenue": 64959
        },
        "2002-07": {
            "month": "2002-07",
            "price": "15.07",
            "revenue": 84024
        },
        "2002-08": {
            "month": "2002-08",
            "price": "14.71",
            "revenue": 87412
        },
        "2002-09": {
            "month": "2002-09",
            "price": "16.92",
            "revenue": 84496
        },
        "2002-10": {
            "month": "2002-10",
            "price": "20.05",
            "revenue": 83671
        },
        "2002-11": {
            "month": "2002-11",
            "price": "23.52",
            "revenue": 82502
        },
        "2002-12": {
            "month": "2002-12",
            "price": "22.30",
            "revenue": 90354
        },
        "2003-01": {
            "month": "2003-01",
            "price": "19.83",
            "revenue": 48817
        },
        "2003-02": {
            "month": "2003-02",
            "price": "16.96",
            "revenue": 75441
        },
        "2003-03": {
            "month": "2003-03",
            "price": "14.79",
            "revenue": 80551
        },
        "2003-04": {
            "month": "2003-04",
            "price": "15.05",
            "revenue": 91097
        },
        "2003-05": {
            "month": "2003-05",
            "price": "15.55",
            "revenue": 83102
        },
        "2003-06": {
            "month": "2003-06",
            "price": "19.98",
            "revenue": 81398
        },
        "2003-07": {
            "month": "2003-07",
            "price": "22.86",
            "revenue": 100526
        },
        "2003-08": {
            "month": "2003-08",
            "price": "21.85",
            "revenue": 79864
        },
        "2003-09": {
            "month": "2003-09",
            "price": "14.46",
            "revenue": 101890
        },
        "2003-10": {
            "month": "2003-10",
            "price": "13.96",
            "revenue": 77618
        },
        "2003-11": {
            "month": "2003-11",
            "price": "14.51",
            "revenue": 72584
        },
        "2003-12": {
            "month": "2003-12",
            "price": "15.67",
            "revenue": 80922
        },
        "2004-01": {
            "month": "2004-01",
            "price": "15.73",
            "revenue": 65221
        },
        "2004-02": {
            "month": "2004-02",
            "price": "15.90",
            "revenue": 72987
        },
        "2004-03": {
            "month": "2004-03",
            "price": "16.31",
            "revenue": 94589
        },
        "2004-04": {
            "month": "2004-04",
            "price": "16.09",
            "revenue": 81242
        },
        "2004-05": {
            "month": "2004-05",
            "price": "13.64",
            "revenue": 72006
        },
        "2004-06": {
            "month": "2004-06",
            "price": "14.80",
            "revenue": 89749
        },
        "2004-07": {
            "month": "2004-07",
            "price": "14.40",
            "revenue": 71054
        },
        "2004-08": {
            "month": "2004-08",
            "price": "10.98",
            "revenue": 89487
        },
        "2004-09": {
            "month": "2004-09",
            "price": "8.78",
            "revenue": 105143
        },
        "2004-10": {
            "month": "2004-10",
            "price": "8.49",
            "revenue": 106075
        },
        "2004-11": {
            "month": "2004-11",
            "price": "7.85",
            "revenue": 103246
        },
        "2004-12": {
            "month": "2004-12",
            "price": "7.13",
            "revenue": 100575
        },
        "2005-01": {
            "month": "2005-01",
            "price": "5.95",
            "revenue": 91181
        },
        "2005-02": {
            "month": "2005-02",
            "price": "6.81",
            "revenue": 60121
        },
        "2005-03": {
            "month": "2005-03",
            "price": "6.82",
            "revenue": 80165
        },
        "2005-04": {
            "month": "2005-04",
            "price": "6.06",
            "revenue": 59339
        },
        "2005-05": {
            "month": "2005-05",
            "price": "4.68",
            "revenue": 97388
        },
        "2005-06": {
            "month": "2005-06",
            "price": "5.68",
            "revenue": 103997
        },
        "2005-07": {
            "month": "2005-07",
            "price": "6.74",
            "revenue": 70425
        },
        "2005-08": {
            "month": "2005-08",
            "price": "5.68",
            "revenue": 92439
        },
        "2005-09": {
            "month": "2005-09",
            "price": "5.03",
            "revenue": 113373
        },
        "2005-10": {
            "month": "2005-10",
            "price": "4.87",
            "revenue": 114639
        },
        "2005-11": {
            "month": "2005-11",
            "price": "5.18",
            "revenue": 128653
        },
        "2005-12": {
            "month": "2005-12",
            "price": "6.92",
            "revenue": 125570
        },
        "2006-01": {
            "month": "2006-01",
            "price": "7.24",
            "revenue": 157585
        },
        "2006-02": {
            "month": "2006-02",
            "price": "8.66",
            "revenue": 91451
        },
        "2006-03": {
            "month": "2006-03",
            "price": "9.94",
            "revenue": 104172
        },
        "2006-04": {
            "month": "2006-04",
            "price": "9.54",
            "revenue": 101602
        },
        "2006-05": {
            "month": "2006-05",
            "price": "8.56",
            "revenue": 83381
        },
        "2006-06": {
            "month": "2006-06",
            "price": "7.35",
            "revenue": 104086
        },
        "2006-07": {
            "month": "2006-07",
            "price": "7.02",
            "revenue": 102948
        },
        "2006-08": {
            "month": "2006-08",
            "price": "7.58",
            "revenue": 117558
        },
        "2006-09": {
            "month": "2006-09",
            "price": "8.74",
            "revenue": 114664
        },
        "2006-10": {
            "month": "2006-10",
            "price": "9.22",
            "revenue": 94927
        },
        "2006-11": {
            "month": "2006-11",
            "price": "9.76",
            "revenue": 83373
        },
        "2006-12": {
            "month": "2006-12",
            "price": "10.42",
            "revenue": 119684
        },
        "2007-01": {
            "month": "2007-01",
            "price": "10.96",
            "revenue": 133270
        },
        "2007-02": {
            "month": "2007-02",
            "price": "11.22",
            "revenue": 129014
        },
        "2007-03": {
            "month": "2007-03",
            "price": "12.03",
            "revenue": 166546
        },
        "2007-04": {
            "month": "2007-04",
            "price": "16.34",
            "revenue": 141089
        },
        "2007-05": {
            "month": "2007-05",
            "price": "19.07",
            "revenue": 142437
        },
        "2007-06": {
            "month": "2007-06",
            "price": "24.94",
            "revenue": 155229
        },
        "2007-07": {
            "month": "2007-07",
            "price": "28.95",
            "revenue": 152281
        },
        "2007-08": {
            "month": "2007-08",
            "price": "21.77",
            "revenue": 145432
        },
        "2007-09": {
            "month": "2007-09",
            "price": "21.11",
            "revenue": 168104
        },
        "2007-10": {
            "month": "2007-10",
            "price": "23.32",
            "revenue": 209383
        },
        "2007-11": {
            "month": "2007-11",
            "price": "22.86",
            "revenue": 228288
        },
        "2007-12": {
            "month": "2007-12",
            "price": "19.40",
            "revenue": 180583
        },
        "2008-01": {
            "month": "2008-01",
            "price": "14.77",
            "revenue": 197577
        },
        "2008-02": {
            "month": "2008-02",
            "price": "13.67",
            "revenue": 139702
        },
        "2008-03": {
            "month": "2008-03",
            "price": "14.26",
            "revenue": 138569
        },
        "2008-04": {
            "month": "2008-04",
            "price": "15.47",
            "revenue": 151231
        },
        "2008-05": {
            "month": "2008-05",
            "price": "14.83",
            "revenue": 123611
        },
        "2008-06": {
            "month": "2008-06",
            "price": "12.44",
            "revenue": 158838
        },
        "2008-07": {
            "month": "2008-07",
            "price": "9.40",
            "revenue": 152278
        },
        "2008-08": {
            "month": "2008-08",
            "price": "9.21",
            "revenue": 176970
        },
        "2008-09": {
            "month": "2008-09",
            "price": "7.08",
            "revenue": 141764
        },
        "2008-10": {
            "month": "2008-10",
            "price": "5.97",
            "revenue": 86104
        },
        "2008-11": {
            "month": "2008-11",
            "price": "4.32",
            "revenue": 126175
        },
        "2008-12": {
            "month": "2008-12",
            "price": "4.23",
            "revenue": 82296
        },
        "2009-01": {
            "month": "2009-01",
            "price": "3.98",
            "revenue": 52337
        },
        "2009-02": {
            "month": "2009-02",
            "price": "4.80",
            "revenue": 58090
        },
        "2009-03": {
            "month": "2009-03",
            "price": "6.58",
            "revenue": 46475
        },
        "2009-04": {
            "month": "2009-04",
            "price": "6.37",
            "revenue": 43446
        },
        "2009-05": {
            "month": "2009-05",
            "price": "3.20",
            "revenue": 44349
        },
        "2009-06": {
            "month": "2009-06",
            "price": "1.98",
            "revenue": 23930
        },
        "2009-07": {
            "month": "2009-07",
            "price": "1.87",
            "revenue": 51415
        },
        "2009-08": {
            "month": "2009-08",
            "price": "1.66",
            "revenue": 25908
        },
        "2009-09": {
            "month": "2009-09",
            "price": "1.10",
            "revenue": 29039
        },
        "2009-10": {
            "month": "2009-10",
            "price": "2.76",
            "revenue": 30650
        },
        "2009-11": {
            "month": "2009-11",
            "price": "6.23",
            "revenue": 16661
        },
        "2009-12": {
            "month": "2009-12",
            "price": "6.17",
            "revenue": 30382
        },
        "2010-01": {
            "month": "2010-01",
            "price": "6.38",
            "revenue": 26402
        },
        "2010-02": {
            "month": "2010-02",
            "price": "5.88",
            "revenue": 19304
        },
        "2010-03": {
            "month": "2010-03",
            "price": "5.81",
            "revenue": 28845
        },
        "2010-04": {
            "month": "2010-04",
            "price": "5.12",
            "revenue": 22996
        },
        "2010-05": {
            "month": "2010-05",
            "price": "5.23",
            "revenue": 32733
        },
        "2010-06": {
            "month": "2010-06",
            "price": "4.86",
            "revenue": 24461
        },
        "2010-07": {
            "month": "2010-07",
            "price": "4.46",
            "revenue": 28126
        },
        "2010-08": {
            "month": "2010-08",
            "price": "4.29",
            "revenue": 23155
        },
        "2010-09": {
            "month": "2010-09",
            "price": "4.77",
            "revenue": 23817
        },
        "2010-10": {
            "month": "2010-10",
            "price": "5.24",
            "revenue": 21497
        },
        "2010-11": {
            "month": "2010-11",
            "price": "6.47",
            "revenue": 22222
        },
        "2010-12": {
            "month": "2010-12",
            "price": "6.27",
            "revenue": 19520
        },
        "2011-01": {
            "month": "2011-01",
            "price": "5.57",
            "revenue": 17059
        },
        "2011-02": {
            "month": "2011-02",
            "price": "7.14",
            "revenue": 9696
        },
        "2011-03": {
            "month": "2011-03",
            "price": "7.04",
            "revenue": 20708
        },
        "2011-04": {
            "month": "2011-04",
            "price": "6.48",
            "revenue": 15599
        },
        "2011-05": {
            "month": "2011-05",
            "price": "5.82",
            "revenue": 18168
        },
        "2011-06": {
            "month": "2011-06",
            "price": "4.96",
            "revenue": 16154
        },
        "2011-07": {
            "month": "2011-07",
            "price": "5.85",
            "revenue": 15907
        },
        "2011-08": {
            "month": "2011-08",
            "price": "4.77",
            "revenue": 13826
        },
        "2011-09": {
            "month": "2011-09",
            "price": "11.98",
            "revenue": 15485
        },
        "2011-10": {
            "month": "2011-10",
            "price": "11.83",
            "revenue": 15155
        },
        "2011-11": {
            "month": "2011-11",
            "price": "15.66",
            "revenue": 12184
        },
        "2011-12": {
            "month": "2011-12",
            "price": "12.89",
            "revenue": 9021
        },
        "2012-01": {
            "month": "2012-01",
            "price": "10.60",
            "revenue": 11682
        },
        "2012-02": {
            "month": "2012-02",
            "price": "12.97",
            "revenue": 12726
        },
        "2012-03": {
            "month": "2012-03",
            "price": "13.17",
            "revenue": 14116
        },
        "2012-04": {
            "month": "2012-04",
            "price": "14.02",
            "revenue": 10198
        },
        "2012-05": {
            "month": "2012-05",
            "price": "13.67",
            "revenue": 14363
        },
        "2012-06": {
            "month": "2012-06",
            "price": "13.35",
            "revenue": 15212
        },
        "2012-07": {
            "month": "2012-07",
            "price": "13.70",
            "revenue": 13041
        },
        "2012-08": {
            "month": "2012-08",
            "price": "13.73",
            "revenue": 16479
        },
        "2012-09": {
            "month": "2012-09",
            "price": "13.70",
            "revenue": 13099
        },
        "2012-10": {
            "month": "2012-10",
            "price": "15.25",
            "revenue": 18259
        },
        "2012-11": {
            "month": "2012-11",
            "price": "14.95",
            "revenue": 14161
        },
        "2012-12": {
            "month": "2012-12",
            "price": "15.74",
            "revenue": 11247
        },
        "2013-01": {
            "month": "2013-01",
            "price": "16.62",
            "revenue": 16931
        },
        "2013-02": {
            "month": "2013-02",
            "price": "16.41",
            "revenue": 12987
        },
        "2013-03": {
            "month": "2013-03",
            "price": "16.76",
            "revenue": 14817
        },
        "2013-04": {
            "month": "2013-04",
            "price": "21.27",
            "revenue": 10558
        },
        "2013-05": {
            "month": "2013-05",
            "price": "21.60",
            "revenue": 16593
        },
        "2013-06": {
            "month": "2013-06",
            "price": "21.15",
            "revenue": 11049
        },
        "2013-07": {
            "month": "2013-07",
            "price": "19.19",
            "revenue": 13785
        },
        "2013-08": {
            "month": "2013-08",
            "price": "16.73",
            "revenue": 11907
        },
        "2013-09": {
            "month": "2013-09",
            "price": "16.75",
            "revenue": 10474
        },
        "2013-10": {
            "month": "2013-10",
            "price": "17.09",
            "revenue": 14079
        },
        "2013-11": {
            "month": "2013-11",
            "price": "16.72",
            "revenue": 9809
        },
        "2013-12": {
            "month": "2013-12",
            "price": "16.63",
            "revenue": 8593
        },
        "2014-01": {
            "month": "2014-01",
            "price": "16.96",
            "revenue": 15848
        },
        "2014-02": {
            "month": "2014-02",
            "price": "18.07",
            "revenue": 9105
        },
        "2014-03": {
            "month": "2014-03",
            "price": "18.25",
            "revenue": 9670
        },
        "2014-04": {
            "month": "2014-04",
            "price": "17.90",
            "revenue": 15004
        },
        "2014-05": {
            "month": "2014-05",
            "price": "17.57",
            "revenue": 13479
        },
        "2014-06": {
            "month": "2014-06",
            "price": "18.15",
            "revenue": 12324
        },
        "2014-07": {
            "month": "2014-07",
            "price": "17.31",
            "revenue": 13721
        },
        "2014-08": {
            "month": "2014-08",
            "price": "17.24",
            "revenue": 9321
        },
        "2014-09": {
            "month": "2014-09",
            "price": "17.28",
            "revenue": 10470
        },
        "2014-10": {
            "month": "2014-10",
            "price": "16.20",
            "revenue": 13215
        },
        "2014-11": {
            "month": "2014-11",
            "price": "15.42",
            "revenue": 9552
        },
        "2014-12": {
            "month": "2014-12",
            "price": "15.57",
            "revenue": 13688
        },
        "2015-01": {
            "month": "2015-01",
            "price": "15.28",
            "revenue": 14233
        },
        "2015-02": {
            "month": "2015-02",
            "price": "15.48",
            "revenue": 9874
        },
        "2015-03": {
            "month": "2015-03",
            "price": "16.17",
            "revenue": 9897
        },
        "2015-04": {
            "month": "2015-04",
            "price": "18.77",
            "revenue": 11182
        },
        "2015-05": {
            "month": "2015-05",
            "price": "17.76",
            "revenue": 10586
        },
        "2015-06": {
            "month": "2015-06",
            "price": "15.60",
            "revenue": 11398
        },
        "2015-07": {
            "month": "2015-07",
            "price": "15.34",
            "revenue": 9104
        },
        "2015-08": {
            "month": "2015-08",
            "price": "15.40",
            "revenue": 9620
        },
        "2015-09": {
            "month": "2015-09",
            "price": "15.33",
            "revenue": 8720
        },
        "2015-10": {
            "month": "2015-10",
            "price": "15.14",
            "revenue": 9840
        },
        "2015-11": {
            "month": "2015-11",
            "price": "15.18",
            "revenue": 9521
        },
        "2015-12": {
            "month": "2015-12",
            "price": "15.37",
            "revenue": 9976
        },
        "2016-01": {
            "month": "2016-01",
            "price": "15.59",
            "revenue": 11837
        },
        "2016-02": {
            "month": "2016-02",
            "price": "15.18",
            "revenue": 11771
        },
        "2016-03": {
            "month": "2016-03",
            "price": "15.46",
            "revenue": 6850
        },
        "2016-04": {
            "month": "2016-04",
            "price": "15.33",
            "revenue": 10408
        },
        "2016-05": {
            "month": "2016-05",
            "price": "15.35",
            "revenue": 10440
        },
        "2016-06": {
            "month": "2016-06",
            "price": "15.20",
            "revenue": 12331
        },
        "2016-07": {
            "month": "2016-07",
            "price": "15.40",
            "revenue": 9088
        },
        "2016-08": {
            "month": "2016-08",
            "price": "16.09",
            "revenue": 9232
        },
        "2016-09": {
            "month": "2016-09",
            "price": "16.00",
            "revenue": 6378
        },
        "2016-10": {
            "month": "2016-10",
            "price": "15.57",
            "revenue": 5906
        },
        "2016-11": {
            "month": "2016-11",
            "price": "15.95",
            "revenue": 6008
        },
        "2016-12": {
            "month": "2016-12",
            "price": "19.17",
            "revenue": 6427
        },
        "2017-01": {
            "month": "2017-01",
            "price": "20.00",
            "revenue": 8764
        },
        "2017-02": {
            "month": "2017-02",
            "price": "21.44",
            "revenue": 6356
        },
        "2017-03": {
            "month": "2017-03",
            "price": "21.82",
            "revenue": 6429
        },
        "2017-04": {
            "month": "2017-04",
            "price": "25.42",
            "revenue": 7141
        },
        "2017-05": {
            "month": "2017-05",
            "price": "23.94",
            "revenue": 8195
        },
        "2017-06": {
            "month": "2017-06",
            "price": "25.77",
            "revenue": 6944
        },
        "2017-07": {
            "month": "2017-07",
            "price": "24.11",
            "revenue": 7363
        },
        "2017-08": {
            "month": "2017-08",
            "price": "23.16",
            "revenue": 6907
        },
        "2017-09": {
            "month": "2017-09",
            "price": "21.53",
            "revenue": 7964
        },
        "2017-10": {
            "month": "2017-10",
            "price": "22.24",
            "revenue": 6821
        },
        "2017-11": {
            "month": "2017-11",
            "price": "23.36",
            "revenue": 6195
        },
        "2017-12": {
            "month": "2017-12",
            "price": "22.17",
            "revenue": 6519
        },
        "2018-01": {
            "month": "2018-01",
            "price": "19.63",
            "revenue": 8482
        },
        "2018-02": {
            "month": "2018-02",
            "price": "19.74",
            "revenue": 6100
        },
        "2018-03": {
            "month": "2018-03",
            "price": "18.43",
            "revenue": 6804
        },
        "2018-04": {
            "month": "2018-04",
            "price": "19.06",
            "revenue": 5285
        },
        "2018-05": {
            "month": "2018-05",
            "price": "19.34",
            "revenue": 6308
        },
        "2018-06": {
            "month": "2018-06",
            "price": "24.58",
            "revenue": 7531
        },
        "2018-07": {
            "month": "2018-07",
            "price": "27.95",
            "revenue": 6443
        },
        "2018-08": {
            "month": "2018-08",
            "price": "30.30",
            "revenue": 9302
        },
        "2018-09": {
            "month": "2018-09",
            "price": "30.58",
            "revenue": 8795
        },
        "2018-10": {
            "month": "2018-10",
            "price": "27.74",
            "revenue": 6165
        },
        "2018-11": {
            "month": "2018-11",
            "price": "27.36",
            "revenue": 7505
        },
        "2018-12": {
            "month": "2018-12",
            "price": "32.64",
            "revenue": 6240
        },
        "2019-01": {
            "month": "2019-01",
            "price": "38.71",
            "revenue": 8470
        },
        "2019-02": {
            "month": "2019-02",
            "price": "42.17",
            "revenue": 3857
        },
        "2019-03": {
            "month": "2019-03",
            "price": "44.36",
            "revenue": 5429
        },
        "2019-04": {
            "month": "2019-04",
            "price": "27.90",
            "revenue": 4024
        },
        "2019-05": {
            "month": "2019-05",
            "price": "17.06",
            "revenue": 4266
        },
        "2019-06": {
            "month": "2019-06",
            "price": "20.22",
            "revenue": 5906
        },
        "2019-07": {
            "month": "2019-07",
            "price": "18.35",
            "revenue": 6025
        },
        "2019-08": {
            "month": "2019-08",
            "price": "17.12",
            "revenue": 6547
        },
        "2019-09": {
            "month": "2019-09",
            "price": "18.44",
            "revenue": 4448
        },
        "2019-10": {
            "month": "2019-10",
            "price": "19.31",
            "revenue": 7262
        },
        "2019-11": {
            "month": "2019-11",
            "price": "19.01",
            "revenue": 6386
        },
        "2019-12": {
            "month": "2019-12",
            "price": "19.42",
            "revenue": 3884
        },
        "2020-01": {
            "month": "2020-01",
            "price": "19.18",
            "revenue": 7018
        },
        "2020-02": {
            "month": "2020-02",
            "price": "17.39",
            "revenue": 2962
        },
        "2020-03": {
            "month": "2020-03",
            "price": "16.07",
            "revenue": 2798
        },
        "2020-04": {
            "month": "2020-04",
            "price": "16.07",
            "revenue": 2357
        },
        "2020-05": {
            "month": "2020-05",
            "price": "15.83",
            "revenue": 5932
        },
        "2020-06": {
            "month": "2020-06",
            "price": "16.20",
            "revenue": 5009
        },
        "2020-07": {
            "month": "2020-07",
            "price": "16.83",
            "revenue": 8472
        },
        "2020-08": {
            "month": "2020-08",
            "price": "17.16",
            "revenue": 3472
        },
        "2020-09": {
            "month": "2020-09",
            "price": "17.44",
            "revenue": 4045
        },
        "2020-10": {
            "month": "2020-10",
            "price": "17.54",
            "revenue": 4916
        },
        "2020-11": {
            "month": "2020-11",
            "price": "18.75",
            "revenue": 3417
        },
        "2020-12": {
            "month": "2020-12",
            "price": "20.49",
            "revenue": 5746
        },
        "2021-01": {
            "month": "2021-01",
            "price": "19.41",
            "revenue": 6124
        },
        "2021-02": {
            "month": "2021-02",
            "price": "18.84",
            "revenue": 5069
        },
        "2021-03": {
            "month": "2021-03",
            "price": "18.88",
            "revenue": 8825
        },
        "2021-04": {
            "month": "2021-04",
            "price": "22.75",
            "revenue": 3242
        },
        "2021-05": {
            "month": "2021-05",
            "price": "21.24",
            "revenue": 4689
        },
        "2021-06": {
            "month": "2021-06",
            "price": "22.43",
            "revenue": 4197
        },
        "2021-07": {
            "month": "2021-07",
            "price": "27.63",
            "revenue": 8700
        },
        "2021-08": {
            "month": "2021-08",
            "price": "33.84",
            "revenue": 8674
        },
        "2021-09": {
            "month": "2021-09",
            "price": "30.19",
            "revenue": 12634
        },
        "2021-10": {
            "month": "2021-10",
            "price": "28.48",
            "revenue": 11221
        },
        "2021-11": {
            "month": "2021-11",
            "price": "27.92",
            "revenue": 14578
        },
        "2021-12": {
            "month": "2021-12",
            "price": "31.90",
            "revenue": 12527
        },
        "2022-01": {
            "month": "2022-01",
            "price": "33.98",
            "revenue": 13138
        },
        "2022-02": {
            "month": "2022-02",
            "price": "34.45",
            "revenue": 13646
        },
        "2022-03": {
            "month": "2022-03",
            "price": "38.26",
            "revenue": 17110
        },
        "2022-04": {
            "month": "2022-04",
            "price": "39.94",
            "revenue": 21426
        },
        "2022-05": {
            "month": "2022-05",
            "price": "39.65",
            "revenue": 17525
        },
        "2022-06": {
            "month": "2022-06",
            "price": "36.97",
            "revenue": 17717
        },
        "2022-07": {
            "month": "2022-07",
            "price": "34.93",
            "revenue": 20794
        },
        "2022-08": {
            "month": "2022-08",
            "price": "34.31",
            "revenue": 20873
        },
        "2022-09": {
            "month": "2022-09",
            "price": "32.16",
            "revenue": 15111
        },
        "2022-10": {
            "month": "2022-10",
            "price": "28.86",
            "revenue": 23754
        },
        "2022-11": {
            "month": "2022-11",
            "price": "29.36",
            "revenue": 15011
        },
        "2022-12": {
            "month": "2022-12",
            "price": "29.03",
            "revenue": 12203
        },
        "2023-01": {
            "month": "2023-01",
            "price": "27.55",
            "revenue": 11293
        },
        "2023-02": {
            "month": "2023-02",
            "price": "26.68",
            "revenue": 14078
        },
        "2023-03": {
            "month": "2023-03",
            "price": "28.20",
            "revenue": 26575
        },
        "2023-04": {
            "month": "2023-04",
            "price": "27.92",
            "revenue": 29169
        }
    }
}
