{
    "summary": {
        "stock_name": "崇越",
        "stock_id": "5434",
        "category": "電子通路",
        "main_business": "半導體與光電相關產品<br>電子材料<br>環境工程",
        "website_url": "http://www.topco-global.com",
        "ceo": "曾海華及李正榮",
        "pe_ratio": 14,
        "report_year_from": 2001,
        "report_year_to": 2023,
        "age": 23,
        "eps_negative_percentage": 0,
        "eps_growth_avg": {
            "last_all": 7.13,
            "last_2y": 11.66,
            "last_4y": 15.58,
            "last_8y": 13.4,
            "last_12y": 11.37,
            "last_16y": 13.03,
            "last_20y": 8.22,
            "at_2006_last_3y": -12.21,
            "at_2007_last_3y": -1.93,
            "at_2008_last_3y": -9.62,
            "at_2009_last_3y": -6.61,
            "at_2010_last_3y": 18.45,
            "at_2011_last_3y": 21.44,
            "at_2012_last_3y": 30.39,
            "at_2013_last_3y": 27.93,
            "at_2014_last_3y": 6.78,
            "at_2015_last_3y": -1.36,
            "at_2016_last_3y": 8.29,
            "at_2017_last_3y": 4.27,
            "at_2018_last_3y": 10.68,
            "at_2019_last_3y": 14.19,
            "at_2020_last_3y": 13.58,
            "at_2021_last_3y": 21.09,
            "at_2022_last_3y": 21.36,
            "at_2023_last_3y": 13.78,
            "at_2024_last_3y": 13.78,
            "at_2006_last_all": -12.95,
            "at_2007_last_all": -5.9,
            "at_2008_last_all": -12.46,
            "at_2009_last_all": -10.07,
            "at_2010_last_all": 1,
            "at_2011_last_all": 5.04,
            "at_2012_last_all": 3.12,
            "at_2013_last_all": 2.6,
            "at_2014_last_all": 2.78,
            "at_2015_last_all": 3.21,
            "at_2016_last_all": 4.5,
            "at_2017_last_all": 3.02,
            "at_2018_last_all": 4.64,
            "at_2019_last_all": 5.65,
            "at_2020_last_all": 6.41,
            "at_2021_last_all": 6.63,
            "at_2022_last_all": 7.82,
            "at_2023_last_all": 7.13,
            "at_2024_last_all": 7.13
        },
        "latest_eps": 15.02,
        "latest_price": 211,
        "latest_roe": 19.94,
        "latest_gross_margin": 13.03,
        "latest_equity": 15344311,
        "latest_revenue": 12233421,
        "latest_gross_profit": 1593449,
        "latest_net_income": 636274,
        "latest_debt_ratio": 51.5,
        "latest_current_ratio": 161.16,
        "latest_account_receivable_turnover_ratio": 1.73,
        "latest_inventory_turnover_ratio": 2.52,
        "latest_reinvestment_rate": 16.58,
        "latest_research_to_sale_ratio": 0.21
    },
    "eps_dividends": {
        "1999": {
            "cash": 0.75,
            "stock": 0.75,
            "eps": 0
        },
        "2000": {
            "cash": 1,
            "stock": 2,
            "eps": 0
        },
        "2001": {
            "cash": 2,
            "stock": 4,
            "eps": 7.29
        },
        "2002": {
            "cash": 1.8,
            "stock": 2.7,
            "eps": 6.13
        },
        "2003": {
            "cash": 3,
            "stock": 1.2,
            "eps": 5.41
        },
        "2004": {
            "cash": 3,
            "stock": 1.5,
            "eps": 4.27
        },
        "2005": {
            "cash": 2.72,
            "stock": 0.91,
            "eps": 4.04
        },
        "2006": {
            "cash": 2.5,
            "stock": 0.5,
            "eps": 3.61
        },
        "2007": {
            "cash": 2.3,
            "stock": 0.7,
            "eps": 4.67
        },
        "2008": {
            "cash": 3,
            "stock": 0.3,
            "eps": 2.25
        },
        "2009": {
            "cash": 1.3,
            "stock": 0.2,
            "eps": 2.4
        },
        "2010": {
            "cash": 1.5,
            "stock": 0.2,
            "eps": 4.55
        },
        "2011": {
            "cash": 7.1,
            "stock": 0.2,
            "eps": 6.43
        },
        "2012": {
            "cash": 0,
            "stock": 0,
            "eps": 5.4
        },
        "2013": {
            "cash": 3.6,
            "stock": 0.2,
            "eps": 5.23
        },
        "2014": {
            "cash": 3.6,
            "stock": 0.2,
            "eps": 5.49
        },
        "2015": {
            "cash": 3.7,
            "stock": 0.3,
            "eps": 5.97
        },
        "2016": {
            "cash": 3.9,
            "stock": 0.2,
            "eps": 7.32
        },
        "2017": {
            "cash": 5,
            "stock": 0,
            "eps": 5.91
        },
        "2018": {
            "cash": 4.2,
            "stock": 0,
            "eps": 7.72
        },
        "2019": {
            "cash": 5.3,
            "stock": 0,
            "eps": 9.48
        },
        "2020": {
            "cash": 6.5,
            "stock": 0,
            "eps": 11.39
        },
        "2021": {
            "cash": 8,
            "stock": 0,
            "eps": 12.62
        },
        "2022": {
            "cash": 8.8,
            "stock": 0,
            "eps": 16.62
        },
        "2023": {
            "cash": 10,
            "stock": 0,
            "eps": 15.37
        },
        "2024": {
            "cash": 10,
            "stock": 0,
            "eps": 0
        }
    },
    "dividends": {
        "1999-04-23": {
            "cash": 0.75,
            "stock": 0.75
        },
        "2000-04-17": {
            "cash": 1,
            "stock": 2
        },
        "2001-05-07": {
            "cash": 2,
            "stock": 4
        },
        "2002-05-17": {
            "cash": 1.8,
            "stock": 2.7
        },
        "2003-04-29": {
            "cash": 3,
            "stock": 1.2
        },
        "2004-05-04": {
            "cash": 3,
            "stock": 1.5
        },
        "2005-05-03": {
            "cash": 2.72,
            "stock": 0.91
        },
        "2006-05-04": {
            "cash": 2.5,
            "stock": 0.5
        },
        "2007-04-27": {
            "cash": 2.3,
            "stock": 0.7
        },
        "2008-04-23": {
            "cash": 3,
            "stock": 0.3
        },
        "2009-04-24": {
            "cash": 1.3,
            "stock": 0.2
        },
        "2010-04-23": {
            "cash": 1.5,
            "stock": 0.2
        },
        "2011-01-01": {
            "cash": 4.3,
            "stock": 0
        },
        "2011-04-22": {
            "cash": 2.8,
            "stock": 0.2
        },
        "2013-03-22": {
            "cash": 3.6,
            "stock": 0.2
        },
        "2014-09-25": {
            "cash": 3.6,
            "stock": 0.2
        },
        "2015-09-18": {
            "cash": 3.7,
            "stock": 0.3
        },
        "2016-09-14": {
            "cash": 3.9,
            "stock": 0.2
        },
        "2017-09-13": {
            "cash": 5,
            "stock": 0
        },
        "2018-09-14": {
            "cash": 4.2,
            "stock": 0
        },
        "2019-08-23": {
            "cash": 5.3,
            "stock": 0
        },
        "2020-08-07": {
            "cash": 6.5,
            "stock": 0
        },
        "2021-07-06": {
            "cash": 8,
            "stock": 0
        },
        "2022-07-06": {
            "cash": 8.8,
            "stock": 0
        },
        "2023-07-14": {
            "cash": 10,
            "stock": 0
        },
        "2024-02-29": {
            "cash": 10,
            "stock": 0
        }
    },
    "prices": {
        "200101": "159.53",
        "200102": "217.84",
        "200103": "213.77",
        "200104": "208.95",
        "200105": "198.05",
        "200106": "161.30",
        "200107": "139.02",
        "200108": "123.24",
        "200109": "100.85",
        "200110": "99.12",
        "200111": "116.93",
        "200112": "148.64",
        "200201": "176.68",
        "200202": "175.67",
        "200203": "181.48",
        "200204": "175.38",
        "200205": "164.57",
        "200206": "139.42",
        "200207": "99.43",
        "200208": "94.61",
        "200209": "94.25",
        "200210": "94.77",
        "200211": "97.83",
        "200212": "88.73",
        "200301": "82.71",
        "200302": "76.25",
        "200303": "74.48",
        "200304": "77.86",
        "200305": "77.48",
        "200306": "86.25",
        "200307": "89.26",
        "200308": "75.20",
        "200309": "78.88",
        "200310": "77.70",
        "200311": "82.18",
        "200312": "89.57",
        "200401": "89.23",
        "200402": "88.20",
        "200403": "87.33",
        "200404": "88.14",
        "200405": "78.60",
        "200406": "69.02",
        "200407": "62.09",
        "200408": "56.00",
        "200409": "56.64",
        "200410": "51.66",
        "200411": "51.68",
        "200412": "53.80",
        "200501": "53.33",
        "200502": "56.54",
        "200503": "57.03",
        "200504": "53.14",
        "200505": "52.11",
        "200506": "55.85",
        "200507": "75.64",
        "200508": "114.62",
        "200509": "114.14",
        "200510": "99.54",
        "200511": "91.02",
        "200512": "102.13",
        "200601": "98.04",
        "200602": "87.95",
        "200603": "89.55",
        "200604": "101.68",
        "200605": "89.10",
        "200606": "72.92",
        "200607": "77.01",
        "200608": "80.30",
        "200609": "74.74",
        "200610": "73.33",
        "200611": "71.81",
        "200612": "71.00",
        "200701": "74.23",
        "200702": "78.75",
        "200703": "84.08",
        "200704": "79.03",
        "200705": "75.55",
        "200706": "79.02",
        "200707": "92.02",
        "200708": "77.80",
        "200709": "74.34",
        "200710": "76.13",
        "200711": "66.27",
        "200712": "61.75",
        "200801": "53.56",
        "200802": "47.92",
        "200803": "50.12",
        "200804": "52.03",
        "200805": "51.76",
        "200806": "46.58",
        "200807": "43.07",
        "200808": "42.41",
        "200809": "34.40",
        "200810": "26.06",
        "200811": "22.18",
        "200812": "21.30",
        "200901": "21.28",
        "200902": "21.19",
        "200903": "24.20",
        "200904": "26.64",
        "200905": "26.79",
        "200906": "27.85",
        "200907": "30.30",
        "200908": "29.86",
        "200909": "31.00",
        "200910": "33.22",
        "200911": "33.49",
        "200912": "41.75",
        "201001": "43.20",
        "201002": "39.52",
        "201003": "41.75",
        "201004": "42.68",
        "201005": "38.20",
        "201006": "36.37",
        "201007": "38.47",
        "201008": "39.48",
        "201009": "39.63",
        "201010": "39.08",
        "201011": "39.04",
        "201012": "40.18",
        "201101": "41.92",
        "201102": "45.33",
        "201103": "41.64",
        "201104": "41.75",
        "201105": "47.16",
        "201106": "47.34",
        "201107": "46.81",
        "201108": "41.25",
        "201109": "40.85",
        "201110": "40.44",
        "201111": "42.66",
        "201112": "41.57",
        "201201": "43.31",
        "201202": "51.69",
        "201203": "54.78",
        "201204": "52.18",
        "201205": "51.58",
        "201206": "49.80",
        "201207": "50.32",
        "201208": "48.72",
        "201209": "48.25",
        "201210": "45.26",
        "201211": "44.12",
        "201212": "46.93",
        "201301": "48.42",
        "201302": "51.28",
        "201303": "54.30",
        "201304": "54.68",
        "201305": "54.94",
        "201306": "53.18",
        "201307": "53.21",
        "201308": "48.98",
        "201309": "49.95",
        "201310": "50.60",
        "201311": "51.00",
        "201312": "54.58",
        "201401": "58.99",
        "201402": "57.56",
        "201403": "60.47",
        "201404": "58.63",
        "201405": "57.80",
        "201406": "59.74",
        "201407": "61.24",
        "201408": "60.64",
        "201409": "57.45",
        "201410": "54.90",
        "201411": "54.97",
        "201412": "55.44",
        "201501": "56.56",
        "201502": "59.48",
        "201503": "61.91",
        "201504": "62.33",
        "201505": "61.00",
        "201506": "58.23",
        "201507": "56.06",
        "201508": "49.91",
        "201509": "47.80",
        "201510": "50.30",
        "201511": "52.71",
        "201512": "54.13",
        "201601": "52.42",
        "201602": "56.76",
        "201603": "59.90",
        "201604": "58.82",
        "201605": "60.94",
        "201606": "67.08",
        "201607": "71.47",
        "201608": "78.94",
        "201609": "86.02",
        "201610": "83.72",
        "201611": "79.85",
        "201612": "80.06",
        "201701": "87.69",
        "201702": "95.79",
        "201703": "96.11",
        "201704": "97.44",
        "201705": "95.83",
        "201706": "93.32",
        "201707": "92.32",
        "201708": "84.70",
        "201709": "77.90",
        "201710": "75.99",
        "201711": "77.84",
        "201712": "77.91",
        "201801": "86.00",
        "201802": "84.21",
        "201803": "83.63",
        "201804": "83.22",
        "201805": "80.94",
        "201806": "81.18",
        "201807": "81.13",
        "201808": "79.98",
        "201809": "72.98",
        "201810": "66.58",
        "201811": "67.48",
        "201812": "70.44",
        "201901": "69.90",
        "201902": "74.59",
        "201903": "77.34",
        "201904": "83.86",
        "201905": "84.23",
        "201906": "82.24",
        "201907": "85.14",
        "201908": "90.37",
        "201909": "94.18",
        "201910": "97.35",
        "201911": "98.46",
        "201912": "106.58",
        "202001": "107.90",
        "202002": "107.37",
        "202003": "92.24",
        "202004": "95.77",
        "202005": "102.90",
        "202006": "107.88",
        "202007": "115.02",
        "202008": "122.05",
        "202009": "115.64",
        "202010": "115.34",
        "202011": "120.90",
        "202012": "120.37",
        "202101": "121.18",
        "202102": "121.08",
        "202103": "126.77",
        "202104": "137.08",
        "202105": "129.74",
        "202106": "124.00",
        "202107": "129.27",
        "202108": "131.41",
        "202109": "141.20",
        "202110": "137.35",
        "202111": "145.02",
        "202112": "150.11",
        "202201": "166.81",
        "202202": "172.43",
        "202203": "170.87",
        "202204": "172.03",
        "202205": "164.10",
        "202206": "155.67",
        "202207": "141.74",
        "202208": "161.43",
        "202209": "162.76",
        "202210": "150.82",
        "202211": "160.89",
        "202212": "167.14",
        "202301": "165.12",
        "202302": "172.39",
        "202303": "189.09",
        "202304": "188.91",
        "202305": "189.82",
        "202306": "189.12",
        "202307": "180.95",
        "202308": "171.73",
        "202309": "172.22",
        "202310": "168.48",
        "202311": "181.02",
        "202312": "182.79"
    },
    "quarters": {
        "20011": {
            "year_quarter": 20011,
            "year": 2001,
            "quarter": 1,
            "eps": 2.54,
            "eps_growth_year": 93.89,
            "eps_4q": 11.38,
            "eps_4q_growth_year": 147.4,
            "roe": 9.86,
            "roe_4q": 9.86,
            "gross_profit": 161482,
            "gross_margin": 23.19,
            "gross_margin_4q_avg": 23.19,
            "net_income": 76616,
            "net_income_4q": null,
            "revenue": 696408,
            "revenue_4q": null,
            "common_shares": 301120,
            "book_valuer_per_share": 27.08,
            "book_valuer_per_share_4q_avg": 27.08,
            "equity": 815344,
            "current_ratio": 164.86,
            "debt_ratio": 45.83,
            "inventory_turnover_ratio": 1.56,
            "account_receivable_turnover_ratio": null,
            "reinvestment_rate": null,
            "research_to_sale_ratio": null,
            "price_fair": 0,
            "eps_avg_yearly": 0,
            "eps_latest_yearly": 0,
            "eps_growth_yearly": 0
        },
        "20012": {
            "year_quarter": 20012,
            "year": 2001,
            "quarter": 2,
            "eps": 2.27,
            "eps_growth_year": -22.26,
            "eps_4q": 8.04,
            "eps_4q_growth_year": 41.24,
            "roe": 8.06,
            "roe_4q": 17.92,
            "gross_profit": 206817,
            "gross_margin": 22.49,
            "gross_margin_4q_avg": 22.84,
            "net_income": 100566,
            "net_income_4q": null,
            "revenue": 919567,
            "revenue_4q": null,
            "common_shares": 301120,
            "book_valuer_per_share": 55.78,
            "book_valuer_per_share_4q_avg": 41.43,
            "equity": 1679686,
            "current_ratio": 256.2,
            "debt_ratio": 32.88,
            "inventory_turnover_ratio": 2.17,
            "account_receivable_turnover_ratio": null,
            "reinvestment_rate": null,
            "research_to_sale_ratio": null,
            "price_fair": 0,
            "eps_avg_yearly": 0,
            "eps_latest_yearly": 0,
            "eps_growth_yearly": 0
        },
        "20013": {
            "year_quarter": 20013,
            "year": 2001,
            "quarter": 3,
            "eps": 1.21,
            "eps_growth_year": -60.97,
            "eps_4q": 6.82,
            "eps_4q_growth_year": -15.07,
            "roe": 3.32,
            "roe_4q": 21.240000000000002,
            "gross_profit": 139876,
            "gross_margin": 20.26,
            "gross_margin_4q_avg": 21.98,
            "net_income": 56670,
            "net_income_4q": null,
            "revenue": 690534,
            "revenue_4q": null,
            "common_shares": 518068,
            "book_valuer_per_share": 33.52,
            "book_valuer_per_share_4q_avg": 38.79,
            "equity": 1736356,
            "current_ratio": 342.23,
            "debt_ratio": 24.26,
            "inventory_turnover_ratio": 1.69,
            "account_receivable_turnover_ratio": null,
            "reinvestment_rate": null,
            "research_to_sale_ratio": null,
            "price_fair": 0,
            "eps_avg_yearly": 0,
            "eps_latest_yearly": 0,
            "eps_growth_yearly": 0
        },
        "20014": {
            "year_quarter": 20014,
            "year": 2001,
            "quarter": 4,
            "eps": 1.27,
            "eps_growth_year": -55.28,
            "eps_4q": 6.14,
            "eps_4q_growth_year": -38.07,
            "roe": 3.45,
            "roe_4q": 24.689999999999998,
            "gross_profit": 150951,
            "gross_margin": 17.94,
            "gross_margin_4q_avg": 20.97,
            "net_income": 60945,
            "net_income_4q": null,
            "revenue": 841379,
            "revenue_4q": null,
            "common_shares": 518068,
            "book_valuer_per_share": 34.69,
            "book_valuer_per_share_4q_avg": 37.77,
            "equity": 1797301,
            "current_ratio": 228.84,
            "debt_ratio": 34.48,
            "inventory_turnover_ratio": 2.09,
            "account_receivable_turnover_ratio": null,
            "reinvestment_rate": null,
            "research_to_sale_ratio": null,
            "price_fair": 0,
            "eps_avg_yearly": 0,
            "eps_latest_yearly": 0,
            "eps_growth_yearly": 0
        },
        "20021": {
            "year_quarter": 20021,
            "year": 2002,
            "quarter": 1,
            "eps": 1.65,
            "eps_growth_year": -35.04,
            "eps_4q": 5.87,
            "eps_4q_growth_year": -48.46,
            "roe": 4.64,
            "roe_4q": 19.47,
            "gross_profit": 166335,
            "gross_margin": 21.34,
            "gross_margin_4q_avg": 20.51,
            "net_income": 85356,
            "net_income_4q": null,
            "revenue": 779427,
            "revenue_4q": null,
            "common_shares": 518068,
            "book_valuer_per_share": 36.34,
            "book_valuer_per_share_4q_avg": 40.08,
            "equity": 1882657,
            "current_ratio": 246.06,
            "debt_ratio": 37.12,
            "inventory_turnover_ratio": 1.36,
            "account_receivable_turnover_ratio": null,
            "reinvestment_rate": null,
            "research_to_sale_ratio": null,
            "price_fair": 231,
            "eps_avg_yearly": 6.6,
            "eps_latest_yearly": 6.6,
            "eps_growth_yearly": 119.69
        },
        "20022": {
            "year_quarter": 20022,
            "year": 2002,
            "quarter": 2,
            "eps": 1.62,
            "eps_growth_year": -28.63,
            "eps_4q": 4.6,
            "eps_4q_growth_year": -42.71,
            "roe": 5.86,
            "roe_4q": 17.27,
            "gross_profit": 197443,
            "gross_margin": 16.49,
            "gross_margin_4q_avg": 19.01,
            "net_income": 110177,
            "net_income_4q": null,
            "revenue": 1197561,
            "revenue_4q": null,
            "common_shares": 518068,
            "book_valuer_per_share": 36.24,
            "book_valuer_per_share_4q_avg": 35.2,
            "equity": 1877333,
            "current_ratio": 218.11,
            "debt_ratio": 41.01,
            "inventory_turnover_ratio": 2.08,
            "account_receivable_turnover_ratio": null,
            "reinvestment_rate": null,
            "research_to_sale_ratio": null,
            "price_fair": 228.9,
            "eps_avg_yearly": 6.54,
            "eps_latest_yearly": 6.48,
            "eps_growth_yearly": 56.21
        },
        "20023": {
            "year_quarter": 20023,
            "year": 2002,
            "quarter": 3,
            "eps": 1.47,
            "eps_growth_year": 21.49,
            "eps_4q": 5.23,
            "eps_4q_growth_year": -23.26,
            "roe": 5.25,
            "roe_4q": 19.2,
            "gross_profit": 208237,
            "gross_margin": 17.44,
            "gross_margin_4q_avg": 18.3,
            "net_income": 100152,
            "net_income_4q": null,
            "revenue": 1193986,
            "revenue_4q": null,
            "common_shares": 679446,
            "book_valuer_per_share": 28.55,
            "book_valuer_per_share_4q_avg": 33.96,
            "equity": 1939910,
            "current_ratio": 230.26,
            "debt_ratio": 39.84,
            "inventory_turnover_ratio": 2.52,
            "account_receivable_turnover_ratio": null,
            "reinvestment_rate": null,
            "research_to_sale_ratio": null,
            "price_fair": 221.2,
            "eps_avg_yearly": 6.32,
            "eps_latest_yearly": 5.88,
            "eps_growth_yearly": 25.13
        },
        "20024": {
            "year_quarter": 20024,
            "year": 2002,
            "quarter": 4,
            "eps": 1.39,
            "eps_growth_year": 9.45,
            "eps_4q": 5.74,
            "eps_4q_growth_year": -6.5,
            "roe": 4.75,
            "roe_4q": 20.5,
            "gross_profit": 213064,
            "gross_margin": 18.27,
            "gross_margin_4q_avg": 18.39,
            "net_income": 94397,
            "net_income_4q": null,
            "revenue": 1166089,
            "revenue_4q": null,
            "common_shares": 679446,
            "book_valuer_per_share": 29.93,
            "book_valuer_per_share_4q_avg": 32.77,
            "equity": 2033715,
            "current_ratio": 203.1,
            "debt_ratio": 43.29,
            "inventory_turnover_ratio": 2.64,
            "account_receivable_turnover_ratio": null,
            "reinvestment_rate": 4.86,
            "research_to_sale_ratio": null,
            "price_fair": 143.45,
            "eps_avg_yearly": 6.13,
            "eps_latest_yearly": 5.56,
            "eps_growth_yearly": 13.4
        },
        "20031": {
            "year_quarter": 20031,
            "year": 2003,
            "quarter": 1,
            "eps": 1.26,
            "eps_growth_year": -23.64,
            "eps_4q": 5.73,
            "eps_4q_growth_year": -2.27,
            "roe": 4.14,
            "roe_4q": 20,
            "gross_profit": 205518,
            "gross_margin": 22.18,
            "gross_margin_4q_avg": 18.6,
            "net_income": 85808,
            "net_income_4q": null,
            "revenue": 926507,
            "revenue_4q": null,
            "common_shares": 679446,
            "book_valuer_per_share": 31.01,
            "book_valuer_per_share_4q_avg": 31.43,
            "equity": 2106991,
            "current_ratio": 208.66,
            "debt_ratio": 42.84,
            "inventory_turnover_ratio": 1.64,
            "account_receivable_turnover_ratio": null,
            "reinvestment_rate": 2.05,
            "research_to_sale_ratio": null,
            "price_fair": 78.27,
            "eps_avg_yearly": 5.91,
            "eps_latest_yearly": 5.04,
            "eps_growth_yearly": 3.24
        },
        "20032": {
            "year_quarter": 20032,
            "year": 2003,
            "quarter": 2,
            "eps": 1.22,
            "eps_growth_year": -24.69,
            "eps_4q": 4.84,
            "eps_4q_growth_year": 5.1,
            "roe": 4.62,
            "roe_4q": 18.759999999999998,
            "gross_profit": 216415,
            "gross_margin": 16.88,
            "gross_margin_4q_avg": 18.69,
            "net_income": 94507,
            "net_income_4q": null,
            "revenue": 1282281,
            "revenue_4q": null,
            "common_shares": 679446,
            "book_valuer_per_share": 29.14,
            "book_valuer_per_share_4q_avg": 29.66,
            "equity": 1980165,
            "current_ratio": 168.25,
            "debt_ratio": 47.91,
            "inventory_turnover_ratio": 2.16,
            "account_receivable_turnover_ratio": null,
            "reinvestment_rate": 20.92,
            "research_to_sale_ratio": null,
            "price_fair": 57.4,
            "eps_avg_yearly": 5.74,
            "eps_latest_yearly": 4.88,
            "eps_growth_yearly": 0.58
        },
        "20033": {
            "year_quarter": 20033,
            "year": 2003,
            "quarter": 3,
            "eps": 1.71,
            "eps_growth_year": 16.33,
            "eps_4q": 5.24,
            "eps_4q_growth_year": 0.12,
            "roe": 6.51,
            "roe_4q": 20.02,
            "gross_profit": 259557,
            "gross_margin": 17.38,
            "gross_margin_4q_avg": 18.68,
            "net_income": 133038,
            "net_income_4q": null,
            "revenue": 1493281,
            "revenue_4q": null,
            "common_shares": 775980,
            "book_valuer_per_share": 27.13,
            "book_valuer_per_share_4q_avg": 29.3,
            "equity": 2104931,
            "current_ratio": 158.24,
            "debt_ratio": 47.13,
            "inventory_turnover_ratio": 2.56,
            "account_receivable_turnover_ratio": null,
            "reinvestment_rate": 18.81,
            "research_to_sale_ratio": null,
            "price_fair": 197.26,
            "eps_avg_yearly": 5.9,
            "eps_latest_yearly": 6.84,
            "eps_growth_yearly": 23.45
        },
        "20034": {
            "year_quarter": 20034,
            "year": 2003,
            "quarter": 4,
            "eps": 1.22,
            "eps_growth_year": -12.23,
            "eps_4q": 5.25,
            "eps_4q_growth_year": -8.6,
            "roe": 4.41,
            "roe_4q": 19.68,
            "gross_profit": 277790,
            "gross_margin": 17.25,
            "gross_margin_4q_avg": 18.42,
            "net_income": 94868,
            "net_income_4q": null,
            "revenue": 1610742,
            "revenue_4q": null,
            "common_shares": 775980,
            "book_valuer_per_share": 28.31,
            "book_valuer_per_share_4q_avg": 28.9,
            "equity": 2196600,
            "current_ratio": 177.44,
            "debt_ratio": 49.27,
            "inventory_turnover_ratio": 2.99,
            "account_receivable_turnover_ratio": null,
            "reinvestment_rate": 22.66,
            "research_to_sale_ratio": null,
            "price_fair": 93.43,
            "eps_avg_yearly": 5.77,
            "eps_latest_yearly": 4.88,
            "eps_growth_yearly": 6.19
        },
        "20041": {
            "year_quarter": 20041,
            "year": 2004,
            "quarter": 1,
            "eps": 1.47,
            "eps_growth_year": 16.67,
            "eps_4q": 5.63,
            "eps_4q_growth_year": -1.84,
            "roe": 5.06,
            "roe_4q": 20.599999999999998,
            "gross_profit": 268483,
            "gross_margin": 16.94,
            "gross_margin_4q_avg": 17.11,
            "net_income": 113953,
            "net_income_4q": null,
            "revenue": 1584808,
            "revenue_4q": null,
            "common_shares": 775980,
            "book_valuer_per_share": 29.69,
            "book_valuer_per_share_4q_avg": 28.57,
            "equity": 2303923,
            "current_ratio": 141.99,
            "debt_ratio": 50.18,
            "inventory_turnover_ratio": 2.89,
            "account_receivable_turnover_ratio": null,
            "reinvestment_rate": 16.49,
            "research_to_sale_ratio": null,
            "price_fair": 142.31,
            "eps_avg_yearly": 5.78,
            "eps_latest_yearly": 5.88,
            "eps_growth_yearly": 14.61
        },
        "20042": {
            "year_quarter": 20042,
            "year": 2004,
            "quarter": 2,
            "eps": 1.4,
            "eps_growth_year": 14.75,
            "eps_4q": 5.14,
            "eps_4q_growth_year": 6.17,
            "roe": 5.71,
            "roe_4q": 21.689999999999998,
            "gross_profit": 285088,
            "gross_margin": 15.84,
            "gross_margin_4q_avg": 16.85,
            "net_income": 128047,
            "net_income_4q": null,
            "revenue": 1800283,
            "revenue_4q": null,
            "common_shares": 775980,
            "book_valuer_per_share": 28.08,
            "book_valuer_per_share_4q_avg": 28.3,
            "equity": 2179297,
            "current_ratio": 154.9,
            "debt_ratio": 60.72,
            "inventory_turnover_ratio": 2.79,
            "account_receivable_turnover_ratio": null,
            "reinvestment_rate": 20.34,
            "research_to_sale_ratio": null,
            "price_fair": 122.46,
            "eps_avg_yearly": 5.76,
            "eps_latest_yearly": 5.6,
            "eps_growth_yearly": 11.25
        },
        "20043": {
            "year_quarter": 20043,
            "year": 2004,
            "quarter": 3,
            "eps": 1.35,
            "eps_growth_year": -21.05,
            "eps_4q": 5.03,
            "eps_4q_growth_year": -3.96,
            "roe": 5.41,
            "roe_4q": 20.59,
            "gross_profit": 294712,
            "gross_margin": 16.3,
            "gross_margin_4q_avg": 16.58,
            "net_income": 123470,
            "net_income_4q": null,
            "revenue": 1808408,
            "revenue_4q": null,
            "common_shares": 912377,
            "book_valuer_per_share": 26.16,
            "book_valuer_per_share_4q_avg": 28.06,
            "equity": 2387209,
            "current_ratio": 166.85,
            "debt_ratio": 56.09,
            "inventory_turnover_ratio": 2.47,
            "account_receivable_turnover_ratio": null,
            "reinvestment_rate": 20.7,
            "research_to_sale_ratio": null,
            "price_fair": 108.45,
            "eps_avg_yearly": 5.73,
            "eps_latest_yearly": 5.4,
            "eps_growth_yearly": 8.92
        },
        "20044": {
            "year_quarter": 20044,
            "year": 2004,
            "quarter": 4,
            "eps": 0.05,
            "eps_growth_year": -95.9,
            "eps_4q": 3.8,
            "eps_4q_growth_year": -27.54,
            "roe": 0.2,
            "roe_4q": 16.38,
            "gross_profit": 272555,
            "gross_margin": 17.19,
            "gross_margin_4q_avg": 16.57,
            "net_income": 4868,
            "net_income_4q": null,
            "revenue": 1585190,
            "revenue_4q": null,
            "common_shares": 912377,
            "book_valuer_per_share": 26.13,
            "book_valuer_per_share_4q_avg": 27.52,
            "equity": 2384238,
            "current_ratio": 171.62,
            "debt_ratio": 55.77,
            "inventory_turnover_ratio": 1.7,
            "account_receivable_turnover_ratio": null,
            "reinvestment_rate": 30.95,
            "research_to_sale_ratio": null,
            "price_fair": 15.81,
            "eps_avg_yearly": 5.27,
            "eps_latest_yearly": 0.2,
            "eps_growth_yearly": -23.92
        },
        "20051": {
            "year_quarter": 20051,
            "year": 2005,
            "quarter": 1,
            "eps": 1.03,
            "eps_growth_year": -29.93,
            "eps_4q": 3.83,
            "eps_4q_growth_year": -31.97,
            "roe": 3.88,
            "roe_4q": 15.2,
            "gross_profit": 259546,
            "gross_margin": 16.46,
            "gross_margin_4q_avg": 16.45,
            "net_income": 94339,
            "net_income_4q": null,
            "revenue": 1577194,
            "revenue_4q": null,
            "common_shares": 912377,
            "book_valuer_per_share": 27.16,
            "book_valuer_per_share_4q_avg": 26.88,
            "equity": 2477563,
            "current_ratio": 174.16,
            "debt_ratio": 54.41,
            "inventory_turnover_ratio": 1.42,
            "account_receivable_turnover_ratio": null,
            "reinvestment_rate": 24.67,
            "research_to_sale_ratio": null,
            "price_fair": 181.35,
            "eps_avg_yearly": 5.18,
            "eps_latest_yearly": 4.12,
            "eps_growth_yearly": 581
        },
        "20052": {
            "year_quarter": 20052,
            "year": 2005,
            "quarter": 2,
            "eps": 1.46,
            "eps_growth_year": 4.29,
            "eps_4q": 3.9,
            "eps_4q_growth_year": -24.16,
            "roe": 5.56,
            "roe_4q": 15.049999999999999,
            "gross_profit": 278522,
            "gross_margin": 14.27,
            "gross_margin_4q_avg": 16.06,
            "net_income": 133441,
            "net_income_4q": null,
            "revenue": 1951612,
            "revenue_4q": null,
            "common_shares": 912377,
            "book_valuer_per_share": 25.43,
            "book_valuer_per_share_4q_avg": 26.22,
            "equity": 2320201,
            "current_ratio": 165.13,
            "debt_ratio": 55.66,
            "inventory_turnover_ratio": 1.78,
            "account_receivable_turnover_ratio": null,
            "reinvestment_rate": 23.74,
            "research_to_sale_ratio": null,
            "price_fair": 183,
            "eps_avg_yearly": 5.23,
            "eps_latest_yearly": 5.84,
            "eps_growth_yearly": 551.43
        },
        "20053": {
            "year_quarter": 20053,
            "year": 2005,
            "quarter": 3,
            "eps": 1.29,
            "eps_growth_year": -4.44,
            "eps_4q": 3.48,
            "eps_4q_growth_year": -30.9,
            "roe": 5.01,
            "roe_4q": 14.649999999999999,
            "gross_profit": 326201,
            "gross_margin": 18.03,
            "gross_margin_4q_avg": 16.49,
            "net_income": 137157,
            "net_income_4q": null,
            "revenue": 1808765,
            "revenue_4q": null,
            "common_shares": 1146813,
            "book_valuer_per_share": 27.49,
            "book_valuer_per_share_4q_avg": 26.55,
            "equity": 3152350,
            "current_ratio": 175.54,
            "debt_ratio": 38.93,
            "inventory_turnover_ratio": 1.42,
            "account_receivable_turnover_ratio": null,
            "reinvestment_rate": 24.24,
            "research_to_sale_ratio": null,
            "price_fair": 182.84,
            "eps_avg_yearly": 5.22,
            "eps_latest_yearly": 5.16,
            "eps_growth_yearly": 511.56
        },
        "20054": {
            "year_quarter": 20054,
            "year": 2005,
            "quarter": 4,
            "eps": 0.26,
            "eps_growth_year": 420,
            "eps_4q": 3.55,
            "eps_4q_growth_year": -6.75,
            "roe": 0.92,
            "roe_4q": 15.369999999999997,
            "gross_profit": 345008,
            "gross_margin": 18.2,
            "gross_margin_4q_avg": 16.74,
            "net_income": 28865,
            "net_income_4q": null,
            "revenue": 1895250,
            "revenue_4q": null,
            "common_shares": 1153506,
            "book_valuer_per_share": 27.9,
            "book_valuer_per_share_4q_avg": 27,
            "equity": 3137275,
            "current_ratio": 158.11,
            "debt_ratio": 46.62,
            "inventory_turnover_ratio": 1.33,
            "account_receivable_turnover_ratio": null,
            "reinvestment_rate": 29.36,
            "research_to_sale_ratio": null,
            "price_fair": 173.69,
            "eps_avg_yearly": 4.96,
            "eps_latest_yearly": 1.04,
            "eps_growth_yearly": 459.63
        },
        "20061": {
            "year_quarter": 20061,
            "year": 2006,
            "quarter": 1,
            "eps": 0.72,
            "eps_growth_year": -30.1,
            "eps_4q": 3.31,
            "eps_4q_growth_year": -13.55,
            "roe": 2.61,
            "roe_4q": 14.099999999999998,
            "gross_profit": 257612,
            "gross_margin": 15.69,
            "gross_margin_4q_avg": 16.55,
            "net_income": 83234,
            "net_income_4q": null,
            "revenue": 1642011,
            "revenue_4q": null,
            "common_shares": 1154463,
            "book_valuer_per_share": 28.16,
            "book_valuer_per_share_4q_avg": 27.25,
            "equity": 3250696,
            "current_ratio": 147.68,
            "debt_ratio": 41.25,
            "inventory_turnover_ratio": 1.12,
            "account_receivable_turnover_ratio": null,
            "reinvestment_rate": 30,
            "research_to_sale_ratio": null,
            "price_fair": 165.55,
            "eps_avg_yearly": 4.73,
            "eps_latest_yearly": 2.88,
            "eps_growth_yearly": 496.38
        },
        "20062": {
            "year_quarter": 20062,
            "year": 2006,
            "quarter": 2,
            "eps": 1.17,
            "eps_growth_year": -19.86,
            "eps_4q": 3.19,
            "eps_4q_growth_year": -18.05,
            "roe": 4.55,
            "roe_4q": 13.09,
            "gross_profit": 343559,
            "gross_margin": 16.8,
            "gross_margin_4q_avg": 17.18,
            "net_income": 144141,
            "net_income_4q": null,
            "revenue": 2045253,
            "revenue_4q": null,
            "common_shares": 1154463,
            "book_valuer_per_share": 26.74,
            "book_valuer_per_share_4q_avg": 27.57,
            "equity": 3086948,
            "current_ratio": 130.8,
            "debt_ratio": 48.13,
            "inventory_turnover_ratio": 1.27,
            "account_receivable_turnover_ratio": null,
            "reinvestment_rate": 31.67,
            "research_to_sale_ratio": null,
            "price_fair": 161.61,
            "eps_avg_yearly": 4.62,
            "eps_latest_yearly": 4.68,
            "eps_growth_yearly": 512.46
        },
        "20063": {
            "year_quarter": 20063,
            "year": 2006,
            "quarter": 3,
            "eps": 1.3,
            "eps_growth_year": 0.78,
            "eps_4q": 3.39,
            "eps_4q_growth_year": -2.66,
            "roe": 5.04,
            "roe_4q": 13.12,
            "gross_profit": 339907,
            "gross_margin": 16.13,
            "gross_margin_4q_avg": 16.71,
            "net_income": 159715,
            "net_income_4q": null,
            "revenue": 2107286,
            "revenue_4q": null,
            "common_shares": 1230186,
            "book_valuer_per_share": 26.44,
            "book_valuer_per_share_4q_avg": 27.31,
            "equity": 3252415,
            "current_ratio": 136.87,
            "debt_ratio": 44.5,
            "inventory_turnover_ratio": 1.27,
            "account_receivable_turnover_ratio": null,
            "reinvestment_rate": 31.52,
            "research_to_sale_ratio": null,
            "price_fair": 160.13,
            "eps_avg_yearly": 4.58,
            "eps_latest_yearly": 5.2,
            "eps_growth_yearly": 517.55
        },
        "20064": {
            "year_quarter": 20064,
            "year": 2006,
            "quarter": 4,
            "eps": 0.42,
            "eps_growth_year": 61.54,
            "eps_4q": 3.56,
            "eps_4q_growth_year": 0.42,
            "roe": 1.58,
            "roe_4q": 13.78,
            "gross_profit": 303533,
            "gross_margin": 14.04,
            "gross_margin_4q_avg": 15.67,
            "net_income": 51741,
            "net_income_4q": null,
            "revenue": 2162274,
            "revenue_4q": null,
            "common_shares": 1230186,
            "book_valuer_per_share": 26.85,
            "book_valuer_per_share_4q_avg": 27.05,
            "equity": 3305761,
            "current_ratio": 157.63,
            "debt_ratio": 46.48,
            "inventory_turnover_ratio": 1.23,
            "account_receivable_turnover_ratio": null,
            "reinvestment_rate": 34.54,
            "research_to_sale_ratio": null,
            "price_fair": 151.64,
            "eps_avg_yearly": 4.33,
            "eps_latest_yearly": 1.68,
            "eps_growth_yearly": 501.99
        },
        "20071": {
            "year_quarter": 20071,
            "year": 2007,
            "quarter": 1,
            "eps": 1.02,
            "eps_growth_year": 41.67,
            "eps_4q": 3.92,
            "eps_4q_growth_year": 18.37,
            "roe": 3.71,
            "roe_4q": 14.879999999999999,
            "gross_profit": 291734,
            "gross_margin": 11.14,
            "gross_margin_4q_avg": 14.53,
            "net_income": 125134,
            "net_income_4q": null,
            "revenue": 2618633,
            "revenue_4q": null,
            "common_shares": 1230186,
            "book_valuer_per_share": 27.91,
            "book_valuer_per_share_4q_avg": 26.99,
            "equity": 3433851,
            "current_ratio": 135.29,
            "debt_ratio": 50.42,
            "inventory_turnover_ratio": 1.37,
            "account_receivable_turnover_ratio": null,
            "reinvestment_rate": 31.43,
            "research_to_sale_ratio": null,
            "price_fair": 149.54,
            "eps_avg_yearly": 4.27,
            "eps_latest_yearly": 4.08,
            "eps_growth_yearly": 540.04
        },
        "20072": {
            "year_quarter": 20072,
            "year": 2007,
            "quarter": 2,
            "eps": 1.05,
            "eps_growth_year": -10.26,
            "eps_4q": 3.56,
            "eps_4q_growth_year": 11.43,
            "roe": 4.2,
            "roe_4q": 14.530000000000001,
            "gross_profit": 368284,
            "gross_margin": 11.64,
            "gross_margin_4q_avg": 13.24,
            "net_income": 140913,
            "net_income_4q": null,
            "revenue": 3163371,
            "revenue_4q": null,
            "common_shares": 1230186,
            "book_valuer_per_share": 26.6,
            "book_valuer_per_share_4q_avg": 26.95,
            "equity": 3272313,
            "current_ratio": 127.42,
            "debt_ratio": 54.98,
            "inventory_turnover_ratio": 1.53,
            "account_receivable_turnover_ratio": null,
            "reinvestment_rate": 16.46,
            "research_to_sale_ratio": null,
            "price_fair": 148.05,
            "eps_avg_yearly": 4.23,
            "eps_latest_yearly": 4.2,
            "eps_growth_yearly": 541.57
        },
        "20073": {
            "year_quarter": 20073,
            "year": 2007,
            "quarter": 3,
            "eps": 1.65,
            "eps_growth_year": 26.92,
            "eps_4q": 4.02,
            "eps_4q_growth_year": 18.85,
            "roe": 6.53,
            "roe_4q": 16.020000000000003,
            "gross_profit": 394674,
            "gross_margin": 10.5,
            "gross_margin_4q_avg": 11.83,
            "net_income": 220871,
            "net_income_4q": null,
            "revenue": 3759583,
            "revenue_4q": null,
            "common_shares": 1336299,
            "book_valuer_per_share": 26.15,
            "book_valuer_per_share_4q_avg": 26.88,
            "equity": 3494646,
            "current_ratio": 132.28,
            "debt_ratio": 53.3,
            "inventory_turnover_ratio": 1.72,
            "account_receivable_turnover_ratio": null,
            "reinvestment_rate": 15.46,
            "research_to_sale_ratio": null,
            "price_fair": 147.53,
            "eps_avg_yearly": 4.22,
            "eps_latest_yearly": 6.6,
            "eps_growth_yearly": 545.81
        },
        "20074": {
            "year_quarter": 20074,
            "year": 2007,
            "quarter": 4,
            "eps": 0.95,
            "eps_growth_year": 126.19,
            "eps_4q": 4.57,
            "eps_4q_growth_year": 28.43,
            "roe": 3.58,
            "roe_4q": 18.02,
            "gross_profit": 345994,
            "gross_margin": 9.04,
            "gross_margin_4q_avg": 10.58,
            "net_income": 127616,
            "net_income_4q": null,
            "revenue": 3827169,
            "revenue_4q": null,
            "common_shares": 1336299,
            "book_valuer_per_share": 27.14,
            "book_valuer_per_share_4q_avg": 26.95,
            "equity": 3628540,
            "current_ratio": 149.72,
            "debt_ratio": 53.6,
            "inventory_turnover_ratio": 1.67,
            "account_receivable_turnover_ratio": null,
            "reinvestment_rate": 13.44,
            "research_to_sale_ratio": null,
            "price_fair": 145.16,
            "eps_avg_yearly": 4.15,
            "eps_latest_yearly": 3.8,
            "eps_growth_yearly": 542.37
        },
        "20081": {
            "year_quarter": 20081,
            "year": 2008,
            "quarter": 1,
            "eps": 1.01,
            "eps_growth_year": -0.98,
            "eps_4q": 4.68,
            "eps_4q_growth_year": 19.31,
            "roe": 3.65,
            "roe_4q": 17.96,
            "gross_profit": 426645,
            "gross_margin": 10.36,
            "gross_margin_4q_avg": 10.39,
            "net_income": 134813,
            "net_income_4q": null,
            "revenue": 4117520,
            "revenue_4q": null,
            "common_shares": 1336299,
            "book_valuer_per_share": 28.11,
            "book_valuer_per_share_4q_avg": 27,
            "equity": 3758403,
            "current_ratio": 148.09,
            "debt_ratio": 54.67,
            "inventory_turnover_ratio": 1.59,
            "account_receivable_turnover_ratio": null,
            "reinvestment_rate": 17.09,
            "research_to_sale_ratio": null,
            "price_fair": 141.14,
            "eps_avg_yearly": 4.03,
            "eps_latest_yearly": 4.04,
            "eps_growth_yearly": 538.83
        },
        "20082": {
            "year_quarter": 20082,
            "year": 2008,
            "quarter": 2,
            "eps": 1.51,
            "eps_growth_year": 43.81,
            "eps_4q": 4.96,
            "eps_4q_growth_year": 39.42,
            "roe": 5.79,
            "roe_4q": 19.55,
            "gross_profit": 416389,
            "gross_margin": 9.67,
            "gross_margin_4q_avg": 9.89,
            "net_income": 211484,
            "net_income_4q": null,
            "revenue": 4307219,
            "revenue_4q": null,
            "common_shares": 1336299,
            "book_valuer_per_share": 26.55,
            "book_valuer_per_share_4q_avg": 26.99,
            "equity": 3549932,
            "current_ratio": 150.72,
            "debt_ratio": 54.22,
            "inventory_turnover_ratio": 1.64,
            "account_receivable_turnover_ratio": null,
            "reinvestment_rate": 12.75,
            "research_to_sale_ratio": null,
            "price_fair": 142.1,
            "eps_avg_yearly": 4.06,
            "eps_latest_yearly": 6.04,
            "eps_growth_yearly": 552.39
        },
        "20083": {
            "year_quarter": 20083,
            "year": 2008,
            "quarter": 3,
            "eps": 1.36,
            "eps_growth_year": -17.58,
            "eps_4q": 4.75,
            "eps_4q_growth_year": 17.98,
            "roe": 5.21,
            "roe_4q": 18.23,
            "gross_profit": 370888,
            "gross_margin": 10.67,
            "gross_margin_4q_avg": 9.94,
            "net_income": 190233,
            "net_income_4q": null,
            "revenue": 3475028,
            "revenue_4q": null,
            "common_shares": 1401388,
            "book_valuer_per_share": 26.76,
            "book_valuer_per_share_4q_avg": 27.14,
            "equity": 3753121,
            "current_ratio": 161.87,
            "debt_ratio": 50.39,
            "inventory_turnover_ratio": 1.36,
            "account_receivable_turnover_ratio": null,
            "reinvestment_rate": 11.58,
            "research_to_sale_ratio": null,
            "price_fair": 142.19,
            "eps_avg_yearly": 4.06,
            "eps_latest_yearly": 5.44,
            "eps_growth_yearly": 550.8
        },
        "20084": {
            "year_quarter": 20084,
            "year": 2008,
            "quarter": 4,
            "eps": -1.63,
            "eps_growth_year": -271.58,
            "eps_4q": 2.2,
            "eps_4q_growth_year": -52,
            "roe": -6.27,
            "roe_4q": 8.38,
            "gross_profit": 75158,
            "gross_margin": 2.93,
            "gross_margin_4q_avg": 8.41,
            "net_income": -228147,
            "net_income_4q": null,
            "revenue": 2564620,
            "revenue_4q": null,
            "common_shares": 1401388,
            "book_valuer_per_share": 25.16,
            "book_valuer_per_share_4q_avg": 26.65,
            "equity": 3528428,
            "current_ratio": 157.86,
            "debt_ratio": 47.68,
            "inventory_turnover_ratio": 1.1,
            "account_receivable_turnover_ratio": 2.77,
            "reinvestment_rate": 4.71,
            "research_to_sale_ratio": null,
            "price_fair": 151.2,
            "eps_avg_yearly": 4.32,
            "eps_latest_yearly": 5.44,
            "eps_growth_yearly": 613.2
        },
        "20091": {
            "year_quarter": 20091,
            "year": 2009,
            "quarter": 1,
            "eps": 0.24,
            "eps_growth_year": -76.24,
            "eps_4q": 1.46,
            "eps_4q_growth_year": -68.85,
            "roe": 0.96,
            "roe_4q": 5.69,
            "gross_profit": 187592,
            "gross_margin": 10.74,
            "gross_margin_4q_avg": 8.5,
            "net_income": 34179,
            "net_income_4q": null,
            "revenue": 1746373,
            "revenue_4q": null,
            "common_shares": 1401388,
            "book_valuer_per_share": 25.86,
            "book_valuer_per_share_4q_avg": 26.08,
            "equity": 3626510,
            "current_ratio": 173.66,
            "debt_ratio": 42.86,
            "inventory_turnover_ratio": 0.76,
            "account_receivable_turnover_ratio": 0.95,
            "reinvestment_rate": 10,
            "research_to_sale_ratio": null,
            "price_fair": 151.7,
            "eps_avg_yearly": 4.33,
            "eps_latest_yearly": 5.44,
            "eps_growth_yearly": 97
        },
        "20092": {
            "year_quarter": 20092,
            "year": 2009,
            "quarter": 2,
            "eps": 0.95,
            "eps_growth_year": -37.09,
            "eps_4q": 0.92,
            "eps_4q_growth_year": -81.49,
            "roe": 3.82,
            "roe_4q": 3.7199999999999998,
            "gross_profit": 249665,
            "gross_margin": 9.3,
            "gross_margin_4q_avg": 8.41,
            "net_income": 136645,
            "net_income_4q": null,
            "revenue": 2684554,
            "revenue_4q": null,
            "common_shares": 1401388,
            "book_valuer_per_share": 25.1,
            "book_valuer_per_share_4q_avg": 25.72,
            "equity": 3519996,
            "current_ratio": 171.17,
            "debt_ratio": 43.42,
            "inventory_turnover_ratio": 1.43,
            "account_receivable_turnover_ratio": 1.45,
            "reinvestment_rate": 9.69,
            "research_to_sale_ratio": null,
            "price_fair": 146.6,
            "eps_avg_yearly": 4.19,
            "eps_latest_yearly": 3.8,
            "eps_growth_yearly": 169.6
        },
        "20093": {
            "year_quarter": 20093,
            "year": 2009,
            "quarter": 3,
            "eps": 0.73,
            "eps_growth_year": -46.32,
            "eps_4q": 0.32,
            "eps_4q_growth_year": -93.16,
            "roe": 2.94,
            "roe_4q": 1.4500000000000002,
            "gross_profit": 283549,
            "gross_margin": 10.12,
            "gross_margin_4q_avg": 8.27,
            "net_income": 105007,
            "net_income_4q": null,
            "revenue": 2801661,
            "revenue_4q": null,
            "common_shares": 1429416,
            "book_valuer_per_share": 25.29,
            "book_valuer_per_share_4q_avg": 25.35,
            "equity": 3619029,
            "current_ratio": 180.74,
            "debt_ratio": 40.88,
            "inventory_turnover_ratio": 1.6,
            "account_receivable_turnover_ratio": 1.49,
            "reinvestment_rate": 7.62,
            "research_to_sale_ratio": null,
            "price_fair": 141,
            "eps_avg_yearly": 4.03,
            "eps_latest_yearly": 2.92,
            "eps_growth_yearly": 166.31
        },
        "20094": {
            "year_quarter": 20094,
            "year": 2009,
            "quarter": 4,
            "eps": 0.48,
            "eps_growth_year": null,
            "eps_4q": 2.41,
            "eps_4q_growth_year": 9.63,
            "roe": 1.88,
            "roe_4q": 9.600000000000001,
            "gross_profit": 265550,
            "gross_margin": 8.96,
            "gross_margin_4q_avg": 9.78,
            "net_income": 68801,
            "net_income_4q": null,
            "revenue": 2964544,
            "revenue_4q": null,
            "common_shares": 1429416,
            "book_valuer_per_share": 25.94,
            "book_valuer_per_share_4q_avg": 25.55,
            "equity": 3711963,
            "current_ratio": 169.22,
            "debt_ratio": 45.08,
            "inventory_turnover_ratio": 1.83,
            "account_receivable_turnover_ratio": 3.1,
            "reinvestment_rate": 51.76,
            "research_to_sale_ratio": null,
            "price_fair": 143.2,
            "eps_avg_yearly": 4.09,
            "eps_latest_yearly": 1.92,
            "eps_growth_yearly": 179.34
        },
        "20101": {
            "year_quarter": 20101,
            "year": 2010,
            "quarter": 1,
            "eps": 1.04,
            "eps_growth_year": 333.33,
            "eps_4q": 3.2,
            "eps_4q_growth_year": 119.92,
            "roe": 3.91,
            "roe_4q": 12.55,
            "gross_profit": 367013,
            "gross_margin": 11.66,
            "gross_margin_4q_avg": 10.01,
            "net_income": 147981,
            "net_income_4q": null,
            "revenue": 3146922,
            "revenue_4q": null,
            "common_shares": 1429415,
            "book_valuer_per_share": 26.95,
            "book_valuer_per_share_4q_avg": 25.82,
            "equity": 3855765,
            "current_ratio": 171.55,
            "debt_ratio": 45.04,
            "inventory_turnover_ratio": 1.96,
            "account_receivable_turnover_ratio": 1.6,
            "reinvestment_rate": 49.61,
            "research_to_sale_ratio": null,
            "price_fair": 146.4,
            "eps_avg_yearly": 4.18,
            "eps_latest_yearly": 4.16,
            "eps_growth_yearly": 162.12
        },
        "20102": {
            "year_quarter": 20102,
            "year": 2010,
            "quarter": 2,
            "eps": 0.89,
            "eps_growth_year": -6.01,
            "eps_4q": 3.1,
            "eps_4q_growth_year": 237.48,
            "roe": 3.41,
            "roe_4q": 12.139999999999999,
            "gross_profit": 362544,
            "gross_margin": 9.95,
            "gross_margin_4q_avg": 10.17,
            "net_income": 130483,
            "net_income_4q": null,
            "revenue": 3644837,
            "revenue_4q": null,
            "common_shares": 1429416,
            "book_valuer_per_share": 26.34,
            "book_valuer_per_share_4q_avg": 26.13,
            "equity": 3793085,
            "current_ratio": 159.03,
            "debt_ratio": 50.92,
            "inventory_turnover_ratio": 2.21,
            "account_receivable_turnover_ratio": 1.67,
            "reinvestment_rate": 47.79,
            "research_to_sale_ratio": null,
            "price_fair": 143.6,
            "eps_avg_yearly": 4.1,
            "eps_latest_yearly": 3.56,
            "eps_growth_yearly": 140.14
        },
        "20103": {
            "year_quarter": 20103,
            "year": 2010,
            "quarter": 3,
            "eps": 1.35,
            "eps_growth_year": 84.88,
            "eps_4q": 3.73,
            "eps_4q_growth_year": 1048.99,
            "roe": 5.03,
            "roe_4q": 14.23,
            "gross_profit": 430538,
            "gross_margin": 11.06,
            "gross_margin_4q_avg": 10.41,
            "net_income": 195732,
            "net_income_4q": null,
            "revenue": 3894095,
            "revenue_4q": null,
            "common_shares": 1458004,
            "book_valuer_per_share": 27.19,
            "book_valuer_per_share_4q_avg": 26.61,
            "equity": 3992094,
            "current_ratio": 164.71,
            "debt_ratio": 49.31,
            "inventory_turnover_ratio": 2.26,
            "account_receivable_turnover_ratio": 1.57,
            "reinvestment_rate": 48.19,
            "research_to_sale_ratio": null,
            "price_fair": 144.1,
            "eps_avg_yearly": 4.12,
            "eps_latest_yearly": 5.4,
            "eps_growth_yearly": 151.73
        },
        "20104": {
            "year_quarter": 20104,
            "year": 2010,
            "quarter": 4,
            "eps": 1.27,
            "eps_growth_year": 164.31,
            "eps_4q": 4.53,
            "eps_4q_growth_year": 88.06,
            "roe": 4.51,
            "roe_4q": 16.86,
            "gross_profit": 405023,
            "gross_margin": 10.18,
            "gross_margin_4q_avg": 10.71,
            "net_income": 183542,
            "net_income_4q": null,
            "revenue": 3978742,
            "revenue_4q": null,
            "common_shares": 1458004,
            "book_valuer_per_share": 28.31,
            "book_valuer_per_share_4q_avg": 27.2,
            "equity": 4152351,
            "current_ratio": 169.89,
            "debt_ratio": 47.34,
            "inventory_turnover_ratio": 2.23,
            "account_receivable_turnover_ratio": 1.69,
            "reinvestment_rate": 46.36,
            "research_to_sale_ratio": null,
            "price_fair": 152.6,
            "eps_avg_yearly": 4.36,
            "eps_latest_yearly": 5.08,
            "eps_growth_yearly": 169.38
        },
        "20111": {
            "year_quarter": 20111,
            "year": 2011,
            "quarter": 1,
            "eps": 1.52,
            "eps_growth_year": 46.15,
            "eps_4q": 5.03,
            "eps_4q_growth_year": 57.15,
            "roe": 5.14,
            "roe_4q": 18.09,
            "gross_profit": 504011,
            "gross_margin": 12.2,
            "gross_margin_4q_avg": 10.85,
            "net_income": 220456,
            "net_income_4q": null,
            "revenue": 4129698,
            "revenue_4q": null,
            "common_shares": 1458004,
            "book_valuer_per_share": 29.88,
            "book_valuer_per_share_4q_avg": 27.93,
            "equity": 4428896,
            "current_ratio": 176.81,
            "debt_ratio": 45.86,
            "inventory_turnover_ratio": 2.33,
            "account_receivable_turnover_ratio": 1.9,
            "reinvestment_rate": 50.56,
            "research_to_sale_ratio": null,
            "price_fair": 157.6,
            "eps_avg_yearly": 4.5,
            "eps_latest_yearly": 6.08,
            "eps_growth_yearly": 134.19
        },
        "20112": {
            "year_quarter": 20112,
            "year": 2011,
            "quarter": 2,
            "eps": 1.64,
            "eps_growth_year": 83.82,
            "eps_4q": 5.7,
            "eps_4q_growth_year": 83.99,
            "roe": 5.47,
            "roe_4q": 20.15,
            "gross_profit": 565202,
            "gross_margin": 13.39,
            "gross_margin_4q_avg": 11.71,
            "net_income": 236978,
            "net_income_4q": null,
            "revenue": 4219730,
            "revenue_4q": null,
            "common_shares": 1458004,
            "book_valuer_per_share": 28.67,
            "book_valuer_per_share_4q_avg": 28.51,
            "equity": 4243140,
            "current_ratio": 160.86,
            "debt_ratio": 50.6,
            "inventory_turnover_ratio": 2.37,
            "account_receivable_turnover_ratio": 1.9,
            "reinvestment_rate": 48.18,
            "research_to_sale_ratio": null,
            "price_fair": 163.5,
            "eps_avg_yearly": 4.67,
            "eps_latest_yearly": 6.56,
            "eps_growth_yearly": 135.6
        },
        "20113": {
            "year_quarter": 20113,
            "year": 2011,
            "quarter": 3,
            "eps": 1.8,
            "eps_growth_year": 33.3,
            "eps_4q": 6.18,
            "eps_4q_growth_year": 65.64,
            "roe": 6,
            "roe_4q": 21.119999999999997,
            "gross_profit": 513911,
            "gross_margin": 13.16,
            "gross_margin_4q_avg": 12.23,
            "net_income": 262618,
            "net_income_4q": null,
            "revenue": 3904099,
            "revenue_4q": null,
            "common_shares": 1487164,
            "book_valuer_per_share": 29.94,
            "book_valuer_per_share_4q_avg": 29.2,
            "equity": 4512544,
            "current_ratio": 174.89,
            "debt_ratio": 45.9,
            "inventory_turnover_ratio": 2.15,
            "account_receivable_turnover_ratio": 1.73,
            "reinvestment_rate": 50.19,
            "research_to_sale_ratio": null,
            "price_fair": 165,
            "eps_avg_yearly": 4.71,
            "eps_latest_yearly": 7.2,
            "eps_growth_yearly": 122.07
        },
        "20114": {
            "year_quarter": 20114,
            "year": 2011,
            "quarter": 4,
            "eps": 1.47,
            "eps_growth_year": 15.98,
            "eps_4q": 6.4,
            "eps_4q_growth_year": 41.48,
            "roe": 4.55,
            "roe_4q": 21.16,
            "gross_profit": 371568,
            "gross_margin": 10.11,
            "gross_margin_4q_avg": 12.22,
            "net_income": 210136,
            "net_income_4q": null,
            "revenue": 3674134,
            "revenue_4q": null,
            "common_shares": 1487164,
            "book_valuer_per_share": 31.38,
            "book_valuer_per_share_4q_avg": 29.97,
            "equity": 4718671,
            "current_ratio": 185.43,
            "debt_ratio": 42.84,
            "inventory_turnover_ratio": 2.23,
            "account_receivable_turnover_ratio": 1.73,
            "reinvestment_rate": 52.4,
            "research_to_sale_ratio": null,
            "price_fair": 170.2,
            "eps_avg_yearly": 4.86,
            "eps_latest_yearly": 5.88,
            "eps_growth_yearly": 128.95
        },
        "20121": {
            "year_quarter": 20121,
            "year": 2012,
            "quarter": 1,
            "eps": 1.29,
            "eps_growth_year": -15.13,
            "eps_4q": 6.18,
            "eps_4q_growth_year": 22.82,
            "roe": 3.7,
            "roe_4q": 19.72,
            "gross_profit": 434780,
            "gross_margin": 11.98,
            "gross_margin_4q_avg": 12.16,
            "net_income": 178022,
            "net_income_4q": null,
            "revenue": 3628014,
            "revenue_4q": null,
            "common_shares": 1488244,
            "book_valuer_per_share": 32.67,
            "book_valuer_per_share_4q_avg": 30.67,
            "equity": 4907404,
            "current_ratio": 197.01,
            "debt_ratio": 40.77,
            "inventory_turnover_ratio": 2.25,
            "account_receivable_turnover_ratio": 1.79,
            "reinvestment_rate": 49.24,
            "research_to_sale_ratio": null,
            "price_fair": 173,
            "eps_avg_yearly": 4.94,
            "eps_latest_yearly": 5.16,
            "eps_growth_yearly": 123.65
        },
        "20122": {
            "year_quarter": 20122,
            "year": 2012,
            "quarter": 2,
            "eps": 1.22,
            "eps_growth_year": -25.64,
            "eps_4q": 5.76,
            "eps_4q_growth_year": 1.11,
            "roe": 4.21,
            "roe_4q": 18.46,
            "gross_profit": 483446,
            "gross_margin": 10.91,
            "gross_margin_4q_avg": 11.54,
            "net_income": 196542,
            "net_income_4q": null,
            "revenue": 4431094,
            "revenue_4q": null,
            "common_shares": 1491304,
            "book_valuer_per_share": 29.61,
            "book_valuer_per_share_4q_avg": 30.9,
            "equity": 4421289,
            "current_ratio": 153.42,
            "debt_ratio": 50.65,
            "inventory_turnover_ratio": 2.77,
            "account_receivable_turnover_ratio": 1.87,
            "reinvestment_rate": 58.36,
            "research_to_sale_ratio": null,
            "price_fair": 170.1,
            "eps_avg_yearly": 4.86,
            "eps_latest_yearly": 4.88,
            "eps_growth_yearly": 107.95
        },
        "20123": {
            "year_quarter": 20123,
            "year": 2012,
            "quarter": 3,
            "eps": 1.69,
            "eps_growth_year": -6.09,
            "eps_4q": 5.66,
            "eps_4q_growth_year": -8.38,
            "roe": 5.56,
            "roe_4q": 18.02,
            "gross_profit": 523748,
            "gross_margin": 12.22,
            "gross_margin_4q_avg": 11.31,
            "net_income": 252153,
            "net_income_4q": null,
            "revenue": 4286576,
            "revenue_4q": null,
            "common_shares": 1491354,
            "book_valuer_per_share": 31.18,
            "book_valuer_per_share_4q_avg": 31.21,
            "equity": 4655852,
            "current_ratio": 161.44,
            "debt_ratio": 45.33,
            "inventory_turnover_ratio": 2.61,
            "account_receivable_turnover_ratio": 1.67,
            "reinvestment_rate": 71.43,
            "research_to_sale_ratio": null,
            "price_fair": 173.4,
            "eps_avg_yearly": 4.95,
            "eps_latest_yearly": 6.76,
            "eps_growth_yearly": 121.8
        },
        "20124": {
            "year_quarter": 20124,
            "year": 2012,
            "quarter": 4,
            "eps": 1.2,
            "eps_growth_year": -18.34,
            "eps_4q": 5.39,
            "eps_4q_growth_year": -15.78,
            "roe": 3.78,
            "roe_4q": 17.25,
            "gross_profit": 485523,
            "gross_margin": 12.32,
            "gross_margin_4q_avg": 11.86,
            "net_income": 179422,
            "net_income_4q": null,
            "revenue": 3939995,
            "revenue_4q": null,
            "common_shares": 1491354,
            "book_valuer_per_share": 32.46,
            "book_valuer_per_share_4q_avg": 31.48,
            "equity": 4846512,
            "current_ratio": 167.32,
            "debt_ratio": 43.84,
            "inventory_turnover_ratio": 2.45,
            "account_receivable_turnover_ratio": 1.63,
            "reinvestment_rate": 68.09,
            "research_to_sale_ratio": null,
            "price_fair": 173.04,
            "eps_avg_yearly": 4.94,
            "eps_latest_yearly": 4.8,
            "eps_growth_yearly": 105.94
        },
        "20131": {
            "year_quarter": 20131,
            "year": 2013,
            "quarter": 1,
            "eps": 1.29,
            "eps_growth_year": 0,
            "eps_4q": 5.38,
            "eps_4q_growth_year": -12.93,
            "roe": 3.91,
            "roe_4q": 17.46,
            "gross_profit": 499184,
            "gross_margin": 12.62,
            "gross_margin_4q_avg": 12.02,
            "net_income": 193088,
            "net_income_4q": null,
            "revenue": 3955705,
            "revenue_4q": null,
            "common_shares": 1497044,
            "book_valuer_per_share": 33.5,
            "book_valuer_per_share_4q_avg": 31.69,
            "equity": 5036902,
            "current_ratio": 166.59,
            "debt_ratio": 45.06,
            "inventory_turnover_ratio": 2.48,
            "account_receivable_turnover_ratio": 1.67,
            "reinvestment_rate": 65.73,
            "research_to_sale_ratio": null,
            "price_fair": 173.51,
            "eps_avg_yearly": 4.96,
            "eps_latest_yearly": 5.16,
            "eps_growth_yearly": 101.2
        },
        "20132": {
            "year_quarter": 20132,
            "year": 2013,
            "quarter": 2,
            "eps": 1.5,
            "eps_growth_year": 22.91,
            "eps_4q": 5.58,
            "eps_4q_growth_year": -3.27,
            "roe": 4.69,
            "roe_4q": 17.94,
            "gross_profit": 502034,
            "gross_margin": 12.52,
            "gross_margin_4q_avg": 12.42,
            "net_income": 229152,
            "net_income_4q": null,
            "revenue": 4010486,
            "revenue_4q": null,
            "common_shares": 1499044,
            "book_valuer_per_share": 31.37,
            "book_valuer_per_share_4q_avg": 32.13,
            "equity": 4740550,
            "current_ratio": 148.85,
            "debt_ratio": 51.06,
            "inventory_turnover_ratio": 2.46,
            "account_receivable_turnover_ratio": 1.59,
            "reinvestment_rate": 63.64,
            "research_to_sale_ratio": null,
            "price_fair": 178.33,
            "eps_avg_yearly": 5.1,
            "eps_latest_yearly": 6,
            "eps_growth_yearly": 31.31
        },
        "20133": {
            "year_quarter": 20133,
            "year": 2013,
            "quarter": 3,
            "eps": 1.3,
            "eps_growth_year": -23.05,
            "eps_4q": 5.21,
            "eps_4q_growth_year": -8.03,
            "roe": 4.12,
            "roe_4q": 16.5,
            "gross_profit": 500467,
            "gross_margin": 12.86,
            "gross_margin_4q_avg": 12.58,
            "net_income": 199686,
            "net_income_4q": null,
            "revenue": 3891828,
            "revenue_4q": null,
            "common_shares": 1536791,
            "book_valuer_per_share": 32.05,
            "book_valuer_per_share_4q_avg": 32.35,
            "equity": 4964687,
            "current_ratio": 166.36,
            "debt_ratio": 44.87,
            "inventory_turnover_ratio": 2.4,
            "account_receivable_turnover_ratio": 1.53,
            "reinvestment_rate": 65.72,
            "research_to_sale_ratio": null,
            "price_fair": 183.31,
            "eps_avg_yearly": 5.24,
            "eps_latest_yearly": 5.2,
            "eps_growth_yearly": 33.77
        },
        "20134": {
            "year_quarter": 20134,
            "year": 2013,
            "quarter": 4,
            "eps": 1.14,
            "eps_growth_year": -4.92,
            "eps_4q": 5.15,
            "eps_4q_growth_year": -4.49,
            "roe": 3.45,
            "roe_4q": 16.17,
            "gross_profit": 461380,
            "gross_margin": 12.48,
            "gross_margin_4q_avg": 12.62,
            "net_income": 177183,
            "net_income_4q": null,
            "revenue": 3696730,
            "revenue_4q": null,
            "common_shares": 1548131,
            "book_valuer_per_share": 33.94,
            "book_valuer_per_share_4q_avg": 32.72,
            "equity": 5297372,
            "current_ratio": 174.22,
            "debt_ratio": 42.16,
            "inventory_turnover_ratio": 2.34,
            "account_receivable_turnover_ratio": 1.61,
            "reinvestment_rate": 42.58,
            "research_to_sale_ratio": null,
            "price_fair": 189.09,
            "eps_avg_yearly": 5.4,
            "eps_latest_yearly": 4.56,
            "eps_growth_yearly": 39.25
        },
        "20141": {
            "year_quarter": 20141,
            "year": 2014,
            "quarter": 1,
            "eps": 1.15,
            "eps_growth_year": -10.85,
            "eps_4q": 5.06,
            "eps_4q_growth_year": -6.06,
            "roe": 3.31,
            "roe_4q": 15.57,
            "gross_profit": 495285,
            "gross_margin": 12.4,
            "gross_margin_4q_avg": 12.57,
            "net_income": 178715,
            "net_income_4q": null,
            "revenue": 3993038,
            "revenue_4q": null,
            "common_shares": 1548131,
            "book_valuer_per_share": 35.17,
            "book_valuer_per_share_4q_avg": 33.13,
            "equity": 5489972,
            "current_ratio": 168.71,
            "debt_ratio": 42.39,
            "inventory_turnover_ratio": 2.56,
            "account_receivable_turnover_ratio": 1.77,
            "reinvestment_rate": 52.36,
            "research_to_sale_ratio": null,
            "price_fair": 110.25,
            "eps_avg_yearly": 5.43,
            "eps_latest_yearly": 4.6,
            "eps_growth_yearly": 10.3
        },
        "20142": {
            "year_quarter": 20142,
            "year": 2014,
            "quarter": 2,
            "eps": 1.41,
            "eps_growth_year": -6,
            "eps_4q": 4.9,
            "eps_4q_growth_year": -12.2,
            "roe": 4.12,
            "roe_4q": 15,
            "gross_profit": 551439,
            "gross_margin": 11.66,
            "gross_margin_4q_avg": 12.35,
            "net_income": 218948,
            "net_income_4q": null,
            "revenue": 4727715,
            "revenue_4q": null,
            "common_shares": 1548131,
            "book_valuer_per_share": 32.96,
            "book_valuer_per_share_4q_avg": 33.53,
            "equity": 5146633,
            "current_ratio": 148.11,
            "debt_ratio": 51.28,
            "inventory_turnover_ratio": 2.95,
            "account_receivable_turnover_ratio": 1.87,
            "reinvestment_rate": 49.95,
            "research_to_sale_ratio": null,
            "price_fair": 164.36,
            "eps_avg_yearly": 5.56,
            "eps_latest_yearly": 5.64,
            "eps_growth_yearly": 19.56
        },
        "20143": {
            "year_quarter": 20143,
            "year": 2014,
            "quarter": 3,
            "eps": 1.55,
            "eps_growth_year": 19.23,
            "eps_4q": 5.18,
            "eps_4q_growth_year": -0.45,
            "roe": 4.66,
            "roe_4q": 15.540000000000003,
            "gross_profit": 564976,
            "gross_margin": 11.82,
            "gross_margin_4q_avg": 12.09,
            "net_income": 245323,
            "net_income_4q": null,
            "revenue": 4779113,
            "revenue_4q": null,
            "common_shares": 1579094,
            "book_valuer_per_share": 33.85,
            "book_valuer_per_share_4q_avg": 33.98,
            "equity": 5384153,
            "current_ratio": 156.89,
            "debt_ratio": 47.16,
            "inventory_turnover_ratio": 2.82,
            "account_receivable_turnover_ratio": 1.84,
            "reinvestment_rate": 52.4,
            "research_to_sale_ratio": null,
            "price_fair": 107.28,
            "eps_avg_yearly": 5.61,
            "eps_latest_yearly": 6.2,
            "eps_growth_yearly": 9.12
        },
        "20144": {
            "year_quarter": 20144,
            "year": 2014,
            "quarter": 4,
            "eps": 1.38,
            "eps_growth_year": 21.04,
            "eps_4q": 5.44,
            "eps_4q_growth_year": 5.68,
            "roe": 3.99,
            "roe_4q": 16.08,
            "gross_profit": 555481,
            "gross_margin": 12.1,
            "gross_margin_4q_avg": 12,
            "net_income": 218927,
            "net_income_4q": null,
            "revenue": 4592415,
            "revenue_4q": null,
            "common_shares": 1579094,
            "book_valuer_per_share": 35.22,
            "book_valuer_per_share_4q_avg": 34.3,
            "equity": 5601226,
            "current_ratio": 158.77,
            "debt_ratio": 45.98,
            "inventory_turnover_ratio": 2.64,
            "account_receivable_turnover_ratio": 1.77,
            "reinvestment_rate": 56.2,
            "research_to_sale_ratio": null,
            "price_fair": 100.7,
            "eps_avg_yearly": 5.64,
            "eps_latest_yearly": 5.52,
            "eps_growth_yearly": 7.86
        },
        "20151": {
            "year_quarter": 20151,
            "year": 2015,
            "quarter": 1,
            "eps": 1.38,
            "eps_growth_year": 20,
            "eps_4q": 5.69,
            "eps_4q_growth_year": 12.61,
            "roe": 3.82,
            "roe_4q": 16.59,
            "gross_profit": 598992,
            "gross_margin": 12.16,
            "gross_margin_4q_avg": 11.94,
            "net_income": 217881,
            "net_income_4q": null,
            "revenue": 4926879,
            "revenue_4q": null,
            "common_shares": 1579094,
            "book_valuer_per_share": 36.45,
            "book_valuer_per_share_4q_avg": 34.62,
            "equity": 5795108,
            "current_ratio": 167.96,
            "debt_ratio": 45.68,
            "inventory_turnover_ratio": 2.75,
            "account_receivable_turnover_ratio": 1.74,
            "reinvestment_rate": 53.74,
            "research_to_sale_ratio": null,
            "price_fair": 72.5,
            "eps_avg_yearly": 5.6,
            "eps_latest_yearly": 5.52,
            "eps_growth_yearly": 2.94
        },
        "20152": {
            "year_quarter": 20152,
            "year": 2015,
            "quarter": 2,
            "eps": 1.49,
            "eps_growth_year": 5.67,
            "eps_4q": 5.63,
            "eps_4q_growth_year": 15.06,
            "roe": 4.21,
            "roe_4q": 16.68,
            "gross_profit": 569861,
            "gross_margin": 12.59,
            "gross_margin_4q_avg": 12.17,
            "net_income": 236438,
            "net_income_4q": null,
            "revenue": 4527498,
            "revenue_4q": null,
            "common_shares": 1579094,
            "book_valuer_per_share": 34.19,
            "book_valuer_per_share_4q_avg": 34.93,
            "equity": 5437133,
            "current_ratio": 145.69,
            "debt_ratio": 50.42,
            "inventory_turnover_ratio": 2.56,
            "account_receivable_turnover_ratio": 1.51,
            "reinvestment_rate": 61.41,
            "research_to_sale_ratio": null,
            "price_fair": 72.12,
            "eps_avg_yearly": 5.57,
            "eps_latest_yearly": 5.96,
            "eps_growth_yearly": 2.96
        },
        "20153": {
            "year_quarter": 20153,
            "year": 2015,
            "quarter": 3,
            "eps": 1.61,
            "eps_growth_year": 3.87,
            "eps_4q": 5.74,
            "eps_4q_growth_year": 10.76,
            "roe": 4.7,
            "roe_4q": 16.72,
            "gross_profit": 648049,
            "gross_margin": 13.81,
            "gross_margin_4q_avg": 12.67,
            "net_income": 261938,
            "net_income_4q": null,
            "revenue": 4694157,
            "revenue_4q": null,
            "common_shares": 1626467,
            "book_valuer_per_share": 35,
            "book_valuer_per_share_4q_avg": 35.22,
            "equity": 5701394,
            "current_ratio": 150.01,
            "debt_ratio": 48.44,
            "inventory_turnover_ratio": 2.62,
            "account_receivable_turnover_ratio": 1.5,
            "reinvestment_rate": 62.76,
            "research_to_sale_ratio": null,
            "price_fair": 69.16,
            "eps_avg_yearly": 5.52,
            "eps_latest_yearly": 6.44,
            "eps_growth_yearly": 2.53
        },
        "20154": {
            "year_quarter": 20154,
            "year": 2015,
            "quarter": 4,
            "eps": 1.49,
            "eps_growth_year": 8.1,
            "eps_4q": 5.89,
            "eps_4q_growth_year": 8.21,
            "roe": 4.18,
            "roe_4q": 16.91,
            "gross_profit": 619453,
            "gross_margin": 12.56,
            "gross_margin_4q_avg": 12.78,
            "net_income": 243204,
            "net_income_4q": null,
            "revenue": 4930336,
            "revenue_4q": null,
            "common_shares": 1626467,
            "book_valuer_per_share": 36.47,
            "book_valuer_per_share_4q_avg": 35.53,
            "equity": 5941581,
            "current_ratio": 154.46,
            "debt_ratio": 47.08,
            "inventory_turnover_ratio": 2.58,
            "account_receivable_turnover_ratio": 1.55,
            "reinvestment_rate": 62.28,
            "research_to_sale_ratio": null,
            "price_fair": 84.24,
            "eps_avg_yearly": 5.52,
            "eps_latest_yearly": 5.96,
            "eps_growth_yearly": 5.25
        },
        "20161": {
            "year_quarter": 20161,
            "year": 2016,
            "quarter": 1,
            "eps": 1.76,
            "eps_growth_year": 27.54,
            "eps_4q": 6.32,
            "eps_4q_growth_year": 10.9,
            "roe": 4.72,
            "roe_4q": 17.81,
            "gross_profit": 691170,
            "gross_margin": 12.56,
            "gross_margin_4q_avg": 12.88,
            "net_income": 286695,
            "net_income_4q": null,
            "revenue": 5504344,
            "revenue_4q": null,
            "common_shares": 1626467,
            "book_valuer_per_share": 38.13,
            "book_valuer_per_share_4q_avg": 35.95,
            "equity": 6210804,
            "current_ratio": 150.12,
            "debt_ratio": 48.89,
            "inventory_turnover_ratio": 2.54,
            "account_receivable_turnover_ratio": 1.72,
            "reinvestment_rate": 65.58,
            "research_to_sale_ratio": null,
            "price_fair": 128.85,
            "eps_avg_yearly": 5.64,
            "eps_latest_yearly": 7.04,
            "eps_growth_yearly": 12.85
        },
        "20162": {
            "year_quarter": 20162,
            "year": 2016,
            "quarter": 2,
            "eps": 1.84,
            "eps_growth_year": 23.49,
            "eps_4q": 6.58,
            "eps_4q_growth_year": 16.76,
            "roe": 4.98,
            "roe_4q": 18.58,
            "gross_profit": 779358,
            "gross_margin": 12.69,
            "gross_margin_4q_avg": 12.91,
            "net_income": 300315,
            "net_income_4q": null,
            "revenue": 6139534,
            "revenue_4q": null,
            "common_shares": 1626467,
            "book_valuer_per_share": 35.89,
            "book_valuer_per_share_4q_avg": 36.37,
            "equity": 5845855,
            "current_ratio": 134.84,
            "debt_ratio": 54.62,
            "inventory_turnover_ratio": 2.62,
            "account_receivable_turnover_ratio": 1.76,
            "reinvestment_rate": 59.52,
            "research_to_sale_ratio": null,
            "price_fair": 146.84,
            "eps_avg_yearly": 5.8,
            "eps_latest_yearly": 7.36,
            "eps_growth_yearly": 15.34
        },
        "20163": {
            "year_quarter": 20163,
            "year": 2016,
            "quarter": 3,
            "eps": 1.84,
            "eps_growth_year": 14.29,
            "eps_4q": 6.84,
            "eps_4q_growth_year": 19.12,
            "roe": 5.09,
            "roe_4q": 18.97,
            "gross_profit": 682294,
            "gross_margin": 12.37,
            "gross_margin_4q_avg": 12.55,
            "net_income": 304598,
            "net_income_4q": null,
            "revenue": 5515824,
            "revenue_4q": null,
            "common_shares": 1658996,
            "book_valuer_per_share": 36.81,
            "book_valuer_per_share_4q_avg": 36.83,
            "equity": 6114870,
            "current_ratio": 144.66,
            "debt_ratio": 50.85,
            "inventory_turnover_ratio": 2.32,
            "account_receivable_turnover_ratio": 1.55,
            "reinvestment_rate": 52.35,
            "research_to_sale_ratio": null,
            "price_fair": 91.61,
            "eps_avg_yearly": 5.83,
            "eps_latest_yearly": 7.36,
            "eps_growth_yearly": 5.71
        },
        "20164": {
            "year_quarter": 20164,
            "year": 2016,
            "quarter": 4,
            "eps": 1.88,
            "eps_growth_year": 25.94,
            "eps_4q": 7.25,
            "eps_4q_growth_year": 23.12,
            "roe": 4.99,
            "roe_4q": 19.78,
            "gross_profit": 765612,
            "gross_margin": 14,
            "gross_margin_4q_avg": 12.91,
            "net_income": 312663,
            "net_income_4q": null,
            "revenue": 5469734,
            "revenue_4q": null,
            "common_shares": 1658996,
            "book_valuer_per_share": 38.55,
            "book_valuer_per_share_4q_avg": 37.35,
            "equity": 6404877,
            "current_ratio": 141.52,
            "debt_ratio": 51.74,
            "inventory_turnover_ratio": 2.01,
            "account_receivable_turnover_ratio": 1.66,
            "reinvestment_rate": 51.75,
            "research_to_sale_ratio": null,
            "price_fair": 141.05,
            "eps_avg_yearly": 6,
            "eps_latest_yearly": 7.52,
            "eps_growth_yearly": 13.5
        },
        "20171": {
            "year_quarter": 20171,
            "year": 2017,
            "quarter": 1,
            "eps": 1.53,
            "eps_growth_year": -13.07,
            "eps_4q": 7.06,
            "eps_4q_growth_year": 11.76,
            "roe": 3.91,
            "roe_4q": 18.97,
            "gross_profit": 700048,
            "gross_margin": 12.56,
            "gross_margin_4q_avg": 12.91,
            "net_income": 254255,
            "net_income_4q": null,
            "revenue": 5571496,
            "revenue_4q": null,
            "common_shares": 1658996,
            "book_valuer_per_share": 39.76,
            "book_valuer_per_share_4q_avg": 37.75,
            "equity": 6606601,
            "current_ratio": 142.87,
            "debt_ratio": 50.53,
            "inventory_turnover_ratio": 1.9,
            "account_receivable_turnover_ratio": 1.74,
            "reinvestment_rate": 53.24,
            "research_to_sale_ratio": null,
            "price_fair": 102.88,
            "eps_avg_yearly": 6.06,
            "eps_latest_yearly": 6.12,
            "eps_growth_yearly": 6.97
        },
        "20172": {
            "year_quarter": 20172,
            "year": 2017,
            "quarter": 2,
            "eps": 1.33,
            "eps_growth_year": -27.72,
            "eps_4q": 6.58,
            "eps_4q_growth_year": 0,
            "roe": 3.49,
            "roe_4q": 17.48,
            "gross_profit": 703634,
            "gross_margin": 12.07,
            "gross_margin_4q_avg": 12.75,
            "net_income": 220550,
            "net_income_4q": null,
            "revenue": 5827612,
            "revenue_4q": null,
            "common_shares": 1658996,
            "book_valuer_per_share": 36.28,
            "book_valuer_per_share_4q_avg": 37.85,
            "equity": 6028153,
            "current_ratio": 123.47,
            "debt_ratio": 59,
            "inventory_turnover_ratio": 1.97,
            "account_receivable_turnover_ratio": 1.65,
            "reinvestment_rate": 56.22,
            "research_to_sale_ratio": null,
            "price_fair": 18.06,
            "eps_avg_yearly": 6.02,
            "eps_latest_yearly": 5.32,
            "eps_growth_yearly": -0.37
        },
        "20173": {
            "year_quarter": 20173,
            "year": 2017,
            "quarter": 3,
            "eps": 1.94,
            "eps_growth_year": 5.43,
            "eps_4q": 6.68,
            "eps_4q_growth_year": -2.34,
            "roe": 5.19,
            "roe_4q": 17.58,
            "gross_profit": 766660,
            "gross_margin": 12.69,
            "gross_margin_4q_avg": 12.83,
            "net_income": 321489,
            "net_income_4q": null,
            "revenue": 6042595,
            "revenue_4q": null,
            "common_shares": 1658996,
            "book_valuer_per_share": 38.31,
            "book_valuer_per_share_4q_avg": 38.23,
            "equity": 6364372,
            "current_ratio": 126.14,
            "debt_ratio": 57.97,
            "inventory_turnover_ratio": 1.88,
            "account_receivable_turnover_ratio": 1.6,
            "reinvestment_rate": 55.44,
            "research_to_sale_ratio": null,
            "price_fair": 150.99,
            "eps_avg_yearly": 6.18,
            "eps_latest_yearly": 7.76,
            "eps_growth_yearly": 14.43
        },
        "20174": {
            "year_quarter": 20174,
            "year": 2017,
            "quarter": 4,
            "eps": 1.11,
            "eps_growth_year": -40.86,
            "eps_4q": 5.49,
            "eps_4q_growth_year": -24.3,
            "roe": 2.9,
            "roe_4q": 15.49,
            "gross_profit": 766965,
            "gross_margin": 12.1,
            "gross_margin_4q_avg": 12.36,
            "net_income": 202412,
            "net_income_4q": null,
            "revenue": 6339309,
            "revenue_4q": null,
            "common_shares": 1816996,
            "book_valuer_per_share": 41.67,
            "book_valuer_per_share_4q_avg": 39.01,
            "equity": 7580567,
            "current_ratio": 151.69,
            "debt_ratio": 49.02,
            "inventory_turnover_ratio": 2.05,
            "account_receivable_turnover_ratio": 1.67,
            "reinvestment_rate": 49.8,
            "research_to_sale_ratio": null,
            "price_fair": 103.78,
            "eps_avg_yearly": 6.17,
            "eps_latest_yearly": 4.44,
            "eps_growth_yearly": 6.81
        },
        "20181": {
            "year_quarter": 20181,
            "year": 2018,
            "quarter": 1,
            "eps": 1.46,
            "eps_growth_year": -4.58,
            "eps_4q": 5.55,
            "eps_4q_growth_year": -21.32,
            "roe": 3.3,
            "roe_4q": 14.88,
            "gross_profit": 786377,
            "gross_margin": 12.21,
            "gross_margin_4q_avg": 12.27,
            "net_income": 261798,
            "net_income_4q": null,
            "revenue": 6439676,
            "revenue_4q": null,
            "common_shares": 1816996,
            "book_valuer_per_share": 45.44,
            "book_valuer_per_share_4q_avg": 40.43,
            "equity": 8297240,
            "current_ratio": 151.22,
            "debt_ratio": 48.52,
            "inventory_turnover_ratio": 2.07,
            "account_receivable_turnover_ratio": 1.63,
            "reinvestment_rate": 34.77,
            "research_to_sale_ratio": null,
            "price_fair": 152.98,
            "eps_avg_yearly": 6.25,
            "eps_latest_yearly": 5.84,
            "eps_growth_yearly": 14.48
        },
        "20182": {
            "year_quarter": 20182,
            "year": 2018,
            "quarter": 2,
            "eps": 1.82,
            "eps_growth_year": 36.84,
            "eps_4q": 6.17,
            "eps_4q_growth_year": -6.27,
            "roe": 4,
            "roe_4q": 15.39,
            "gross_profit": 794060,
            "gross_margin": 10.53,
            "gross_margin_4q_avg": 11.88,
            "net_income": 325122,
            "net_income_4q": null,
            "revenue": 7544365,
            "revenue_4q": null,
            "common_shares": 1816996,
            "book_valuer_per_share": 43.55,
            "book_valuer_per_share_4q_avg": 42.24,
            "equity": 7946255,
            "current_ratio": 138.71,
            "debt_ratio": 52.41,
            "inventory_turnover_ratio": 2.34,
            "account_receivable_turnover_ratio": 1.63,
            "reinvestment_rate": 37.94,
            "research_to_sale_ratio": 0.02,
            "price_fair": 158.74,
            "eps_avg_yearly": 6.35,
            "eps_latest_yearly": 7.28,
            "eps_growth_yearly": 14.99
        },
        "20183": {
            "year_quarter": 20183,
            "year": 2018,
            "quarter": 3,
            "eps": 2.26,
            "eps_growth_year": 16.49,
            "eps_4q": 6.66,
            "eps_4q_growth_year": -0.24,
            "roe": 4.98,
            "roe_4q": 15.180000000000001,
            "gross_profit": 942481,
            "gross_margin": 12.63,
            "gross_margin_4q_avg": 11.87,
            "net_income": 403845,
            "net_income_4q": null,
            "revenue": 7462136,
            "revenue_4q": null,
            "common_shares": 1816996,
            "book_valuer_per_share": 45.46,
            "book_valuer_per_share_4q_avg": 44.03,
            "equity": 8284765,
            "current_ratio": 146.23,
            "debt_ratio": 49.3,
            "inventory_turnover_ratio": 2.52,
            "account_receivable_turnover_ratio": 1.51,
            "reinvestment_rate": 35.58,
            "research_to_sale_ratio": 0.06,
            "price_fair": 186.43,
            "eps_avg_yearly": 6.53,
            "eps_latest_yearly": 9.04,
            "eps_growth_yearly": 18.55
        },
        "20184": {
            "year_quarter": 20184,
            "year": 2018,
            "quarter": 4,
            "eps": 2.18,
            "eps_growth_year": 96.11,
            "eps_4q": 7.73,
            "eps_4q_growth_year": 40.8,
            "roe": 4.63,
            "roe_4q": 16.91,
            "gross_profit": 880052,
            "gross_margin": 11.87,
            "gross_margin_4q_avg": 11.81,
            "net_income": 390823,
            "net_income_4q": null,
            "revenue": 7415022,
            "revenue_4q": null,
            "common_shares": 1816996,
            "book_valuer_per_share": 47.12,
            "book_valuer_per_share_4q_avg": 45.39,
            "equity": 8586568,
            "current_ratio": 147.87,
            "debt_ratio": 50.19,
            "inventory_turnover_ratio": 2.6,
            "account_receivable_turnover_ratio": 1.54,
            "reinvestment_rate": 32.14,
            "research_to_sale_ratio": 0.21,
            "price_fair": 204.64,
            "eps_avg_yearly": 6.73,
            "eps_latest_yearly": 8.72,
            "eps_growth_yearly": 20.41
        },
        "20191": {
            "year_quarter": 20191,
            "year": 2019,
            "quarter": 1,
            "eps": 2.13,
            "eps_growth_year": 45.89,
            "eps_4q": 8.4,
            "eps_4q_growth_year": 51.21,
            "roe": 4.35,
            "roe_4q": 17.96,
            "gross_profit": 879935,
            "gross_margin": 12.39,
            "gross_margin_4q_avg": 11.86,
            "net_income": 383590,
            "net_income_4q": null,
            "revenue": 7099586,
            "revenue_4q": null,
            "common_shares": 1816996,
            "book_valuer_per_share": 49.71,
            "book_valuer_per_share_4q_avg": 46.46,
            "equity": 9054561,
            "current_ratio": 152.33,
            "debt_ratio": 49.46,
            "inventory_turnover_ratio": 2.26,
            "account_receivable_turnover_ratio": 1.46,
            "reinvestment_rate": 32.88,
            "research_to_sale_ratio": 0.18,
            "price_fair": 206.38,
            "eps_avg_yearly": 6.92,
            "eps_latest_yearly": 8.52,
            "eps_growth_yearly": 19.83
        },
        "20192": {
            "year_quarter": 20192,
            "year": 2019,
            "quarter": 2,
            "eps": 2.51,
            "eps_growth_year": 37.91,
            "eps_4q": 9.08,
            "eps_4q_growth_year": 47.24,
            "roe": 5.18,
            "roe_4q": 19.14,
            "gross_profit": 1005856,
            "gross_margin": 13.19,
            "gross_margin_4q_avg": 12.52,
            "net_income": 454046,
            "net_income_4q": null,
            "revenue": 7627202,
            "revenue_4q": null,
            "common_shares": 1816996,
            "book_valuer_per_share": 46.61,
            "book_valuer_per_share_4q_avg": 47.23,
            "equity": 8488460,
            "current_ratio": 141.55,
            "debt_ratio": 52.63,
            "inventory_turnover_ratio": 2.29,
            "account_receivable_turnover_ratio": 1.55,
            "reinvestment_rate": 25.76,
            "research_to_sale_ratio": 0.19,
            "price_fair": 231.68,
            "eps_avg_yearly": 7.17,
            "eps_latest_yearly": 10.04,
            "eps_growth_yearly": 22.3
        },
        "20193": {
            "year_quarter": 20193,
            "year": 2019,
            "quarter": 3,
            "eps": 2.63,
            "eps_growth_year": 16.37,
            "eps_4q": 9.45,
            "eps_4q_growth_year": 41.83,
            "roe": 5.46,
            "roe_4q": 19.62,
            "gross_profit": 1063317,
            "gross_margin": 13.03,
            "gross_margin_4q_avg": 12.62,
            "net_income": 477360,
            "net_income_4q": null,
            "revenue": 8158564,
            "revenue_4q": null,
            "common_shares": 1816996,
            "book_valuer_per_share": 49.36,
            "book_valuer_per_share_4q_avg": 48.2,
            "equity": 8987424,
            "current_ratio": 140.61,
            "debt_ratio": 53,
            "inventory_turnover_ratio": 2.29,
            "account_receivable_turnover_ratio": 1.5,
            "reinvestment_rate": 24.1,
            "research_to_sale_ratio": 0.27,
            "price_fair": 233.84,
            "eps_avg_yearly": 7.43,
            "eps_latest_yearly": 10.52,
            "eps_growth_yearly": 21.48
        },
        "20194": {
            "year_quarter": 20194,
            "year": 2019,
            "quarter": 4,
            "eps": 2.21,
            "eps_growth_year": 1.44,
            "eps_4q": 9.48,
            "eps_4q_growth_year": 22.61,
            "roe": 4.34,
            "roe_4q": 19.33,
            "gross_profit": 969705,
            "gross_margin": 11,
            "gross_margin_4q_avg": 12.4,
            "net_income": 401957,
            "net_income_4q": null,
            "revenue": 8815164,
            "revenue_4q": null,
            "common_shares": 1816996,
            "book_valuer_per_share": 52.35,
            "book_valuer_per_share_4q_avg": 49.51,
            "equity": 9531114,
            "current_ratio": 148.02,
            "debt_ratio": 51.47,
            "inventory_turnover_ratio": 2.39,
            "account_receivable_turnover_ratio": 1.6,
            "reinvestment_rate": 22.49,
            "research_to_sale_ratio": 0.32,
            "price_fair": 223.31,
            "eps_avg_yearly": 7.61,
            "eps_latest_yearly": 8.84,
            "eps_growth_yearly": 19.35
        },
        "20201": {
            "year_quarter": 20201,
            "year": 2020,
            "quarter": 1,
            "eps": 2.51,
            "eps_growth_year": 17.84,
            "eps_4q": 9.86,
            "eps_4q_growth_year": 17.42,
            "roe": 5.03,
            "roe_4q": 20.01,
            "gross_profit": 1044396,
            "gross_margin": 11.88,
            "gross_margin_4q_avg": 12.28,
            "net_income": 454700,
            "net_income_4q": null,
            "revenue": 8789852,
            "revenue_4q": null,
            "common_shares": 1816996,
            "book_valuer_per_share": 47.03,
            "book_valuer_per_share_4q_avg": 48.84,
            "equity": 8563162,
            "current_ratio": 134.82,
            "debt_ratio": 56.17,
            "inventory_turnover_ratio": 2.51,
            "account_receivable_turnover_ratio": 1.62,
            "reinvestment_rate": 20.61,
            "research_to_sale_ratio": 0.21,
            "price_fair": 219.95,
            "eps_avg_yearly": 7.8,
            "eps_latest_yearly": 10.04,
            "eps_growth_yearly": 18.22
        },
        "20202": {
            "year_quarter": 20202,
            "year": 2020,
            "quarter": 2,
            "eps": 2.99,
            "eps_growth_year": 19.12,
            "eps_4q": 10.34,
            "eps_4q_growth_year": 13.91,
            "roe": 6.08,
            "roe_4q": 20.91,
            "gross_profit": 1137331,
            "gross_margin": 12.14,
            "gross_margin_4q_avg": 12.01,
            "net_income": 542054,
            "net_income_4q": null,
            "revenue": 9371825,
            "revenue_4q": null,
            "common_shares": 1816996,
            "book_valuer_per_share": 50.89,
            "book_valuer_per_share_4q_avg": 49.91,
            "equity": 9263103,
            "current_ratio": 140.12,
            "debt_ratio": 54.77,
            "inventory_turnover_ratio": 2.81,
            "account_receivable_turnover_ratio": 1.6,
            "reinvestment_rate": 16.74,
            "research_to_sale_ratio": 0.3,
            "price_fair": 257.52,
            "eps_avg_yearly": 8.08,
            "eps_latest_yearly": 11.96,
            "eps_growth_yearly": 21.86
        },
        "20203": {
            "year_quarter": 20203,
            "year": 2020,
            "quarter": 3,
            "eps": 2.87,
            "eps_growth_year": 9.13,
            "eps_4q": 10.58,
            "eps_4q_growth_year": 12,
            "roe": 5.44,
            "roe_4q": 20.89,
            "gross_profit": 1028467,
            "gross_margin": 11.34,
            "gross_margin_4q_avg": 11.59,
            "net_income": 520989,
            "net_income_4q": null,
            "revenue": 9067715,
            "revenue_4q": null,
            "common_shares": 1816996,
            "book_valuer_per_share": 54.45,
            "book_valuer_per_share_4q_avg": 51.18,
            "equity": 9908430,
            "current_ratio": 149.68,
            "debt_ratio": 51.13,
            "inventory_turnover_ratio": 2.77,
            "account_receivable_turnover_ratio": 1.53,
            "reinvestment_rate": 12.5,
            "research_to_sale_ratio": 0.2,
            "price_fair": 257.36,
            "eps_avg_yearly": 8.34,
            "eps_latest_yearly": 11.48,
            "eps_growth_yearly": 20.86
        },
        "20204": {
            "year_quarter": 20204,
            "year": 2020,
            "quarter": 4,
            "eps": 3.02,
            "eps_growth_year": 36.23,
            "eps_4q": 11.38,
            "eps_4q_growth_year": 20.09,
            "roe": 5.34,
            "roe_4q": 21.89,
            "gross_profit": 1094556,
            "gross_margin": 12.25,
            "gross_margin_4q_avg": 11.9,
            "net_income": 547582,
            "net_income_4q": null,
            "revenue": 8938602,
            "revenue_4q": null,
            "common_shares": 1816996,
            "book_valuer_per_share": 58.19,
            "book_valuer_per_share_4q_avg": 52.64,
            "equity": 10588314,
            "current_ratio": 152.87,
            "debt_ratio": 50.64,
            "inventory_turnover_ratio": 2.61,
            "account_receivable_turnover_ratio": 1.56,
            "reinvestment_rate": 10.89,
            "research_to_sale_ratio": 0.4,
            "price_fair": 272.74,
            "eps_avg_yearly": 8.63,
            "eps_latest_yearly": 12.08,
            "eps_growth_yearly": 21.62
        },
        "20211": {
            "year_quarter": 20211,
            "year": 2021,
            "quarter": 1,
            "eps": 2.5,
            "eps_growth_year": -0.4,
            "eps_4q": 11.38,
            "eps_4q_growth_year": 15.38,
            "roe": 4.5,
            "roe_4q": 21.36,
            "gross_profit": 1097678,
            "gross_margin": 11.51,
            "gross_margin_4q_avg": 11.81,
            "net_income": 454290,
            "net_income_4q": null,
            "revenue": 9532889,
            "revenue_4q": null,
            "common_shares": 1816996,
            "book_valuer_per_share": 52.67,
            "book_valuer_per_share_4q_avg": 54.05,
            "equity": 9610586,
            "current_ratio": 138.08,
            "debt_ratio": 55.12,
            "inventory_turnover_ratio": 2.68,
            "account_receivable_turnover_ratio": 1.65,
            "reinvestment_rate": 8.01,
            "research_to_sale_ratio": 0.24,
            "price_fair": 283.51,
            "eps_avg_yearly": 8.87,
            "eps_latest_yearly": 10,
            "eps_growth_yearly": 21.97
        },
        "20212": {
            "year_quarter": 20212,
            "year": 2021,
            "quarter": 2,
            "eps": 3.38,
            "eps_growth_year": 13.04,
            "eps_4q": 11.76,
            "eps_4q_growth_year": 13.76,
            "roe": 6.18,
            "roe_4q": 21.46,
            "gross_profit": 1276802,
            "gross_margin": 12.3,
            "gross_margin_4q_avg": 11.85,
            "net_income": 611422,
            "net_income_4q": null,
            "revenue": 10381154,
            "revenue_4q": null,
            "common_shares": 1816996,
            "book_valuer_per_share": 55.81,
            "book_valuer_per_share_4q_avg": 55.28,
            "equity": 10178609,
            "current_ratio": 141.74,
            "debt_ratio": 54.33,
            "inventory_turnover_ratio": 2.92,
            "account_receivable_turnover_ratio": 1.67,
            "reinvestment_rate": 8.32,
            "research_to_sale_ratio": 0.21,
            "price_fair": 328.3,
            "eps_avg_yearly": 9.38,
            "eps_latest_yearly": 13.52,
            "eps_growth_yearly": 34.04
        },
        "20213": {
            "year_quarter": 20213,
            "year": 2021,
            "quarter": 3,
            "eps": 3.26,
            "eps_growth_year": 13.59,
            "eps_4q": 12.16,
            "eps_4q_growth_year": 14.92,
            "roe": 5.7,
            "roe_4q": 21.72,
            "gross_profit": 1338868,
            "gross_margin": 12.18,
            "gross_margin_4q_avg": 12.06,
            "net_income": 602343,
            "net_income_4q": null,
            "revenue": 10988763,
            "revenue_4q": null,
            "common_shares": 1816996,
            "book_valuer_per_share": 58.9,
            "book_valuer_per_share_4q_avg": 56.39,
            "equity": 10951829,
            "current_ratio": 143.57,
            "debt_ratio": 54.4,
            "inventory_turnover_ratio": 3.16,
            "account_receivable_turnover_ratio": 1.62,
            "reinvestment_rate": 7.27,
            "research_to_sale_ratio": 0.25,
            "price_fair": 307.67,
            "eps_avg_yearly": 9.71,
            "eps_latest_yearly": 13.04,
            "eps_growth_yearly": 21.69
        },
        "20214": {
            "year_quarter": 20214,
            "year": 2021,
            "quarter": 4,
            "eps": 3.48,
            "eps_growth_year": 15.51,
            "eps_4q": 12.63,
            "eps_4q_growth_year": 10.93,
            "roe": 5.54,
            "roe_4q": 21.92,
            "gross_profit": 1498856,
            "gross_margin": 12.74,
            "gross_margin_4q_avg": 12.18,
            "net_income": 632905,
            "net_income_4q": null,
            "revenue": 11766160,
            "revenue_4q": null,
            "common_shares": 1816996,
            "book_valuer_per_share": 63.82,
            "book_valuer_per_share_4q_avg": 57.8,
            "equity": 11878648,
            "current_ratio": 146.8,
            "debt_ratio": 52.81,
            "inventory_turnover_ratio": 3.26,
            "account_receivable_turnover_ratio": 1.68,
            "reinvestment_rate": 10.69,
            "research_to_sale_ratio": 0.25,
            "price_fair": 360.59,
            "eps_avg_yearly": 10.3,
            "eps_latest_yearly": 13.92,
            "eps_growth_yearly": 34.07
        },
        "20221": {
            "year_quarter": 20221,
            "year": 2022,
            "quarter": 1,
            "eps": 3.63,
            "eps_growth_year": 45.2,
            "eps_4q": 13.76,
            "eps_4q_growth_year": 20.95,
            "roe": 5.93,
            "roe_4q": 23.349999999999998,
            "gross_profit": 1461477,
            "gross_margin": 11.62,
            "gross_margin_4q_avg": 12.21,
            "net_income": 678254,
            "net_income_4q": null,
            "revenue": 12582577,
            "revenue_4q": null,
            "common_shares": 1816996,
            "book_valuer_per_share": 58.93,
            "book_valuer_per_share_4q_avg": 59.37,
            "equity": 11008323,
            "current_ratio": 130.47,
            "debt_ratio": 59.12,
            "inventory_turnover_ratio": 3.15,
            "account_receivable_turnover_ratio": 1.75,
            "reinvestment_rate": 13.16,
            "research_to_sale_ratio": 0.19,
            "price_fair": 379.58,
            "eps_avg_yearly": 10.85,
            "eps_latest_yearly": 14.52,
            "eps_growth_yearly": 27.26
        },
        "20222": {
            "year_quarter": 20222,
            "year": 2022,
            "quarter": 2,
            "eps": 4.96,
            "eps_growth_year": 46.75,
            "eps_4q": 15.34,
            "eps_4q_growth_year": 30.38,
            "roe": 8.13,
            "roe_4q": 25.3,
            "gross_profit": 1622386,
            "gross_margin": 12.27,
            "gross_margin_4q_avg": 12.2,
            "net_income": 914533,
            "net_income_4q": null,
            "revenue": 13225334,
            "revenue_4q": null,
            "common_shares": 1816996,
            "book_valuer_per_share": 61.65,
            "book_valuer_per_share_4q_avg": 60.83,
            "equity": 11484869,
            "current_ratio": 130.17,
            "debt_ratio": 59.85,
            "inventory_turnover_ratio": 3.08,
            "account_receivable_turnover_ratio": 1.66,
            "reinvestment_rate": 14.7,
            "research_to_sale_ratio": 0.22,
            "price_fair": 407.05,
            "eps_avg_yearly": 11.63,
            "eps_latest_yearly": 19.84,
            "eps_growth_yearly": 30.26
        },
        "20223": {
            "year_quarter": 20223,
            "year": 2022,
            "quarter": 3,
            "eps": 4.92,
            "eps_growth_year": 50.92,
            "eps_4q": 16.99,
            "eps_4q_growth_year": 39.7,
            "roe": 7.58,
            "roe_4q": 27.18,
            "gross_profit": 1840106,
            "gross_margin": 13.34,
            "gross_margin_4q_avg": 12.49,
            "net_income": 907035,
            "net_income_4q": null,
            "revenue": 13792845,
            "revenue_4q": null,
            "common_shares": 1816996,
            "book_valuer_per_share": 66.94,
            "book_valuer_per_share_4q_avg": 62.84,
            "equity": 12463068,
            "current_ratio": 135.69,
            "debt_ratio": 57.66,
            "inventory_turnover_ratio": 3.01,
            "account_receivable_turnover_ratio": 1.68,
            "reinvestment_rate": 15.58,
            "research_to_sale_ratio": 0.27,
            "price_fair": 418.19,
            "eps_avg_yearly": 12.3,
            "eps_latest_yearly": 19.68,
            "eps_growth_yearly": 24.01
        },
        "20224": {
            "year_quarter": 20224,
            "year": 2022,
            "quarter": 4,
            "eps": 3.11,
            "eps_growth_year": -10.76,
            "eps_4q": 16.61,
            "eps_4q_growth_year": 31.56,
            "roe": 4.47,
            "roe_4q": 26.11,
            "gross_profit": 1601395,
            "gross_margin": 11.97,
            "gross_margin_4q_avg": 12.3,
            "net_income": 575353,
            "net_income_4q": null,
            "revenue": 13377459,
            "revenue_4q": null,
            "common_shares": 1816996,
            "book_valuer_per_share": 71.32,
            "book_valuer_per_share_4q_avg": 64.71,
            "equity": 13270999,
            "current_ratio": 145.54,
            "debt_ratio": 55.59,
            "inventory_turnover_ratio": 2.5,
            "account_receivable_turnover_ratio": 1.78,
            "reinvestment_rate": 16.22,
            "research_to_sale_ratio": 0.5,
            "price_fair": 321.97,
            "eps_avg_yearly": 12.53,
            "eps_latest_yearly": 12.44,
            "eps_growth_yearly": 15.7
        },
        "20231": {
            "year_quarter": 20231,
            "year": 2023,
            "quarter": 1,
            "eps": 4.07,
            "eps_growth_year": 12.12,
            "eps_4q": 17.05,
            "eps_4q_growth_year": 23.94,
            "roe": 5.85,
            "roe_4q": 26.03,
            "gross_profit": 1500744,
            "gross_margin": 12.01,
            "gross_margin_4q_avg": 12.4,
            "net_income": 743744,
            "net_income_4q": null,
            "revenue": 12492345,
            "revenue_4q": null,
            "common_shares": 1816996,
            "book_valuer_per_share": 65.11,
            "book_valuer_per_share_4q_avg": 66.26,
            "equity": 12146635,
            "current_ratio": 131.06,
            "debt_ratio": 58.65,
            "inventory_turnover_ratio": 2.16,
            "account_receivable_turnover_ratio": 1.74,
            "reinvestment_rate": 14.38,
            "research_to_sale_ratio": 0.37,
            "price_fair": 442.31,
            "eps_avg_yearly": 13.01,
            "eps_latest_yearly": 16.28,
            "eps_growth_yearly": 23.99
        },
        "20232": {
            "year_quarter": 20232,
            "year": 2023,
            "quarter": 2,
            "eps": 3.69,
            "eps_growth_year": -25.6,
            "eps_4q": 15.03,
            "eps_4q_growth_year": -2,
            "roe": 5.35,
            "roe_4q": 23.25,
            "gross_profit": 1581488,
            "gross_margin": 13.12,
            "gross_margin_4q_avg": 12.61,
            "net_income": 667874,
            "net_income_4q": null,
            "revenue": 12055351,
            "revenue_4q": null,
            "common_shares": 1816996,
            "book_valuer_per_share": 68.92,
            "book_valuer_per_share_4q_avg": 68.07,
            "equity": 12840994,
            "current_ratio": 139.56,
            "debt_ratio": 59.7,
            "inventory_turnover_ratio": 2.03,
            "account_receivable_turnover_ratio": 1.68,
            "reinvestment_rate": 15.31,
            "research_to_sale_ratio": 0.21,
            "price_fair": 361.92,
            "eps_avg_yearly": 13.31,
            "eps_latest_yearly": 14.76,
            "eps_growth_yearly": 17.2
        },
        "20233": {
            "year_quarter": 20233,
            "year": 2023,
            "quarter": 3,
            "eps": 4.25,
            "eps_growth_year": -13.62,
            "eps_4q": 14.66,
            "eps_4q_growth_year": -13.69,
            "roe": 5.86,
            "roe_4q": 21.53,
            "gross_profit": 1743119,
            "gross_margin": 13.95,
            "gross_margin_4q_avg": 12.76,
            "net_income": 805022,
            "net_income_4q": null,
            "revenue": 12492338,
            "revenue_4q": null,
            "common_shares": 1886996,
            "book_valuer_per_share": 76.38,
            "book_valuer_per_share_4q_avg": 70.43,
            "equity": 14645298,
            "current_ratio": 153.58,
            "debt_ratio": 54.05,
            "inventory_turnover_ratio": 2.21,
            "account_receivable_turnover_ratio": 1.71,
            "reinvestment_rate": 15.1,
            "research_to_sale_ratio": 0.16,
            "price_fair": 408.58,
            "eps_avg_yearly": 13.71,
            "eps_latest_yearly": 17,
            "eps_growth_yearly": 19.8
        },
        "20234": {
            "year_quarter": 20234,
            "year": 2023,
            "quarter": 4,
            "eps": 3.36,
            "eps_growth_year": 7.96,
            "eps_4q": 15.02,
            "eps_4q_growth_year": -9.56,
            "roe": 4.24,
            "roe_4q": 21.3,
            "gross_profit": 1593449,
            "gross_margin": 13.03,
            "gross_margin_4q_avg": 13.03,
            "net_income": 636274,
            "net_income_4q": null,
            "revenue": 12233421,
            "revenue_4q": null,
            "common_shares": 1886996,
            "book_valuer_per_share": 80.07,
            "book_valuer_per_share_4q_avg": 72.62,
            "equity": 15344311,
            "current_ratio": 161.16,
            "debt_ratio": 51.5,
            "inventory_turnover_ratio": 2.52,
            "account_receivable_turnover_ratio": 1.73,
            "reinvestment_rate": 16.58,
            "research_to_sale_ratio": 0.21,
            "price_fair": 399.74,
            "eps_avg_yearly": 14,
            "eps_latest_yearly": 13.44,
            "eps_growth_yearly": 18.55
        }
    },
    "months": {
        "2001-06": {
            "month": "2001-06",
            "price": "161.30",
            "revenue": 302299
        },
        "2001-07": {
            "month": "2001-07",
            "price": "139.02",
            "revenue": 243963
        },
        "2001-08": {
            "month": "2001-08",
            "price": "123.24",
            "revenue": 245708
        },
        "2001-09": {
            "month": "2001-09",
            "price": "100.85",
            "revenue": 200863
        },
        "2001-10": {
            "month": "2001-10",
            "price": "99.12",
            "revenue": 220079
        },
        "2001-11": {
            "month": "2001-11",
            "price": "116.93",
            "revenue": 286704
        },
        "2001-12": {
            "month": "2001-12",
            "price": "148.64",
            "revenue": 339837
        },
        "2002-01": {
            "month": "2002-01",
            "price": "176.68",
            "revenue": 253158
        },
        "2002-02": {
            "month": "2002-02",
            "price": "175.67",
            "revenue": 222283
        },
        "2002-03": {
            "month": "2002-03",
            "price": "181.48",
            "revenue": 303986
        },
        "2002-04": {
            "month": "2002-04",
            "price": "175.38",
            "revenue": 403496
        },
        "2002-05": {
            "month": "2002-05",
            "price": "164.57",
            "revenue": 402308
        },
        "2002-06": {
            "month": "2002-06",
            "price": "139.42",
            "revenue": 391757
        },
        "2002-07": {
            "month": "2002-07",
            "price": "99.43",
            "revenue": 429293
        },
        "2002-08": {
            "month": "2002-08",
            "price": "94.61",
            "revenue": 391431
        },
        "2002-09": {
            "month": "2002-09",
            "price": "94.25",
            "revenue": 373263
        },
        "2002-10": {
            "month": "2002-10",
            "price": "94.77",
            "revenue": 378494
        },
        "2002-11": {
            "month": "2002-11",
            "price": "97.83",
            "revenue": 397195
        },
        "2002-12": {
            "month": "2002-12",
            "price": "88.73",
            "revenue": 390400
        },
        "2003-01": {
            "month": "2003-01",
            "price": "82.71",
            "revenue": 262359
        },
        "2003-02": {
            "month": "2003-02",
            "price": "76.25",
            "revenue": 253397
        },
        "2003-03": {
            "month": "2003-03",
            "price": "74.48",
            "revenue": 410752
        },
        "2003-04": {
            "month": "2003-04",
            "price": "77.86",
            "revenue": 409648
        },
        "2003-05": {
            "month": "2003-05",
            "price": "77.48",
            "revenue": 425333
        },
        "2003-06": {
            "month": "2003-06",
            "price": "86.25",
            "revenue": 447300
        },
        "2003-07": {
            "month": "2003-07",
            "price": "89.26",
            "revenue": 441834
        },
        "2003-08": {
            "month": "2003-08",
            "price": "75.20",
            "revenue": 522905
        },
        "2003-09": {
            "month": "2003-09",
            "price": "78.88",
            "revenue": 528543
        },
        "2003-10": {
            "month": "2003-10",
            "price": "77.70",
            "revenue": 527034
        },
        "2003-11": {
            "month": "2003-11",
            "price": "82.18",
            "revenue": 536747
        },
        "2003-12": {
            "month": "2003-12",
            "price": "89.57",
            "revenue": 546871
        },
        "2004-01": {
            "month": "2004-01",
            "price": "89.23",
            "revenue": 418126
        },
        "2004-02": {
            "month": "2004-02",
            "price": "88.20",
            "revenue": 561902
        },
        "2004-03": {
            "month": "2004-03",
            "price": "87.33",
            "revenue": 604781
        },
        "2004-04": {
            "month": "2004-04",
            "price": "88.14",
            "revenue": 605702
        },
        "2004-05": {
            "month": "2004-05",
            "price": "78.60",
            "revenue": 587366
        },
        "2004-06": {
            "month": "2004-06",
            "price": "69.02",
            "revenue": 607215
        },
        "2004-07": {
            "month": "2004-07",
            "price": "62.09",
            "revenue": 555168
        },
        "2004-08": {
            "month": "2004-08",
            "price": "56.00",
            "revenue": 605542
        },
        "2004-09": {
            "month": "2004-09",
            "price": "56.64",
            "revenue": 647697
        },
        "2004-10": {
            "month": "2004-10",
            "price": "51.66",
            "revenue": 564262
        },
        "2004-11": {
            "month": "2004-11",
            "price": "51.68",
            "revenue": 517176
        },
        "2004-12": {
            "month": "2004-12",
            "price": "53.80",
            "revenue": 520584
        },
        "2005-01": {
            "month": "2005-01",
            "price": "53.33",
            "revenue": 533567
        },
        "2005-02": {
            "month": "2005-02",
            "price": "56.54",
            "revenue": 432605
        },
        "2005-03": {
            "month": "2005-03",
            "price": "57.03",
            "revenue": 605603
        },
        "2005-04": {
            "month": "2005-04",
            "price": "53.14",
            "revenue": 629852
        },
        "2005-05": {
            "month": "2005-05",
            "price": "52.11",
            "revenue": 668001
        },
        "2005-06": {
            "month": "2005-06",
            "price": "55.85",
            "revenue": 653759
        },
        "2005-07": {
            "month": "2005-07",
            "price": "75.64",
            "revenue": 600086
        },
        "2005-08": {
            "month": "2005-08",
            "price": "114.62",
            "revenue": 603272
        },
        "2005-09": {
            "month": "2005-09",
            "price": "114.14",
            "revenue": 605408
        },
        "2005-10": {
            "month": "2005-10",
            "price": "99.54",
            "revenue": 606262
        },
        "2005-11": {
            "month": "2005-11",
            "price": "91.02",
            "revenue": 660504
        },
        "2005-12": {
            "month": "2005-12",
            "price": "102.13",
            "revenue": 628485
        },
        "2006-01": {
            "month": "2006-01",
            "price": "98.04",
            "revenue": 621787
        },
        "2006-02": {
            "month": "2006-02",
            "price": "87.95",
            "revenue": 598380
        },
        "2006-03": {
            "month": "2006-03",
            "price": "89.55",
            "revenue": 625383
        },
        "2006-04": {
            "month": "2006-04",
            "price": "101.68",
            "revenue": 720107
        },
        "2006-05": {
            "month": "2006-05",
            "price": "89.10",
            "revenue": 712313
        },
        "2006-06": {
            "month": "2006-06",
            "price": "72.92",
            "revenue": 715380
        },
        "2006-07": {
            "month": "2006-07",
            "price": "77.01",
            "revenue": 702677
        },
        "2006-08": {
            "month": "2006-08",
            "price": "80.30",
            "revenue": 700807
        },
        "2006-09": {
            "month": "2006-09",
            "price": "74.74",
            "revenue": 703803
        },
        "2006-10": {
            "month": "2006-10",
            "price": "73.33",
            "revenue": 706551
        },
        "2006-11": {
            "month": "2006-11",
            "price": "71.81",
            "revenue": 723460
        },
        "2006-12": {
            "month": "2006-12",
            "price": "71.00",
            "revenue": 732262
        },
        "2007-01": {
            "month": "2007-01",
            "price": "74.23",
            "revenue": 854270
        },
        "2007-02": {
            "month": "2007-02",
            "price": "78.75",
            "revenue": 874642
        },
        "2007-03": {
            "month": "2007-03",
            "price": "84.08",
            "revenue": 895081
        },
        "2007-04": {
            "month": "2007-04",
            "price": "79.03",
            "revenue": 1045323
        },
        "2007-05": {
            "month": "2007-05",
            "price": "75.55",
            "revenue": 1005526
        },
        "2007-06": {
            "month": "2007-06",
            "price": "79.02",
            "revenue": 1099407
        },
        "2007-07": {
            "month": "2007-07",
            "price": "92.02",
            "revenue": 1236882
        },
        "2007-08": {
            "month": "2007-08",
            "price": "77.80",
            "revenue": 1237013
        },
        "2007-09": {
            "month": "2007-09",
            "price": "74.34",
            "revenue": 1285687
        },
        "2007-10": {
            "month": "2007-10",
            "price": "76.13",
            "revenue": 1285920
        },
        "2007-11": {
            "month": "2007-11",
            "price": "66.27",
            "revenue": 1289406
        },
        "2007-12": {
            "month": "2007-12",
            "price": "61.75",
            "revenue": 1244470
        },
        "2008-01": {
            "month": "2008-01",
            "price": "53.56",
            "revenue": 1201158
        },
        "2008-02": {
            "month": "2008-02",
            "price": "47.92",
            "revenue": 1137367
        },
        "2008-03": {
            "month": "2008-03",
            "price": "50.12",
            "revenue": 1413584
        },
        "2008-04": {
            "month": "2008-04",
            "price": "52.03",
            "revenue": 1218980
        },
        "2008-05": {
            "month": "2008-05",
            "price": "51.76",
            "revenue": 1148227
        },
        "2008-06": {
            "month": "2008-06",
            "price": "46.58",
            "revenue": 1593092
        },
        "2008-07": {
            "month": "2008-07",
            "price": "43.07",
            "revenue": 1088352
        },
        "2008-08": {
            "month": "2008-08",
            "price": "42.41",
            "revenue": 1030899
        },
        "2008-09": {
            "month": "2008-09",
            "price": "34.40",
            "revenue": 994073
        },
        "2008-10": {
            "month": "2008-10",
            "price": "26.06",
            "revenue": 944404
        },
        "2008-11": {
            "month": "2008-11",
            "price": "22.18",
            "revenue": 722116
        },
        "2008-12": {
            "month": "2008-12",
            "price": "21.30",
            "revenue": 507560
        },
        "2009-01": {
            "month": "2009-01",
            "price": "21.28",
            "revenue": 432893
        },
        "2009-02": {
            "month": "2009-02",
            "price": "21.19",
            "revenue": 450093
        },
        "2009-03": {
            "month": "2009-03",
            "price": "24.20",
            "revenue": 602053
        },
        "2009-04": {
            "month": "2009-04",
            "price": "26.64",
            "revenue": 795184
        },
        "2009-05": {
            "month": "2009-05",
            "price": "26.79",
            "revenue": 786236
        },
        "2009-06": {
            "month": "2009-06",
            "price": "27.85",
            "revenue": 764067
        },
        "2009-07": {
            "month": "2009-07",
            "price": "30.30",
            "revenue": 718308
        },
        "2009-08": {
            "month": "2009-08",
            "price": "29.86",
            "revenue": 761161
        },
        "2009-09": {
            "month": "2009-09",
            "price": "31.00",
            "revenue": 790172
        },
        "2009-10": {
            "month": "2009-10",
            "price": "33.22",
            "revenue": 729848
        },
        "2009-11": {
            "month": "2009-11",
            "price": "33.49",
            "revenue": 761076
        },
        "2009-12": {
            "month": "2009-12",
            "price": "41.75",
            "revenue": 928177
        },
        "2010-01": {
            "month": "2010-01",
            "price": "43.20",
            "revenue": 802985
        },
        "2010-02": {
            "month": "2010-02",
            "price": "39.52",
            "revenue": 831134
        },
        "2010-03": {
            "month": "2010-03",
            "price": "41.75",
            "revenue": 871627
        },
        "2010-04": {
            "month": "2010-04",
            "price": "42.68",
            "revenue": 946334
        },
        "2010-05": {
            "month": "2010-05",
            "price": "38.20",
            "revenue": 913479
        },
        "2010-06": {
            "month": "2010-06",
            "price": "36.37",
            "revenue": 1039779
        },
        "2010-07": {
            "month": "2010-07",
            "price": "38.47",
            "revenue": 1054888
        },
        "2010-08": {
            "month": "2010-08",
            "price": "39.48",
            "revenue": 1059444
        },
        "2010-09": {
            "month": "2010-09",
            "price": "39.63",
            "revenue": 1043396
        },
        "2010-10": {
            "month": "2010-10",
            "price": "39.08",
            "revenue": 999768
        },
        "2010-11": {
            "month": "2010-11",
            "price": "39.04",
            "revenue": 1056879
        },
        "2010-12": {
            "month": "2010-12",
            "price": "40.18",
            "revenue": 1112916
        },
        "2011-01": {
            "month": "2011-01",
            "price": "41.92",
            "revenue": 1168589
        },
        "2011-02": {
            "month": "2011-02",
            "price": "45.33",
            "revenue": 1115464
        },
        "2011-03": {
            "month": "2011-03",
            "price": "41.64",
            "revenue": 1248283
        },
        "2011-04": {
            "month": "2011-04",
            "price": "41.75",
            "revenue": 1319190
        },
        "2011-05": {
            "month": "2011-05",
            "price": "47.16",
            "revenue": 1113217
        },
        "2011-06": {
            "month": "2011-06",
            "price": "47.34",
            "revenue": 1147790
        },
        "2011-07": {
            "month": "2011-07",
            "price": "46.81",
            "revenue": 1018415
        },
        "2011-08": {
            "month": "2011-08",
            "price": "41.25",
            "revenue": 1104174
        },
        "2011-09": {
            "month": "2011-09",
            "price": "40.85",
            "revenue": 1056743
        },
        "2011-10": {
            "month": "2011-10",
            "price": "40.44",
            "revenue": 992811
        },
        "2011-11": {
            "month": "2011-11",
            "price": "42.66",
            "revenue": 1098334
        },
        "2011-12": {
            "month": "2011-12",
            "price": "41.57",
            "revenue": 1019889
        },
        "2012-01": {
            "month": "2012-01",
            "price": "43.31",
            "revenue": 1117103
        },
        "2012-02": {
            "month": "2012-02",
            "price": "51.69",
            "revenue": 1197125
        },
        "2012-03": {
            "month": "2012-03",
            "price": "54.78",
            "revenue": 1313782
        },
        "2012-04": {
            "month": "2012-04",
            "price": "52.18",
            "revenue": 1441482
        },
        "2012-05": {
            "month": "2012-05",
            "price": "51.58",
            "revenue": 1481552
        },
        "2012-06": {
            "month": "2012-06",
            "price": "49.80",
            "revenue": 1491040
        },
        "2012-07": {
            "month": "2012-07",
            "price": "50.32",
            "revenue": 1433089
        },
        "2012-08": {
            "month": "2012-08",
            "price": "48.72",
            "revenue": 1455842
        },
        "2012-09": {
            "month": "2012-09",
            "price": "48.25",
            "revenue": 1407981
        },
        "2012-10": {
            "month": "2012-10",
            "price": "45.26",
            "revenue": 1262542
        },
        "2012-11": {
            "month": "2012-11",
            "price": "44.12",
            "revenue": 1380505
        },
        "2012-12": {
            "month": "2012-12",
            "price": "46.93",
            "revenue": 1270353
        },
        "2013-01": {
            "month": "2013-01",
            "price": "48.42",
            "revenue": 1343184
        },
        "2013-02": {
            "month": "2013-02",
            "price": "51.28",
            "revenue": 1219311
        },
        "2013-03": {
            "month": "2013-03",
            "price": "54.30",
            "revenue": 1396667
        },
        "2013-04": {
            "month": "2013-04",
            "price": "54.68",
            "revenue": 1250491
        },
        "2013-05": {
            "month": "2013-05",
            "price": "54.94",
            "revenue": 1387794
        },
        "2013-06": {
            "month": "2013-06",
            "price": "53.18",
            "revenue": 1369521
        },
        "2013-07": {
            "month": "2013-07",
            "price": "53.21",
            "revenue": 1369469
        },
        "2013-08": {
            "month": "2013-08",
            "price": "48.98",
            "revenue": 1289536
        },
        "2013-09": {
            "month": "2013-09",
            "price": "49.95",
            "revenue": 1236172
        },
        "2013-10": {
            "month": "2013-10",
            "price": "50.60",
            "revenue": 1228340
        },
        "2013-11": {
            "month": "2013-11",
            "price": "51.00",
            "revenue": 1137665
        },
        "2013-12": {
            "month": "2013-12",
            "price": "54.58",
            "revenue": 1285590
        },
        "2014-01": {
            "month": "2014-01",
            "price": "58.99",
            "revenue": 1392443
        },
        "2014-02": {
            "month": "2014-02",
            "price": "57.56",
            "revenue": 1220988
        },
        "2014-03": {
            "month": "2014-03",
            "price": "60.47",
            "revenue": 1379568
        },
        "2014-04": {
            "month": "2014-04",
            "price": "58.63",
            "revenue": 1581871
        },
        "2014-05": {
            "month": "2014-05",
            "price": "57.80",
            "revenue": 1571145
        },
        "2014-06": {
            "month": "2014-06",
            "price": "59.74",
            "revenue": 1574754
        },
        "2014-07": {
            "month": "2014-07",
            "price": "61.24",
            "revenue": 1658510
        },
        "2014-08": {
            "month": "2014-08",
            "price": "60.64",
            "revenue": 1540241
        },
        "2014-09": {
            "month": "2014-09",
            "price": "57.45",
            "revenue": 1580235
        },
        "2014-10": {
            "month": "2014-10",
            "price": "54.90",
            "revenue": 1555624
        },
        "2014-11": {
            "month": "2014-11",
            "price": "54.97",
            "revenue": 1343473
        },
        "2014-12": {
            "month": "2014-12",
            "price": "55.44",
            "revenue": 1693527
        },
        "2015-01": {
            "month": "2015-01",
            "price": "56.56",
            "revenue": 1730521
        },
        "2015-02": {
            "month": "2015-02",
            "price": "59.48",
            "revenue": 1509119
        },
        "2015-03": {
            "month": "2015-03",
            "price": "61.91",
            "revenue": 1687241
        },
        "2015-04": {
            "month": "2015-04",
            "price": "62.33",
            "revenue": 1587811
        },
        "2015-05": {
            "month": "2015-05",
            "price": "61.00",
            "revenue": 1424279
        },
        "2015-06": {
            "month": "2015-06",
            "price": "58.23",
            "revenue": 1515408
        },
        "2015-07": {
            "month": "2015-07",
            "price": "56.06",
            "revenue": 1504906
        },
        "2015-08": {
            "month": "2015-08",
            "price": "49.91",
            "revenue": 1537913
        },
        "2015-09": {
            "month": "2015-09",
            "price": "47.80",
            "revenue": 1651337
        },
        "2015-10": {
            "month": "2015-10",
            "price": "50.30",
            "revenue": 1600897
        },
        "2015-11": {
            "month": "2015-11",
            "price": "52.71",
            "revenue": 1597998
        },
        "2015-12": {
            "month": "2015-12",
            "price": "54.13",
            "revenue": 1724545
        },
        "2016-01": {
            "month": "2016-01",
            "price": "52.42",
            "revenue": 2048914
        },
        "2016-02": {
            "month": "2016-02",
            "price": "56.76",
            "revenue": 1643250
        },
        "2016-03": {
            "month": "2016-03",
            "price": "59.90",
            "revenue": 1812180
        },
        "2016-04": {
            "month": "2016-04",
            "price": "58.82",
            "revenue": 2216599
        },
        "2016-05": {
            "month": "2016-05",
            "price": "60.94",
            "revenue": 2013563
        },
        "2016-06": {
            "month": "2016-06",
            "price": "67.08",
            "revenue": 1909371
        },
        "2016-07": {
            "month": "2016-07",
            "price": "71.47",
            "revenue": 1753698
        },
        "2016-08": {
            "month": "2016-08",
            "price": "78.94",
            "revenue": 1845579
        },
        "2016-09": {
            "month": "2016-09",
            "price": "86.02",
            "revenue": 1916547
        },
        "2016-10": {
            "month": "2016-10",
            "price": "83.72",
            "revenue": 1763824
        },
        "2016-11": {
            "month": "2016-11",
            "price": "79.85",
            "revenue": 1976719
        },
        "2016-12": {
            "month": "2016-12",
            "price": "80.06",
            "revenue": 1726665
        },
        "2017-01": {
            "month": "2017-01",
            "price": "87.69",
            "revenue": 1897111
        },
        "2017-02": {
            "month": "2017-02",
            "price": "95.79",
            "revenue": 1816920
        },
        "2017-03": {
            "month": "2017-03",
            "price": "96.11",
            "revenue": 1857463
        },
        "2017-04": {
            "month": "2017-04",
            "price": "97.44",
            "revenue": 1876602
        },
        "2017-05": {
            "month": "2017-05",
            "price": "95.83",
            "revenue": 1932756
        },
        "2017-06": {
            "month": "2017-06",
            "price": "93.32",
            "revenue": 2018276
        },
        "2017-07": {
            "month": "2017-07",
            "price": "92.32",
            "revenue": 1892687
        },
        "2017-08": {
            "month": "2017-08",
            "price": "84.70",
            "revenue": 2043585
        },
        "2017-09": {
            "month": "2017-09",
            "price": "77.90",
            "revenue": 2106302
        },
        "2017-10": {
            "month": "2017-10",
            "price": "75.99",
            "revenue": 2061320
        },
        "2017-11": {
            "month": "2017-11",
            "price": "77.84",
            "revenue": 2002195
        },
        "2017-12": {
            "month": "2017-12",
            "price": "77.91",
            "revenue": 2276262
        },
        "2018-01": {
            "month": "2018-01",
            "price": "86.00",
            "revenue": 2059857
        },
        "2018-02": {
            "month": "2018-02",
            "price": "84.21",
            "revenue": 2182746
        },
        "2018-03": {
            "month": "2018-03",
            "price": "83.63",
            "revenue": 2203262
        },
        "2018-04": {
            "month": "2018-04",
            "price": "83.22",
            "revenue": 2317849
        },
        "2018-05": {
            "month": "2018-05",
            "price": "80.94",
            "revenue": 2709682
        },
        "2018-06": {
            "month": "2018-06",
            "price": "81.18",
            "revenue": 2559918
        },
        "2018-07": {
            "month": "2018-07",
            "price": "81.13",
            "revenue": 2331455
        },
        "2018-08": {
            "month": "2018-08",
            "price": "79.98",
            "revenue": 2384573
        },
        "2018-09": {
            "month": "2018-09",
            "price": "72.98",
            "revenue": 2696835
        },
        "2018-10": {
            "month": "2018-10",
            "price": "66.58",
            "revenue": 2555815
        },
        "2018-11": {
            "month": "2018-11",
            "price": "67.48",
            "revenue": 2338251
        },
        "2018-12": {
            "month": "2018-12",
            "price": "70.44",
            "revenue": 2522738
        },
        "2019-01": {
            "month": "2019-01",
            "price": "69.90",
            "revenue": 2591957
        },
        "2019-02": {
            "month": "2019-02",
            "price": "74.59",
            "revenue": 1903165
        },
        "2019-03": {
            "month": "2019-03",
            "price": "77.34",
            "revenue": 2604464
        },
        "2019-04": {
            "month": "2019-04",
            "price": "83.86",
            "revenue": 2386422
        },
        "2019-05": {
            "month": "2019-05",
            "price": "84.23",
            "revenue": 2697189
        },
        "2019-06": {
            "month": "2019-06",
            "price": "82.24",
            "revenue": 2543593
        },
        "2019-07": {
            "month": "2019-07",
            "price": "85.14",
            "revenue": 2658967
        },
        "2019-08": {
            "month": "2019-08",
            "price": "90.37",
            "revenue": 2722992
        },
        "2019-09": {
            "month": "2019-09",
            "price": "94.18",
            "revenue": 2776603
        },
        "2019-10": {
            "month": "2019-10",
            "price": "97.35",
            "revenue": 2668446
        },
        "2019-11": {
            "month": "2019-11",
            "price": "98.46",
            "revenue": 2855242
        },
        "2019-12": {
            "month": "2019-12",
            "price": "106.58",
            "revenue": 3292391
        },
        "2020-01": {
            "month": "2020-01",
            "price": "107.90",
            "revenue": 2795200
        },
        "2020-02": {
            "month": "2020-02",
            "price": "107.37",
            "revenue": 2815017
        },
        "2020-03": {
            "month": "2020-03",
            "price": "92.24",
            "revenue": 3179635
        },
        "2020-04": {
            "month": "2020-04",
            "price": "95.77",
            "revenue": 3410752
        },
        "2020-05": {
            "month": "2020-05",
            "price": "102.90",
            "revenue": 2861080
        },
        "2020-06": {
            "month": "2020-06",
            "price": "107.88",
            "revenue": 3099994
        },
        "2020-07": {
            "month": "2020-07",
            "price": "115.02",
            "revenue": 2957667
        },
        "2020-08": {
            "month": "2020-08",
            "price": "122.05",
            "revenue": 2944010
        },
        "2020-09": {
            "month": "2020-09",
            "price": "115.64",
            "revenue": 3166037
        },
        "2020-10": {
            "month": "2020-10",
            "price": "115.34",
            "revenue": 2844355
        },
        "2020-11": {
            "month": "2020-11",
            "price": "120.90",
            "revenue": 2892357
        },
        "2020-12": {
            "month": "2020-12",
            "price": "120.37",
            "revenue": 3203773
        },
        "2021-01": {
            "month": "2021-01",
            "price": "121.18",
            "revenue": 3148636
        },
        "2021-02": {
            "month": "2021-02",
            "price": "121.08",
            "revenue": 2960295
        },
        "2021-03": {
            "month": "2021-03",
            "price": "126.77",
            "revenue": 3423958
        },
        "2021-04": {
            "month": "2021-04",
            "price": "137.08",
            "revenue": 3755934
        },
        "2021-05": {
            "month": "2021-05",
            "price": "129.74",
            "revenue": 3137696
        },
        "2021-06": {
            "month": "2021-06",
            "price": "124.00",
            "revenue": 3487524
        },
        "2021-07": {
            "month": "2021-07",
            "price": "129.27",
            "revenue": 3614942
        },
        "2021-08": {
            "month": "2021-08",
            "price": "131.41",
            "revenue": 3651032
        },
        "2021-09": {
            "month": "2021-09",
            "price": "141.20",
            "revenue": 3722789
        },
        "2021-10": {
            "month": "2021-10",
            "price": "137.35",
            "revenue": 3728095
        },
        "2021-11": {
            "month": "2021-11",
            "price": "145.02",
            "revenue": 3764376
        },
        "2021-12": {
            "month": "2021-12",
            "price": "150.11",
            "revenue": 4273728
        },
        "2022-01": {
            "month": "2022-01",
            "price": "166.81",
            "revenue": 4437861
        },
        "2022-02": {
            "month": "2022-02",
            "price": "172.43",
            "revenue": 3589783
        },
        "2022-03": {
            "month": "2022-03",
            "price": "170.87",
            "revenue": 4551499
        },
        "2022-04": {
            "month": "2022-04",
            "price": "172.03",
            "revenue": 4050846
        },
        "2022-05": {
            "month": "2022-05",
            "price": "164.10",
            "revenue": 4587600
        },
        "2022-06": {
            "month": "2022-06",
            "price": "155.67",
            "revenue": 4586887
        },
        "2022-07": {
            "month": "2022-07",
            "price": "141.74",
            "revenue": 4621927
        },
        "2022-08": {
            "month": "2022-08",
            "price": "161.43",
            "revenue": 4632104
        },
        "2022-09": {
            "month": "2022-09",
            "price": "162.76",
            "revenue": 4538814
        },
        "2022-10": {
            "month": "2022-10",
            "price": "150.82",
            "revenue": 4603324
        },
        "2022-11": {
            "month": "2022-11",
            "price": "160.89",
            "revenue": 4408925
        },
        "2022-12": {
            "month": "2022-12",
            "price": "167.14",
            "revenue": 4248803
        },
        "2023-01": {
            "month": "2023-01",
            "price": "165.12",
            "revenue": 4439933
        },
        "2023-02": {
            "month": "2023-02",
            "price": "172.39",
            "revenue": 3813643
        },
        "2023-03": {
            "month": "2023-03",
            "price": "189.09",
            "revenue": 4196928
        },
        "2023-04": {
            "month": "2023-04",
            "price": "188.91",
            "revenue": 3947717
        },
        "2023-05": {
            "month": "2023-05",
            "price": "189.82",
            "revenue": 4056478
        },
        "2023-06": {
            "month": "2023-06",
            "price": "189.12",
            "revenue": 4092997
        },
        "2023-07": {
            "month": "2023-07",
            "price": "180.95",
            "revenue": 4128574
        },
        "2023-08": {
            "month": "2023-08",
            "price": "171.73",
            "revenue": 4153263
        },
        "2023-09": {
            "month": "2023-09",
            "price": "172.22",
            "revenue": 4210501
        },
        "2023-10": {
            "month": "2023-10",
            "price": "168.48",
            "revenue": 4343215
        },
        "2023-11": {
            "month": "2023-11",
            "price": "181.02",
            "revenue": 3961991
        },
        "2023-12": {
            "month": "2023-12",
            "price": "182.79",
            "revenue": 3927480
        }
    }
}
