{
    "summary": {
        "stock_name": "東友",
        "stock_id": "5438",
        "category": "電腦及週邊設備",
        "main_business": "多功能事務機及其模組<br>標籤列印機<br>寬幅列印機及3D列印產品等之設計、製造及買賣",
        "website_url": "http://www.tecoimage.com.tw/",
        "ceo": "和田幹二",
        "pe_ratio": 26,
        "report_year_from": 2001,
        "report_year_to": 2023,
        "age": 22,
        "eps_negative_percentage": 4,
        "eps_growth_avg": {
            "last_all": 8.01,
            "last_2y": 21.36,
            "last_4y": -6.57,
            "last_8y": 12.75,
            "last_12y": 10.71,
            "last_16y": 5.75,
            "last_20y": 8.01,
            "at_2006_last_3y": -2.26,
            "at_2007_last_3y": 4,
            "at_2008_last_3y": -2.04,
            "at_2009_last_3y": -10.37,
            "at_2010_last_3y": -12.95,
            "at_2011_last_3y": -38.63,
            "at_2012_last_3y": -1.91,
            "at_2013_last_3y": 6.11,
            "at_2014_last_3y": 28.56,
            "at_2015_last_3y": 59.07,
            "at_2016_last_3y": 33.61,
            "at_2017_last_3y": 36.91,
            "at_2018_last_3y": 4.93,
            "at_2019_last_3y": -18.72,
            "at_2020_last_3y": -42.69,
            "at_2021_last_3y": -23.67,
            "at_2022_last_3y": -1.23,
            "at_2023_last_3y": -1.23,
            "at_2006_last_all": 18.19,
            "at_2007_last_all": 16.2,
            "at_2008_last_all": 7.19,
            "at_2009_last_all": 3.62,
            "at_2010_last_all": 4.35,
            "at_2011_last_all": -5.73,
            "at_2012_last_all": 3.88,
            "at_2013_last_all": 4.45,
            "at_2014_last_all": 11.8,
            "at_2015_last_all": 12.78,
            "at_2016_last_all": 11.81,
            "at_2017_last_all": 12.56,
            "at_2018_last_all": 10.18,
            "at_2019_last_all": 5.78,
            "at_2020_last_all": 0.34,
            "at_2021_last_all": 5.32,
            "at_2022_last_all": 8.01,
            "at_2023_last_all": 8.01
        },
        "latest_eps": 0.66,
        "latest_price": 16.85,
        "latest_roe": 3.16,
        "latest_gross_margin": 18.89,
        "latest_equity": 2632365,
        "latest_revenue": 364141,
        "latest_gross_profit": 68796,
        "latest_net_income": 20775,
        "latest_debt_ratio": 21.79,
        "latest_current_ratio": 125.69,
        "latest_account_receivable_turnover_ratio": 1.24,
        "latest_inventory_turnover_ratio": 1.45,
        "latest_reinvestment_rate": 889.28,
        "latest_research_to_sale_ratio": 6.92
    },
    "eps_dividends": {
        "2000": {
            "cash": 0,
            "stock": 2,
            "eps": 0
        },
        "2001": {
            "cash": 0.4,
            "stock": 0.6,
            "eps": 2.18
        },
        "2002": {
            "cash": 0.52,
            "stock": 1.03,
            "eps": 5.48
        },
        "2003": {
            "cash": 3.03,
            "stock": 1.01,
            "eps": 4.45
        },
        "2004": {
            "cash": 2,
            "stock": 1,
            "eps": 3.44
        },
        "2005": {
            "cash": 1.5,
            "stock": 2.5,
            "eps": 3.85
        },
        "2006": {
            "cash": 1.76,
            "stock": 0.83,
            "eps": 4.64
        },
        "2007": {
            "cash": 2.59,
            "stock": 0.65,
            "eps": 4.93
        },
        "2008": {
            "cash": 2.58,
            "stock": 0.65,
            "eps": 2.62
        },
        "2009": {
            "cash": 0.6,
            "stock": 0,
            "eps": 2.06
        },
        "2010": {
            "cash": 1.6,
            "stock": 0,
            "eps": 2.27
        },
        "2011": {
            "cash": 1.6,
            "stock": 0,
            "eps": 0.08
        },
        "2012": {
            "cash": 0.6,
            "stock": 0,
            "eps": 0.56
        },
        "2013": {
            "cash": 0.3,
            "stock": 0,
            "eps": 0.62
        },
        "2014": {
            "cash": 0.6,
            "stock": 0,
            "eps": 1.29
        },
        "2015": {
            "cash": 1,
            "stock": 0,
            "eps": 1.62
        },
        "2016": {
            "cash": 1.2,
            "stock": 0,
            "eps": 1.59
        },
        "2017": {
            "cash": 1.2,
            "stock": 0,
            "eps": 1.97
        },
        "2018": {
            "cash": 1.5,
            "stock": 0,
            "eps": 1.42
        },
        "2019": {
            "cash": 1.05,
            "stock": 0,
            "eps": 0.44
        },
        "2020": {
            "cash": 0.44,
            "stock": 0,
            "eps": 0.01
        },
        "2021": {
            "cash": 0.1,
            "stock": 0,
            "eps": 0.55
        },
        "2022": {
            "cash": 0.41,
            "stock": 0,
            "eps": 0.89
        },
        "2023": {
            "cash": 0.51,
            "stock": 0,
            "eps": -0.24
        }
    },
    "dividends": {
        "2000-05-17": {
            "cash": 0,
            "stock": 2
        },
        "2001-06-07": {
            "cash": 0.4,
            "stock": 0.6
        },
        "2002-06-07": {
            "cash": 0.52,
            "stock": 1.03
        },
        "2003-05-30": {
            "cash": 3.03,
            "stock": 1.01
        },
        "2004-06-04": {
            "cash": 2,
            "stock": 1
        },
        "2005-06-17": {
            "cash": 1.5,
            "stock": 2.5
        },
        "2006-06-12": {
            "cash": 1.76,
            "stock": 0.83
        },
        "2007-03-30": {
            "cash": 2.59,
            "stock": 0.65
        },
        "2008-03-20": {
            "cash": 2.58,
            "stock": 0.65
        },
        "2009-03-27": {
            "cash": 0.6,
            "stock": 0
        },
        "2010-03-24": {
            "cash": 1.6,
            "stock": 0
        },
        "2011-03-22": {
            "cash": 1.6,
            "stock": 0
        },
        "2012-06-18": {
            "cash": 0.6,
            "stock": 0
        },
        "2013-06-13": {
            "cash": 0.3,
            "stock": 0
        },
        "2014-08-15": {
            "cash": 0.6,
            "stock": 0
        },
        "2015-07-24": {
            "cash": 1,
            "stock": 0
        },
        "2016-08-04": {
            "cash": 1.2,
            "stock": 0
        },
        "2017-08-11": {
            "cash": 1.2,
            "stock": 0
        },
        "2018-08-03": {
            "cash": 1.5,
            "stock": 0
        },
        "2019-07-26": {
            "cash": 1.05,
            "stock": 0
        },
        "2020-08-12": {
            "cash": 0.44,
            "stock": 0
        },
        "2021-09-17": {
            "cash": 0.1,
            "stock": 0
        },
        "2022-08-05": {
            "cash": 0.41,
            "stock": 0
        },
        "2023-07-14": {
            "cash": 0.51,
            "stock": 0
        }
    },
    "prices": {
        "200101": "14.06",
        "200102": "16.31",
        "200103": "20.86",
        "200104": "27.00",
        "200105": "26.51",
        "200106": "33.36",
        "200107": "42.70",
        "200108": "48.09",
        "200109": "41.96",
        "200110": "41.90",
        "200111": "47.43",
        "200112": "63.81",
        "200201": "72.27",
        "200202": "75.96",
        "200203": "73.62",
        "200204": "73.83",
        "200205": "61.18",
        "200206": "65.95",
        "200207": "68.80",
        "200208": "70.98",
        "200209": "70.18",
        "200210": "57.90",
        "200211": "57.07",
        "200212": "50.48",
        "200301": "49.00",
        "200302": "43.66",
        "200303": "40.11",
        "200304": "39.25",
        "200305": "39.61",
        "200306": "46.42",
        "200307": "47.20",
        "200308": "44.04",
        "200309": "45.84",
        "200310": "43.70",
        "200311": "43.32",
        "200312": "43.12",
        "200401": "47.84",
        "200402": "48.66",
        "200403": "45.91",
        "200404": "43.30",
        "200405": "36.01",
        "200406": "32.96",
        "200407": "26.77",
        "200408": "25.53",
        "200409": "28.58",
        "200410": "29.62",
        "200411": "27.60",
        "200412": "26.80",
        "200501": "26.54",
        "200502": "28.36",
        "200503": "30.72",
        "200504": "30.81",
        "200505": "30.12",
        "200506": "31.78",
        "200507": "37.50",
        "200508": "35.34",
        "200509": "30.38",
        "200510": "28.20",
        "200511": "27.37",
        "200512": "30.51",
        "200601": "31.29",
        "200602": "29.91",
        "200603": "28.83",
        "200604": "30.43",
        "200605": "31.98",
        "200606": "32.33",
        "200607": "30.56",
        "200608": "30.07",
        "200609": "30.30",
        "200610": "34.78",
        "200611": "35.25",
        "200612": "39.59",
        "200701": "44.96",
        "200702": "44.48",
        "200703": "44.97",
        "200704": "52.15",
        "200705": "51.54",
        "200706": "56.51",
        "200707": "62.89",
        "200708": "62.44",
        "200709": "63.78",
        "200710": "61.06",
        "200711": "48.27",
        "200712": "40.08",
        "200801": "35.78",
        "200802": "35.06",
        "200803": "35.09",
        "200804": "36.46",
        "200805": "37.17",
        "200806": "32.01",
        "200807": "27.18",
        "200808": "27.26",
        "200809": "25.29",
        "200810": "21.22",
        "200811": "16.73",
        "200812": "16.10",
        "200901": "15.96",
        "200902": "15.31",
        "200903": "18.58",
        "200904": "18.14",
        "200905": "20.14",
        "200906": "18.99",
        "200907": "19.53",
        "200908": "21.77",
        "200909": "28.34",
        "200910": "29.17",
        "200911": "26.94",
        "200912": "28.04",
        "201001": "27.79",
        "201002": "25.39",
        "201003": "27.24",
        "201004": "28.09",
        "201005": "26.31",
        "201006": "27.14",
        "201007": "29.67",
        "201008": "30.76",
        "201009": "29.43",
        "201010": "28.39",
        "201011": "25.42",
        "201012": "26.15",
        "201101": "25.42",
        "201102": "24.70",
        "201103": "22.97",
        "201104": "23.35",
        "201105": "23.18",
        "201106": "22.73",
        "201107": "18.52",
        "201108": "14.92",
        "201109": "14.13",
        "201110": "13.84",
        "201111": "14.11",
        "201112": "13.54",
        "201201": "13.51",
        "201202": "15.54",
        "201203": "15.72",
        "201204": "14.91",
        "201205": "13.52",
        "201206": "13.55",
        "201207": "13.29",
        "201208": "13.43",
        "201209": "12.90",
        "201210": "12.22",
        "201211": "10.77",
        "201212": "10.96",
        "201301": "11.24",
        "201302": "11.44",
        "201303": "11.28",
        "201304": "11.19",
        "201305": "10.77",
        "201306": "10.03",
        "201307": "9.40",
        "201308": "9.23",
        "201309": "9.82",
        "201310": "10.29",
        "201311": "13.21",
        "201312": "13.34",
        "201401": "14.60",
        "201402": "14.85",
        "201403": "14.34",
        "201404": "13.96",
        "201405": "14.69",
        "201406": "17.95",
        "201407": "18.09",
        "201408": "16.39",
        "201409": "15.39",
        "201410": "14.04",
        "201411": "13.87",
        "201412": "14.51",
        "201501": "14.77",
        "201502": "14.19",
        "201503": "14.14",
        "201504": "14.08",
        "201505": "13.24",
        "201506": "12.39",
        "201507": "10.82",
        "201508": "10.05",
        "201509": "10.54",
        "201510": "11.93",
        "201511": "13.44",
        "201512": "13.21",
        "201601": "12.67",
        "201602": "13.57",
        "201603": "14.84",
        "201604": "14.08",
        "201605": "12.96",
        "201606": "12.90",
        "201607": "12.15",
        "201608": "11.75",
        "201609": "11.83",
        "201610": "11.83",
        "201611": "12.54",
        "201612": "13.17",
        "201701": "13.48",
        "201702": "13.89",
        "201703": "14.38",
        "201704": "14.66",
        "201705": "14.82",
        "201706": "15.27",
        "201707": "14.55",
        "201708": "14.50",
        "201709": "16.09",
        "201710": "16.50",
        "201711": "16.81",
        "201712": "16.51",
        "201801": "17.52",
        "201802": "17.03",
        "201803": "17.55",
        "201804": "18.08",
        "201805": "17.98",
        "201806": "18.20",
        "201807": "16.65",
        "201808": "15.41",
        "201809": "14.89",
        "201810": "13.67",
        "201811": "13.85",
        "201812": "13.96",
        "201901": "14.37",
        "201902": "14.90",
        "201903": "15.33",
        "201904": "15.25",
        "201905": "14.45",
        "201906": "14.47",
        "201907": "13.81",
        "201908": "13.43",
        "201909": "13.39",
        "201910": "13.54",
        "201911": "13.64",
        "201912": "13.64",
        "202001": "13.65",
        "202002": "14.20",
        "202003": "13.45",
        "202004": "12.41",
        "202005": "12.37",
        "202006": "12.02",
        "202007": "11.82",
        "202008": "11.65",
        "202009": "11.97",
        "202010": "11.92",
        "202011": "11.97",
        "202012": "12.18",
        "202101": "12.17",
        "202102": "11.91",
        "202103": "12.52",
        "202104": "14.17",
        "202105": "12.66",
        "202106": "13.98",
        "202107": "17.75",
        "202108": "22.08",
        "202109": "23.28",
        "202110": "16.41",
        "202111": "17.82",
        "202112": "17.11",
        "202201": "15.96",
        "202202": "15.13",
        "202203": "14.78",
        "202204": "14.53",
        "202205": "13.50",
        "202206": "14.58",
        "202207": "15.41",
        "202208": "16.75",
        "202209": "17.23",
        "202210": "16.02",
        "202211": "16.20",
        "202212": "16.78",
        "202301": "16.70",
        "202302": "17.92",
        "202303": "18.07",
        "202304": "18.74",
        "202305": "20.48",
        "202306": "20.22",
        "202307": "20.31",
        "202308": "17.70",
        "202309": "17.34",
        "202310": "17.38"
    },
    "quarters": {
        "20011": {
            "year_quarter": 20011,
            "year": 2001,
            "quarter": 1,
            "eps": 0.23,
            "eps_growth_year": 228.57,
            "eps_4q": 1.77,
            "eps_4q_growth_year": null,
            "roe": 1.8,
            "roe_4q": 1.8,
            "gross_profit": 101186,
            "gross_margin": 22.32,
            "gross_margin_4q_avg": 22.32,
            "net_income": 13970,
            "net_income_4q": null,
            "revenue": 453293,
            "revenue_4q": null,
            "common_shares": 610000,
            "book_valuer_per_share": 12.83,
            "book_valuer_per_share_4q_avg": 12.83,
            "equity": 782559,
            "current_ratio": 284.68,
            "debt_ratio": 30.21,
            "inventory_turnover_ratio": 0.96,
            "account_receivable_turnover_ratio": null,
            "reinvestment_rate": null,
            "research_to_sale_ratio": null,
            "price_fair": 0,
            "eps_avg_yearly": 0,
            "eps_latest_yearly": 0,
            "eps_growth_yearly": 0
        },
        "20012": {
            "year_quarter": 20012,
            "year": 2001,
            "quarter": 2,
            "eps": 0.31,
            "eps_growth_year": -38,
            "eps_4q": 1.5,
            "eps_4q_growth_year": 19.52,
            "roe": 2.58,
            "roe_4q": 4.38,
            "gross_profit": 80621,
            "gross_margin": 17.16,
            "gross_margin_4q_avg": 19.74,
            "net_income": 20091,
            "net_income_4q": null,
            "revenue": 469831,
            "revenue_4q": null,
            "common_shares": 610000,
            "book_valuer_per_share": 12.72,
            "book_valuer_per_share_4q_avg": 12.78,
            "equity": 775631,
            "current_ratio": 278.59,
            "debt_ratio": 30.63,
            "inventory_turnover_ratio": 1.23,
            "account_receivable_turnover_ratio": null,
            "reinvestment_rate": null,
            "research_to_sale_ratio": null,
            "price_fair": 0,
            "eps_avg_yearly": 0,
            "eps_latest_yearly": 0,
            "eps_growth_yearly": 0
        },
        "20013": {
            "year_quarter": 20013,
            "year": 2001,
            "quarter": 3,
            "eps": 0.75,
            "eps_growth_year": 41.51,
            "eps_4q": 1.74,
            "eps_4q_growth_year": 9.49,
            "roe": 6.14,
            "roe_4q": 10.52,
            "gross_profit": 113841,
            "gross_margin": 21.22,
            "gross_margin_4q_avg": 20.23,
            "net_income": 49127,
            "net_income_4q": null,
            "revenue": 536353,
            "revenue_4q": null,
            "common_shares": 651600,
            "book_valuer_per_share": 12.66,
            "book_valuer_per_share_4q_avg": 12.74,
            "equity": 824758,
            "current_ratio": 251.41,
            "debt_ratio": 33.27,
            "inventory_turnover_ratio": 1.64,
            "account_receivable_turnover_ratio": null,
            "reinvestment_rate": null,
            "research_to_sale_ratio": null,
            "price_fair": 0,
            "eps_avg_yearly": 0,
            "eps_latest_yearly": 0,
            "eps_growth_yearly": 0
        },
        "20014": {
            "year_quarter": 20014,
            "year": 2001,
            "quarter": 4,
            "eps": 0.89,
            "eps_growth_year": 74.51,
            "eps_4q": 2.17,
            "eps_4q_growth_year": 35.38,
            "roe": 6.77,
            "roe_4q": 17.29,
            "gross_profit": 132671,
            "gross_margin": 28.71,
            "gross_margin_4q_avg": 22.35,
            "net_income": 57772,
            "net_income_4q": null,
            "revenue": 462071,
            "revenue_4q": null,
            "common_shares": 651600,
            "book_valuer_per_share": 13.54,
            "book_valuer_per_share_4q_avg": 12.94,
            "equity": 882530,
            "current_ratio": 221.84,
            "debt_ratio": 38.83,
            "inventory_turnover_ratio": 1.52,
            "account_receivable_turnover_ratio": null,
            "reinvestment_rate": null,
            "research_to_sale_ratio": null,
            "price_fair": 0,
            "eps_avg_yearly": 0,
            "eps_latest_yearly": 0,
            "eps_growth_yearly": 0
        },
        "20021": {
            "year_quarter": 20021,
            "year": 2002,
            "quarter": 1,
            "eps": 1.35,
            "eps_growth_year": 486.96,
            "eps_4q": 3.29,
            "eps_4q_growth_year": 86.03,
            "roe": 9.52,
            "roe_4q": 25.009999999999998,
            "gross_profit": 176162,
            "gross_margin": 31.59,
            "gross_margin_4q_avg": 24.67,
            "net_income": 88250,
            "net_income_4q": null,
            "revenue": 557579,
            "revenue_4q": null,
            "common_shares": 651600,
            "book_valuer_per_share": 14.9,
            "book_valuer_per_share_4q_avg": 13.46,
            "equity": 970779,
            "current_ratio": 351.8,
            "debt_ratio": 59.74,
            "inventory_turnover_ratio": 1.6,
            "account_receivable_turnover_ratio": null,
            "reinvestment_rate": null,
            "research_to_sale_ratio": null,
            "price_fair": 189,
            "eps_avg_yearly": 5.4,
            "eps_latest_yearly": 5.4,
            "eps_growth_yearly": 206.74
        },
        "20022": {
            "year_quarter": 20022,
            "year": 2002,
            "quarter": 2,
            "eps": 1.49,
            "eps_growth_year": 380.65,
            "eps_4q": 4.2,
            "eps_4q_growth_year": 180.63,
            "roe": 11.41,
            "roe_4q": 33.839999999999996,
            "gross_profit": 229530,
            "gross_margin": 36.65,
            "gross_margin_4q_avg": 29.54,
            "net_income": 107223,
            "net_income_4q": null,
            "revenue": 626313,
            "revenue_4q": null,
            "common_shares": 651600,
            "book_valuer_per_share": 13.96,
            "book_valuer_per_share_4q_avg": 13.77,
            "equity": 909432,
            "current_ratio": 442.85,
            "debt_ratio": 58.11,
            "inventory_turnover_ratio": 1.61,
            "account_receivable_turnover_ratio": null,
            "reinvestment_rate": null,
            "research_to_sale_ratio": null,
            "price_fair": 198.8,
            "eps_avg_yearly": 5.68,
            "eps_latest_yearly": 5.96,
            "eps_growth_yearly": 124.11
        },
        "20023": {
            "year_quarter": 20023,
            "year": 2002,
            "quarter": 3,
            "eps": 1.39,
            "eps_growth_year": 85.33,
            "eps_4q": 4.92,
            "eps_4q_growth_year": 182.39,
            "roe": 10.48,
            "roe_4q": 38.18,
            "gross_profit": 218811,
            "gross_margin": 39.12,
            "gross_margin_4q_avg": 34.02,
            "net_income": 99796,
            "net_income_4q": null,
            "revenue": 559306,
            "revenue_4q": null,
            "common_shares": 723050,
            "book_valuer_per_share": 13.77,
            "book_valuer_per_share_4q_avg": 14.04,
            "equity": 995981,
            "current_ratio": 546.49,
            "debt_ratio": 54.37,
            "inventory_turnover_ratio": 1.8,
            "account_receivable_turnover_ratio": null,
            "reinvestment_rate": null,
            "research_to_sale_ratio": null,
            "price_fair": 197.4,
            "eps_avg_yearly": 5.64,
            "eps_latest_yearly": 5.56,
            "eps_growth_yearly": 73.79
        },
        "20024": {
            "year_quarter": 20024,
            "year": 2002,
            "quarter": 4,
            "eps": 1.25,
            "eps_growth_year": 40.45,
            "eps_4q": 5.41,
            "eps_4q_growth_year": 148.97,
            "roe": 8.54,
            "roe_4q": 39.95,
            "gross_profit": 185781,
            "gross_margin": 40.48,
            "gross_margin_4q_avg": 36.96,
            "net_income": 88797,
            "net_income_4q": null,
            "revenue": 458952,
            "revenue_4q": null,
            "common_shares": 723050,
            "book_valuer_per_share": 15,
            "book_valuer_per_share_4q_avg": 14.41,
            "equity": 1084779,
            "current_ratio": 470.62,
            "debt_ratio": 53.65,
            "inventory_turnover_ratio": 1.88,
            "account_receivable_turnover_ratio": null,
            "reinvestment_rate": null,
            "research_to_sale_ratio": null,
            "price_fair": 191.8,
            "eps_avg_yearly": 5.48,
            "eps_latest_yearly": 5,
            "eps_growth_yearly": 45.27
        },
        "20031": {
            "year_quarter": 20031,
            "year": 2003,
            "quarter": 1,
            "eps": 1.01,
            "eps_growth_year": -25.19,
            "eps_4q": 5.23,
            "eps_4q_growth_year": 58.76,
            "roe": 6.33,
            "roe_4q": 36.760000000000005,
            "gross_profit": 155943,
            "gross_margin": 38.59,
            "gross_margin_4q_avg": 38.71,
            "net_income": 70841,
            "net_income_4q": null,
            "revenue": 404091,
            "revenue_4q": null,
            "common_shares": 723050,
            "book_valuer_per_share": 15.97,
            "book_valuer_per_share_4q_avg": 14.68,
            "equity": 1154882,
            "current_ratio": 499.65,
            "debt_ratio": 51.69,
            "inventory_turnover_ratio": 1.62,
            "account_receivable_turnover_ratio": null,
            "reinvestment_rate": null,
            "research_to_sale_ratio": null,
            "price_fair": 160.21,
            "eps_avg_yearly": 5.19,
            "eps_latest_yearly": 4.04,
            "eps_growth_yearly": 20.86
        },
        "20032": {
            "year_quarter": 20032,
            "year": 2003,
            "quarter": 2,
            "eps": 1.17,
            "eps_growth_year": -21.48,
            "eps_4q": 4.88,
            "eps_4q_growth_year": 16.18,
            "roe": 7.72,
            "roe_4q": 33.07,
            "gross_profit": 209821,
            "gross_margin": 40.93,
            "gross_margin_4q_avg": 39.78,
            "net_income": 81777,
            "net_income_4q": null,
            "revenue": 512576,
            "revenue_4q": null,
            "common_shares": 723050,
            "book_valuer_per_share": 13.34,
            "book_valuer_per_share_4q_avg": 14.52,
            "equity": 964665,
            "current_ratio": 255.24,
            "debt_ratio": 64.36,
            "inventory_turnover_ratio": 1.61,
            "account_receivable_turnover_ratio": null,
            "reinvestment_rate": 11.15,
            "research_to_sale_ratio": null,
            "price_fair": 178.73,
            "eps_avg_yearly": 5.11,
            "eps_latest_yearly": 4.68,
            "eps_growth_yearly": 27.94
        },
        "20033": {
            "year_quarter": 20033,
            "year": 2003,
            "quarter": 3,
            "eps": 1.12,
            "eps_growth_year": -19.42,
            "eps_4q": 4.21,
            "eps_4q_growth_year": -14.46,
            "roe": 8.7,
            "roe_4q": 31.29,
            "gross_profit": 201002,
            "gross_margin": 38.81,
            "gross_margin_4q_avg": 39.7,
            "net_income": 87614,
            "net_income_4q": null,
            "revenue": 517900,
            "revenue_4q": null,
            "common_shares": 806211,
            "book_valuer_per_share": 13.03,
            "book_valuer_per_share_4q_avg": 14.34,
            "equity": 1050195,
            "current_ratio": 492,
            "debt_ratio": 53.76,
            "inventory_turnover_ratio": 1.45,
            "account_receivable_turnover_ratio": null,
            "reinvestment_rate": -1.58,
            "research_to_sale_ratio": null,
            "price_fair": 158.08,
            "eps_avg_yearly": 5.02,
            "eps_latest_yearly": 4.48,
            "eps_growth_yearly": 21.51
        },
        "20034": {
            "year_quarter": 20034,
            "year": 2003,
            "quarter": 4,
            "eps": 1.15,
            "eps_growth_year": -8,
            "eps_4q": 4.23,
            "eps_4q_growth_year": -21.68,
            "roe": 8.18,
            "roe_4q": 30.93,
            "gross_profit": 212634,
            "gross_margin": 37.54,
            "gross_margin_4q_avg": 38.97,
            "net_income": 89567,
            "net_income_4q": null,
            "revenue": 566494,
            "revenue_4q": null,
            "common_shares": 806211,
            "book_valuer_per_share": 14.14,
            "book_valuer_per_share_4q_avg": 14.12,
            "equity": 1140275,
            "current_ratio": 324.68,
            "debt_ratio": 56.69,
            "inventory_turnover_ratio": 1.65,
            "account_receivable_turnover_ratio": null,
            "reinvestment_rate": 0.1,
            "research_to_sale_ratio": null,
            "price_fair": 149.74,
            "eps_avg_yearly": 4.97,
            "eps_latest_yearly": 4.6,
            "eps_growth_yearly": 20.16
        },
        "20041": {
            "year_quarter": 20041,
            "year": 2004,
            "quarter": 1,
            "eps": 0.96,
            "eps_growth_year": -4.95,
            "eps_4q": 4.29,
            "eps_4q_growth_year": -17.86,
            "roe": 6.34,
            "roe_4q": 30.939999999999998,
            "gross_profit": 159978,
            "gross_margin": 32.42,
            "gross_margin_4q_avg": 37.43,
            "net_income": 74571,
            "net_income_4q": null,
            "revenue": 493461,
            "revenue_4q": null,
            "common_shares": 806211,
            "book_valuer_per_share": 15.04,
            "book_valuer_per_share_4q_avg": 13.89,
            "equity": 1212794,
            "current_ratio": 462.43,
            "debt_ratio": 51.02,
            "inventory_turnover_ratio": 1.37,
            "account_receivable_turnover_ratio": null,
            "reinvestment_rate": 0.1,
            "research_to_sale_ratio": null,
            "price_fair": 99.59,
            "eps_avg_yearly": 4.84,
            "eps_latest_yearly": 3.84,
            "eps_growth_yearly": 10.58
        },
        "20042": {
            "year_quarter": 20042,
            "year": 2004,
            "quarter": 2,
            "eps": 0.28,
            "eps_growth_year": -76.07,
            "eps_4q": 3.47,
            "eps_4q_growth_year": -28.89,
            "roe": 1.96,
            "roe_4q": 25.18,
            "gross_profit": 149836,
            "gross_margin": 29.76,
            "gross_margin_4q_avg": 34.63,
            "net_income": 22086,
            "net_income_4q": null,
            "revenue": 503476,
            "revenue_4q": null,
            "common_shares": 806211,
            "book_valuer_per_share": 12.95,
            "book_valuer_per_share_4q_avg": 13.79,
            "equity": 1044253,
            "current_ratio": 320.17,
            "debt_ratio": 57.83,
            "inventory_turnover_ratio": 1.22,
            "account_receivable_turnover_ratio": null,
            "reinvestment_rate": -0.75,
            "research_to_sale_ratio": null,
            "price_fair": 13.4,
            "eps_avg_yearly": 4.47,
            "eps_latest_yearly": 1.12,
            "eps_growth_yearly": -18.81
        },
        "20043": {
            "year_quarter": 20043,
            "year": 2004,
            "quarter": 3,
            "eps": 1.05,
            "eps_growth_year": -6.25,
            "eps_4q": 3.19,
            "eps_4q_growth_year": -24.15,
            "roe": 8.38,
            "roe_4q": 24.86,
            "gross_profit": 237097,
            "gross_margin": 29.99,
            "gross_margin_4q_avg": 32.43,
            "net_income": 91364,
            "net_income_4q": null,
            "revenue": 790577,
            "revenue_4q": null,
            "common_shares": 893866,
            "book_valuer_per_share": 12.71,
            "book_valuer_per_share_4q_avg": 13.71,
            "equity": 1136401,
            "current_ratio": 295.49,
            "debt_ratio": 57.3,
            "inventory_turnover_ratio": 1.52,
            "account_receivable_turnover_ratio": null,
            "reinvestment_rate": -2.84,
            "research_to_sale_ratio": null,
            "price_fair": 155.53,
            "eps_avg_yearly": 4.44,
            "eps_latest_yearly": 4.2,
            "eps_growth_yearly": 82.9
        },
        "20044": {
            "year_quarter": 20044,
            "year": 2004,
            "quarter": 4,
            "eps": 1.15,
            "eps_growth_year": 0,
            "eps_4q": 3.31,
            "eps_4q_growth_year": -21.74,
            "roe": 8.44,
            "roe_4q": 25.12,
            "gross_profit": 247608,
            "gross_margin": 28.07,
            "gross_margin_4q_avg": 30.06,
            "net_income": 99915,
            "net_income_4q": null,
            "revenue": 882076,
            "revenue_4q": null,
            "common_shares": 893866,
            "book_valuer_per_share": 13.77,
            "book_valuer_per_share_4q_avg": 13.62,
            "equity": 1231135,
            "current_ratio": 264.47,
            "debt_ratio": 46.07,
            "inventory_turnover_ratio": 1.75,
            "account_receivable_turnover_ratio": null,
            "reinvestment_rate": -2.54,
            "research_to_sale_ratio": null,
            "price_fair": 155.98,
            "eps_avg_yearly": 4.46,
            "eps_latest_yearly": 4.6,
            "eps_growth_yearly": 79.16
        },
        "20051": {
            "year_quarter": 20051,
            "year": 2005,
            "quarter": 1,
            "eps": 0.41,
            "eps_growth_year": -57.29,
            "eps_4q": 2.85,
            "eps_4q_growth_year": -33.54,
            "roe": 2.87,
            "roe_4q": 21.65,
            "gross_profit": 179300,
            "gross_margin": 32.53,
            "gross_margin_4q_avg": 30.09,
            "net_income": 35798,
            "net_income_4q": null,
            "revenue": 551239,
            "revenue_4q": null,
            "common_shares": 893866,
            "book_valuer_per_share": 14.17,
            "book_valuer_per_share_4q_avg": 13.4,
            "equity": 1266348,
            "current_ratio": 309.95,
            "debt_ratio": 42.98,
            "inventory_turnover_ratio": 1.21,
            "account_receivable_turnover_ratio": null,
            "reinvestment_rate": -2.73,
            "research_to_sale_ratio": null,
            "price_fair": 148.4,
            "eps_avg_yearly": 4.24,
            "eps_latest_yearly": 1.64,
            "eps_growth_yearly": 53.27
        },
        "20052": {
            "year_quarter": 20052,
            "year": 2005,
            "quarter": 2,
            "eps": 1.39,
            "eps_growth_year": 396.43,
            "eps_4q": 4.02,
            "eps_4q_growth_year": 15.76,
            "roe": 9.62,
            "roe_4q": 29.310000000000002,
            "gross_profit": 205917,
            "gross_margin": 27.75,
            "gross_margin_4q_avg": 29.59,
            "net_income": 120063,
            "net_income_4q": null,
            "revenue": 742046,
            "revenue_4q": null,
            "common_shares": 893866,
            "book_valuer_per_share": 13.75,
            "book_valuer_per_share_4q_avg": 13.6,
            "equity": 1228810,
            "current_ratio": 252.69,
            "debt_ratio": 49.01,
            "inventory_turnover_ratio": 1.73,
            "account_receivable_turnover_ratio": null,
            "reinvestment_rate": -2.6,
            "research_to_sale_ratio": null,
            "price_fair": 151.7,
            "eps_avg_yearly": 4.33,
            "eps_latest_yearly": 5.56,
            "eps_growth_yearly": 117.76
        },
        "20053": {
            "year_quarter": 20053,
            "year": 2005,
            "quarter": 3,
            "eps": 1.18,
            "eps_growth_year": 12.38,
            "eps_4q": 3.84,
            "eps_4q_growth_year": 20.4,
            "roe": 8.81,
            "roe_4q": 29.740000000000002,
            "gross_profit": 218988,
            "gross_margin": 30.45,
            "gross_margin_4q_avg": 29.7,
            "net_income": 113420,
            "net_income_4q": null,
            "revenue": 719255,
            "revenue_4q": null,
            "common_shares": 969601,
            "book_valuer_per_share": 13.89,
            "book_valuer_per_share_4q_avg": 13.9,
            "equity": 1347235,
            "current_ratio": 324.04,
            "debt_ratio": 42.71,
            "inventory_turnover_ratio": 1.6,
            "account_receivable_turnover_ratio": null,
            "reinvestment_rate": -2.35,
            "research_to_sale_ratio": null,
            "price_fair": 152.6,
            "eps_avg_yearly": 4.36,
            "eps_latest_yearly": 4.72,
            "eps_growth_yearly": 105.88
        },
        "20054": {
            "year_quarter": 20054,
            "year": 2005,
            "quarter": 4,
            "eps": 0.87,
            "eps_growth_year": -24.35,
            "eps_4q": 3.68,
            "eps_4q_growth_year": 10.96,
            "roe": 6,
            "roe_4q": 27.3,
            "gross_profit": 201817,
            "gross_margin": 27.8,
            "gross_margin_4q_avg": 29.63,
            "net_income": 83453,
            "net_income_4q": null,
            "revenue": 725923,
            "revenue_4q": null,
            "common_shares": 969601,
            "book_valuer_per_share": 14.78,
            "book_valuer_per_share_4q_avg": 14.15,
            "equity": 1432778,
            "current_ratio": 289.71,
            "debt_ratio": 44.4,
            "inventory_turnover_ratio": 1.55,
            "account_receivable_turnover_ratio": null,
            "reinvestment_rate": 6.53,
            "research_to_sale_ratio": null,
            "price_fair": 150.68,
            "eps_avg_yearly": 4.31,
            "eps_latest_yearly": 3.48,
            "eps_growth_yearly": 92.7
        },
        "20061": {
            "year_quarter": 20061,
            "year": 2006,
            "quarter": 1,
            "eps": 0.78,
            "eps_growth_year": 90.24,
            "eps_4q": 4.06,
            "eps_4q_growth_year": 42.42,
            "roe": 4.71,
            "roe_4q": 29.14,
            "gross_profit": 191575,
            "gross_margin": 32.29,
            "gross_margin_4q_avg": 29.57,
            "net_income": 75269,
            "net_income_4q": null,
            "revenue": 593248,
            "revenue_4q": null,
            "common_shares": 969601,
            "book_valuer_per_share": 18.19,
            "book_valuer_per_share_4q_avg": 15.15,
            "equity": 1763827,
            "current_ratio": 215.37,
            "debt_ratio": 34.65,
            "inventory_turnover_ratio": 1.16,
            "account_receivable_turnover_ratio": null,
            "reinvestment_rate": -1.01,
            "research_to_sale_ratio": null,
            "price_fair": 145.69,
            "eps_avg_yearly": 4.16,
            "eps_latest_yearly": 3.12,
            "eps_growth_yearly": 77.19
        },
        "20062": {
            "year_quarter": 20062,
            "year": 2006,
            "quarter": 2,
            "eps": 1.36,
            "eps_growth_year": -2.16,
            "eps_4q": 4.18,
            "eps_4q_growth_year": 4.1,
            "roe": 8.12,
            "roe_4q": 27.64,
            "gross_profit": 230686,
            "gross_margin": 29.21,
            "gross_margin_4q_avg": 29.94,
            "net_income": 131069,
            "net_income_4q": null,
            "revenue": 789643,
            "revenue_4q": null,
            "common_shares": 963551,
            "book_valuer_per_share": 15.19,
            "book_valuer_per_share_4q_avg": 15.51,
            "equity": 1463766,
            "current_ratio": 175.34,
            "debt_ratio": 44.89,
            "inventory_turnover_ratio": 1.66,
            "account_receivable_turnover_ratio": null,
            "reinvestment_rate": -1.35,
            "research_to_sale_ratio": null,
            "price_fair": 144.55,
            "eps_avg_yearly": 4.13,
            "eps_latest_yearly": 5.44,
            "eps_growth_yearly": 93.19
        },
        "20063": {
            "year_quarter": 20063,
            "year": 2006,
            "quarter": 3,
            "eps": 1.41,
            "eps_growth_year": 19.49,
            "eps_4q": 4.21,
            "eps_4q_growth_year": 9.71,
            "roe": 9.52,
            "roe_4q": 28.35,
            "gross_profit": 252826,
            "gross_margin": 28.73,
            "gross_margin_4q_avg": 29.51,
            "net_income": 145729,
            "net_income_4q": null,
            "revenue": 879868,
            "revenue_4q": null,
            "common_shares": 1056786,
            "book_valuer_per_share": 15.11,
            "book_valuer_per_share_4q_avg": 15.82,
            "equity": 1597082,
            "current_ratio": 190.06,
            "debt_ratio": 41.08,
            "inventory_turnover_ratio": 1.79,
            "account_receivable_turnover_ratio": null,
            "reinvestment_rate": -1.18,
            "research_to_sale_ratio": null,
            "price_fair": 144.73,
            "eps_avg_yearly": 4.14,
            "eps_latest_yearly": 5.64,
            "eps_growth_yearly": 95.78
        },
        "20064": {
            "year_quarter": 20064,
            "year": 2006,
            "quarter": 4,
            "eps": 1.09,
            "eps_growth_year": 25.29,
            "eps_4q": 4.51,
            "eps_4q_growth_year": 22.56,
            "roe": 6.75,
            "roe_4q": 29.1,
            "gross_profit": 260270,
            "gross_margin": 28.82,
            "gross_margin_4q_avg": 29.76,
            "net_income": 112317,
            "net_income_4q": null,
            "revenue": 903042,
            "revenue_4q": null,
            "common_shares": 1056786,
            "book_valuer_per_share": 16.39,
            "book_valuer_per_share_4q_avg": 16.22,
            "equity": 1732206,
            "current_ratio": 199.34,
            "debt_ratio": 40.56,
            "inventory_turnover_ratio": 1.58,
            "account_receivable_turnover_ratio": null,
            "reinvestment_rate": 4.25,
            "research_to_sale_ratio": null,
            "price_fair": 143.33,
            "eps_avg_yearly": 4.1,
            "eps_latest_yearly": 4.36,
            "eps_growth_yearly": 92.63
        },
        "20071": {
            "year_quarter": 20071,
            "year": 2007,
            "quarter": 1,
            "eps": 1.26,
            "eps_growth_year": 61.54,
            "eps_4q": 5.15,
            "eps_4q_growth_year": 26.77,
            "roe": 6.96,
            "roe_4q": 31.35,
            "gross_profit": 240492,
            "gross_margin": 29.72,
            "gross_margin_4q_avg": 29.12,
            "net_income": 125955,
            "net_income_4q": null,
            "revenue": 809132,
            "revenue_4q": null,
            "common_shares": 1056786,
            "book_valuer_per_share": 17.86,
            "book_valuer_per_share_4q_avg": 16.14,
            "equity": 1887417,
            "current_ratio": 317.06,
            "debt_ratio": 25.4,
            "inventory_turnover_ratio": 1.39,
            "account_receivable_turnover_ratio": null,
            "reinvestment_rate": -2.15,
            "research_to_sale_ratio": null,
            "price_fair": 145.51,
            "eps_avg_yearly": 4.16,
            "eps_latest_yearly": 5.04,
            "eps_growth_yearly": 101.33
        },
        "20072": {
            "year_quarter": 20072,
            "year": 2007,
            "quarter": 2,
            "eps": 1.31,
            "eps_growth_year": -3.68,
            "eps_4q": 5.16,
            "eps_4q_growth_year": 23.38,
            "roe": 7.23,
            "roe_4q": 30.46,
            "gross_profit": 243147,
            "gross_margin": 29.2,
            "gross_margin_4q_avg": 29.12,
            "net_income": 130596,
            "net_income_4q": null,
            "revenue": 832785,
            "revenue_4q": null,
            "common_shares": 1056786,
            "book_valuer_per_share": 16.32,
            "book_valuer_per_share_4q_avg": 16.42,
            "equity": 1724748,
            "current_ratio": 221.26,
            "debt_ratio": 36.26,
            "inventory_turnover_ratio": 1.63,
            "account_receivable_turnover_ratio": null,
            "reinvestment_rate": -2.6,
            "research_to_sale_ratio": null,
            "price_fair": 146.74,
            "eps_avg_yearly": 4.19,
            "eps_latest_yearly": 5.24,
            "eps_growth_yearly": 98.36
        },
        "20073": {
            "year_quarter": 20073,
            "year": 2007,
            "quarter": 3,
            "eps": 1.36,
            "eps_growth_year": -3.55,
            "eps_4q": 4.77,
            "eps_4q_growth_year": 13.21,
            "roe": 8.34,
            "roe_4q": 29.28,
            "gross_profit": 256564,
            "gross_margin": 28.41,
            "gross_margin_4q_avg": 29.04,
            "net_income": 147084,
            "net_income_4q": null,
            "revenue": 903117,
            "revenue_4q": null,
            "common_shares": 1142416,
            "book_valuer_per_share": 15.78,
            "book_valuer_per_share_4q_avg": 16.59,
            "equity": 1802198,
            "current_ratio": 262.4,
            "debt_ratio": 31.78,
            "inventory_turnover_ratio": 1.74,
            "account_receivable_turnover_ratio": null,
            "reinvestment_rate": -2.71,
            "research_to_sale_ratio": null,
            "price_fair": 148.84,
            "eps_avg_yearly": 4.25,
            "eps_latest_yearly": 5.44,
            "eps_growth_yearly": 100.38
        },
        "20074": {
            "year_quarter": 20074,
            "year": 2007,
            "quarter": 4,
            "eps": 1,
            "eps_growth_year": -8.26,
            "eps_4q": 4.72,
            "eps_4q_growth_year": 4.73,
            "roe": 5.73,
            "roe_4q": 28.26,
            "gross_profit": 273802,
            "gross_margin": 31.26,
            "gross_margin_4q_avg": 29.65,
            "net_income": 108506,
            "net_income_4q": null,
            "revenue": 875894,
            "revenue_4q": null,
            "common_shares": 1142416,
            "book_valuer_per_share": 17.37,
            "book_valuer_per_share_4q_avg": 16.83,
            "equity": 1984565,
            "current_ratio": 288.82,
            "debt_ratio": 31.28,
            "inventory_turnover_ratio": 1.52,
            "account_receivable_turnover_ratio": null,
            "reinvestment_rate": 0.69,
            "research_to_sale_ratio": null,
            "price_fair": 147.53,
            "eps_avg_yearly": 4.22,
            "eps_latest_yearly": 4,
            "eps_growth_yearly": 93.09
        },
        "20081": {
            "year_quarter": 20081,
            "year": 2008,
            "quarter": 1,
            "eps": 0.96,
            "eps_growth_year": -23.81,
            "eps_4q": 4.35,
            "eps_4q_growth_year": -15.51,
            "roe": 5.4,
            "roe_4q": 26.7,
            "gross_profit": 269881,
            "gross_margin": 31.41,
            "gross_margin_4q_avg": 30.07,
            "net_income": 109258,
            "net_income_4q": null,
            "revenue": 859086,
            "revenue_4q": null,
            "common_shares": 1142416,
            "book_valuer_per_share": 18.04,
            "book_valuer_per_share_4q_avg": 16.88,
            "equity": 2060696,
            "current_ratio": 333.55,
            "debt_ratio": 27.54,
            "inventory_turnover_ratio": 1.54,
            "account_receivable_turnover_ratio": null,
            "reinvestment_rate": 0.43,
            "research_to_sale_ratio": null,
            "price_fair": 147.53,
            "eps_avg_yearly": 4.22,
            "eps_latest_yearly": 3.84,
            "eps_growth_yearly": 96.22
        },
        "20082": {
            "year_quarter": 20082,
            "year": 2008,
            "quarter": 2,
            "eps": 0.77,
            "eps_growth_year": -41.22,
            "eps_4q": 3.95,
            "eps_4q_growth_year": -23.43,
            "roe": 4.62,
            "roe_4q": 24.09,
            "gross_profit": 225463,
            "gross_margin": 32.72,
            "gross_margin_4q_avg": 30.95,
            "net_income": 88271,
            "net_income_4q": null,
            "revenue": 688966,
            "revenue_4q": null,
            "common_shares": 1142416,
            "book_valuer_per_share": 15.39,
            "book_valuer_per_share_4q_avg": 16.65,
            "equity": 1757701,
            "current_ratio": 255.23,
            "debt_ratio": 36.22,
            "inventory_turnover_ratio": 1.39,
            "account_receivable_turnover_ratio": null,
            "reinvestment_rate": 0.73,
            "research_to_sale_ratio": null,
            "price_fair": 151.81,
            "eps_avg_yearly": 4.34,
            "eps_latest_yearly": 3.08,
            "eps_growth_yearly": 108.98
        },
        "20083": {
            "year_quarter": 20083,
            "year": 2008,
            "quarter": 3,
            "eps": 0.79,
            "eps_growth_year": -41.91,
            "eps_4q": 3.27,
            "eps_4q_growth_year": -31.49,
            "roe": 5.96,
            "roe_4q": 21.71,
            "gross_profit": 218059,
            "gross_margin": 29.96,
            "gross_margin_4q_avg": 31.34,
            "net_income": 97549,
            "net_income_4q": null,
            "revenue": 727722,
            "revenue_4q": null,
            "common_shares": 1239606,
            "book_valuer_per_share": 12.24,
            "book_valuer_per_share_4q_avg": 15.76,
            "equity": 1517497,
            "current_ratio": 291.62,
            "debt_ratio": 32.07,
            "inventory_turnover_ratio": 1.69,
            "account_receivable_turnover_ratio": null,
            "reinvestment_rate": 1.22,
            "research_to_sale_ratio": null,
            "price_fair": 149.54,
            "eps_avg_yearly": 4.27,
            "eps_latest_yearly": 3.16,
            "eps_growth_yearly": 40.88
        },
        "20084": {
            "year_quarter": 20084,
            "year": 2008,
            "quarter": 4,
            "eps": 0.1,
            "eps_growth_year": -90,
            "eps_4q": 2.61,
            "eps_4q_growth_year": -44.72,
            "roe": 0.78,
            "roe_4q": 16.759999999999998,
            "gross_profit": 200050,
            "gross_margin": 27.64,
            "gross_margin_4q_avg": 30.43,
            "net_income": 11761,
            "net_income_4q": null,
            "revenue": 723900,
            "revenue_4q": null,
            "common_shares": 1239605,
            "book_valuer_per_share": 11.94,
            "book_valuer_per_share_4q_avg": 14.4,
            "equity": 1479476,
            "current_ratio": 248.8,
            "debt_ratio": 37.32,
            "inventory_turnover_ratio": 1.56,
            "account_receivable_turnover_ratio": 3.35,
            "reinvestment_rate": 0.53,
            "research_to_sale_ratio": null,
            "price_fair": 106.93,
            "eps_avg_yearly": 4.01,
            "eps_latest_yearly": 0.4,
            "eps_growth_yearly": 16.67
        },
        "20091": {
            "year_quarter": 20091,
            "year": 2009,
            "quarter": 1,
            "eps": 0.7,
            "eps_growth_year": -27.08,
            "eps_4q": 2.46,
            "eps_4q_growth_year": -43.39,
            "roe": 5.12,
            "roe_4q": 16.48,
            "gross_profit": 155979,
            "gross_margin": 29.89,
            "gross_margin_4q_avg": 30.05,
            "net_income": 78391,
            "net_income_4q": null,
            "revenue": 521885,
            "revenue_4q": null,
            "common_shares": 1125366,
            "book_valuer_per_share": 14.07,
            "book_valuer_per_share_4q_avg": 13.41,
            "equity": 1583769,
            "current_ratio": 312.44,
            "debt_ratio": 29.4,
            "inventory_turnover_ratio": 1,
            "account_receivable_turnover_ratio": 1.43,
            "reinvestment_rate": 0.83,
            "research_to_sale_ratio": null,
            "price_fair": 142.89,
            "eps_avg_yearly": 4.08,
            "eps_latest_yearly": 2.8,
            "eps_growth_yearly": 182.75
        },
        "20092": {
            "year_quarter": 20092,
            "year": 2009,
            "quarter": 2,
            "eps": 0.49,
            "eps_growth_year": -36.36,
            "eps_4q": 2.14,
            "eps_4q_growth_year": -45.83,
            "roe": 3.53,
            "roe_4q": 15.39,
            "gross_profit": 174213,
            "gross_margin": 31.51,
            "gross_margin_4q_avg": 29.75,
            "net_income": 55705,
            "net_income_4q": null,
            "revenue": 552949,
            "revenue_4q": null,
            "common_shares": 1125365,
            "book_valuer_per_share": 13.96,
            "book_valuer_per_share_4q_avg": 13.05,
            "equity": 1571401,
            "current_ratio": 292.65,
            "debt_ratio": 31.5,
            "inventory_turnover_ratio": 1.14,
            "account_receivable_turnover_ratio": 1.68,
            "reinvestment_rate": 0.43,
            "research_to_sale_ratio": null,
            "price_fair": 135.01,
            "eps_avg_yearly": 3.86,
            "eps_latest_yearly": 1.96,
            "eps_growth_yearly": 115.5
        },
        "20093": {
            "year_quarter": 20093,
            "year": 2009,
            "quarter": 3,
            "eps": 0.73,
            "eps_growth_year": -7.59,
            "eps_4q": 2.03,
            "eps_4q_growth_year": -37.93,
            "roe": 4.92,
            "roe_4q": 14.35,
            "gross_profit": 170861,
            "gross_margin": 24.8,
            "gross_margin_4q_avg": 28.46,
            "net_income": 81993,
            "net_income_4q": null,
            "revenue": 689037,
            "revenue_4q": null,
            "common_shares": 1125366,
            "book_valuer_per_share": 15.12,
            "book_valuer_per_share_4q_avg": 13.77,
            "equity": 1764687,
            "current_ratio": 317.31,
            "debt_ratio": 28.7,
            "inventory_turnover_ratio": 1.69,
            "account_receivable_turnover_ratio": 1.66,
            "reinvestment_rate": -0.38,
            "research_to_sale_ratio": null,
            "price_fair": 131.08,
            "eps_avg_yearly": 3.75,
            "eps_latest_yearly": 2.92,
            "eps_growth_yearly": 131.52
        },
        "20094": {
            "year_quarter": 20094,
            "year": 2009,
            "quarter": 4,
            "eps": 0.14,
            "eps_growth_year": 40,
            "eps_4q": 2.06,
            "eps_4q_growth_year": -21.05,
            "roe": 0.73,
            "roe_4q": 14.3,
            "gross_profit": 157499,
            "gross_margin": 21.88,
            "gross_margin_4q_avg": 27.02,
            "net_income": 13238,
            "net_income_4q": null,
            "revenue": 719936,
            "revenue_4q": null,
            "common_shares": 1125365,
            "book_valuer_per_share": 15.54,
            "book_valuer_per_share_4q_avg": 14.67,
            "equity": 1871970,
            "current_ratio": 260.67,
            "debt_ratio": 34.99,
            "inventory_turnover_ratio": 1.69,
            "account_receivable_turnover_ratio": 2.49,
            "reinvestment_rate": 24.68,
            "research_to_sale_ratio": null,
            "price_fair": 124.69,
            "eps_avg_yearly": 3.56,
            "eps_latest_yearly": 0.56,
            "eps_growth_yearly": 117.88
        },
        "20101": {
            "year_quarter": 20101,
            "year": 2010,
            "quarter": 1,
            "eps": 0.6,
            "eps_growth_year": -14.29,
            "eps_4q": 1.96,
            "eps_4q_growth_year": -20.5,
            "roe": 3.07,
            "roe_4q": 12.249999999999998,
            "gross_profit": 188672,
            "gross_margin": 26.36,
            "gross_margin_4q_avg": 26.14,
            "net_income": 58723,
            "net_income_4q": null,
            "revenue": 715716,
            "revenue_4q": null,
            "common_shares": 1125366,
            "book_valuer_per_share": 16.34,
            "book_valuer_per_share_4q_avg": 15.24,
            "equity": 1952624,
            "current_ratio": 271.3,
            "debt_ratio": 33.33,
            "inventory_turnover_ratio": 1.25,
            "account_receivable_turnover_ratio": 1.3,
            "reinvestment_rate": 32.4,
            "research_to_sale_ratio": 11.89,
            "price_fair": 123.11,
            "eps_avg_yearly": 3.52,
            "eps_latest_yearly": 2.4,
            "eps_growth_yearly": 202.61
        },
        "20102": {
            "year_quarter": 20102,
            "year": 2010,
            "quarter": 2,
            "eps": 0.83,
            "eps_growth_year": 70.07,
            "eps_4q": 2.3,
            "eps_4q_growth_year": 7.3,
            "roe": 4.95,
            "roe_4q": 13.67,
            "gross_profit": 257617,
            "gross_margin": 19.52,
            "gross_margin_4q_avg": 23.14,
            "net_income": 94516,
            "net_income_4q": null,
            "revenue": 1319591,
            "revenue_4q": null,
            "common_shares": 1125365,
            "book_valuer_per_share": 15.56,
            "book_valuer_per_share_4q_avg": 15.64,
            "equity": 1866178,
            "current_ratio": 195.03,
            "debt_ratio": 46.55,
            "inventory_turnover_ratio": 2.16,
            "account_receivable_turnover_ratio": 1.79,
            "reinvestment_rate": 32.21,
            "research_to_sale_ratio": 6.7,
            "price_fair": 118.48,
            "eps_avg_yearly": 3.39,
            "eps_latest_yearly": 3.32,
            "eps_growth_yearly": 193.6
        },
        "20103": {
            "year_quarter": 20103,
            "year": 2010,
            "quarter": 3,
            "eps": 0.58,
            "eps_growth_year": -20.88,
            "eps_4q": 2.15,
            "eps_4q_growth_year": 5.81,
            "roe": 3.57,
            "roe_4q": 12.32,
            "gross_profit": 297554,
            "gross_margin": 34.72,
            "gross_margin_4q_avg": 25.62,
            "net_income": 67276,
            "net_income_4q": null,
            "revenue": 857054,
            "revenue_4q": null,
            "common_shares": 1125366,
            "book_valuer_per_share": 15.93,
            "book_valuer_per_share_4q_avg": 15.84,
            "equity": 1907067,
            "current_ratio": 218.99,
            "debt_ratio": 42.12,
            "inventory_turnover_ratio": 1.1,
            "account_receivable_turnover_ratio": 0.97,
            "reinvestment_rate": 32.72,
            "research_to_sale_ratio": 14.4,
            "price_fair": 111.21,
            "eps_avg_yearly": 3.18,
            "eps_latest_yearly": 2.32,
            "eps_growth_yearly": 185.16
        },
        "20104": {
            "year_quarter": 20104,
            "year": 2010,
            "quarter": 4,
            "eps": 0.26,
            "eps_growth_year": 82.31,
            "eps_4q": 2.26,
            "eps_4q_growth_year": 9.82,
            "roe": 1.64,
            "roe_4q": 13.23,
            "gross_profit": 234754,
            "gross_margin": 32.34,
            "gross_margin_4q_avg": 28.24,
            "net_income": 31534,
            "net_income_4q": null,
            "revenue": 725805,
            "revenue_4q": null,
            "common_shares": 1125365,
            "book_valuer_per_share": 16.27,
            "book_valuer_per_share_4q_avg": 16.03,
            "equity": 1939248,
            "current_ratio": 281.38,
            "debt_ratio": 32.73,
            "inventory_turnover_ratio": 0.95,
            "account_receivable_turnover_ratio": 1.08,
            "reinvestment_rate": 24.87,
            "research_to_sale_ratio": 15.33,
            "price_fair": 103.95,
            "eps_avg_yearly": 2.97,
            "eps_latest_yearly": 1.04,
            "eps_growth_yearly": 177.04
        },
        "20111": {
            "year_quarter": 20111,
            "year": 2011,
            "quarter": 1,
            "eps": -0.28,
            "eps_growth_year": -146.67,
            "eps_4q": 1.38,
            "eps_4q_growth_year": -29.46,
            "roe": -1.83,
            "roe_4q": 8.33,
            "gross_profit": 164258,
            "gross_margin": 25.75,
            "gross_margin_4q_avg": 28.08,
            "net_income": -34826,
            "net_income_4q": null,
            "revenue": 637990,
            "revenue_4q": null,
            "common_shares": 1125366,
            "book_valuer_per_share": 15.68,
            "book_valuer_per_share_4q_avg": 15.86,
            "equity": 1871319,
            "current_ratio": 310.52,
            "debt_ratio": 29.76,
            "inventory_turnover_ratio": 1.02,
            "account_receivable_turnover_ratio": 1.28,
            "reinvestment_rate": 31.66,
            "research_to_sale_ratio": 12.14,
            "price_fair": 99.12,
            "eps_avg_yearly": 2.83,
            "eps_latest_yearly": 1.04,
            "eps_growth_yearly": 184.68
        },
        "20112": {
            "year_quarter": 20112,
            "year": 2011,
            "quarter": 2,
            "eps": 0.06,
            "eps_growth_year": -93.36,
            "eps_4q": 0.6,
            "eps_4q_growth_year": -73.71,
            "roe": -0.1,
            "roe_4q": 3.2799999999999994,
            "gross_profit": 158544,
            "gross_margin": 26.51,
            "gross_margin_4q_avg": 29.83,
            "net_income": -1779,
            "net_income_4q": null,
            "revenue": 598059,
            "revenue_4q": null,
            "common_shares": 1125365,
            "book_valuer_per_share": 14.09,
            "book_valuer_per_share_4q_avg": 15.49,
            "equity": 1680933,
            "current_ratio": 232.58,
            "debt_ratio": 39.23,
            "inventory_turnover_ratio": 1.11,
            "account_receivable_turnover_ratio": 1.3,
            "reinvestment_rate": 34.33,
            "research_to_sale_ratio": 14.89,
            "price_fair": 93.1,
            "eps_avg_yearly": 2.66,
            "eps_latest_yearly": 1.04,
            "eps_growth_yearly": 196.74
        },
        "20113": {
            "year_quarter": 20113,
            "year": 2011,
            "quarter": 3,
            "eps": 0.37,
            "eps_growth_year": -35.18,
            "eps_4q": 0.4,
            "eps_4q_growth_year": -81.33,
            "roe": 2.46,
            "roe_4q": 2.17,
            "gross_profit": 202219,
            "gross_margin": 29.02,
            "gross_margin_4q_avg": 28.41,
            "net_income": 41561,
            "net_income_4q": null,
            "revenue": 696826,
            "revenue_4q": null,
            "common_shares": 1125366,
            "book_valuer_per_share": 14.2,
            "book_valuer_per_share_4q_avg": 15.06,
            "equity": 1697524,
            "current_ratio": 214.53,
            "debt_ratio": 36.86,
            "inventory_turnover_ratio": 1.19,
            "account_receivable_turnover_ratio": 1.4,
            "reinvestment_rate": 72.72,
            "research_to_sale_ratio": 10.78,
            "price_fair": 83.2,
            "eps_avg_yearly": 2.38,
            "eps_latest_yearly": 1.48,
            "eps_growth_yearly": 343.27
        },
        "20114": {
            "year_quarter": 20114,
            "year": 2011,
            "quarter": 4,
            "eps": -0.07,
            "eps_growth_year": -128.91,
            "eps_4q": 0.07,
            "eps_4q_growth_year": -96.83,
            "roe": -0.6,
            "roe_4q": -0.07000000000000028,
            "gross_profit": 163780,
            "gross_margin": 19.85,
            "gross_margin_4q_avg": 25.28,
            "net_income": -9858,
            "net_income_4q": null,
            "revenue": 825076,
            "revenue_4q": null,
            "common_shares": 1125365,
            "book_valuer_per_share": 13.14,
            "book_valuer_per_share_4q_avg": 14.28,
            "equity": 1575863,
            "current_ratio": 185.5,
            "debt_ratio": 42.98,
            "inventory_turnover_ratio": 1.33,
            "account_receivable_turnover_ratio": 1.4,
            "reinvestment_rate": 76.77,
            "research_to_sale_ratio": 7.14,
            "price_fair": 78.83,
            "eps_avg_yearly": 2.25,
            "eps_latest_yearly": 1.48,
            "eps_growth_yearly": 377.82
        },
        "20121": {
            "year_quarter": 20121,
            "year": 2012,
            "quarter": 1,
            "eps": 0.04,
            "eps_growth_year": null,
            "eps_4q": 0.39,
            "eps_4q_growth_year": -71.66,
            "roe": -0.25,
            "roe_4q": 1.5099999999999998,
            "gross_profit": 112435,
            "gross_margin": 15.58,
            "gross_margin_4q_avg": 22.74,
            "net_income": -3968,
            "net_income_4q": null,
            "revenue": 721675,
            "revenue_4q": null,
            "common_shares": 1125366,
            "book_valuer_per_share": 13.92,
            "book_valuer_per_share_4q_avg": 13.84,
            "equity": 1653139,
            "current_ratio": 193.79,
            "debt_ratio": 39.38,
            "inventory_turnover_ratio": 1.1,
            "account_receivable_turnover_ratio": 1.21,
            "reinvestment_rate": 96.49,
            "research_to_sale_ratio": 12.5,
            "price_fair": 74.2,
            "eps_avg_yearly": 2.12,
            "eps_latest_yearly": 1.48,
            "eps_growth_yearly": 410.63
        },
        "20122": {
            "year_quarter": 20122,
            "year": 2012,
            "quarter": 2,
            "eps": -0.12,
            "eps_growth_year": -311.3,
            "eps_4q": 0.22,
            "eps_4q_growth_year": -63.68,
            "roe": -1,
            "roe_4q": 0.6099999999999999,
            "gross_profit": 249637,
            "gross_margin": 23.37,
            "gross_margin_4q_avg": 21.96,
            "net_income": -15867,
            "net_income_4q": null,
            "revenue": 1068048,
            "revenue_4q": null,
            "common_shares": 1125365,
            "book_valuer_per_share": 12.72,
            "book_valuer_per_share_4q_avg": 13.5,
            "equity": 1516512,
            "current_ratio": 165.07,
            "debt_ratio": 45.84,
            "inventory_turnover_ratio": 1.53,
            "account_receivable_turnover_ratio": 1.53,
            "reinvestment_rate": 118.05,
            "research_to_sale_ratio": 15.15,
            "price_fair": 71.15,
            "eps_avg_yearly": 2.03,
            "eps_latest_yearly": 1.48,
            "eps_growth_yearly": 455.16
        },
        "20123": {
            "year_quarter": 20123,
            "year": 2012,
            "quarter": 3,
            "eps": 0.38,
            "eps_growth_year": 1.7,
            "eps_4q": 0.23,
            "eps_4q_growth_year": -43.69,
            "roe": 2.93,
            "roe_4q": 1.08,
            "gross_profit": 190439,
            "gross_margin": 19.79,
            "gross_margin_4q_avg": 19.65,
            "net_income": 44568,
            "net_income_4q": null,
            "revenue": 962114,
            "revenue_4q": null,
            "common_shares": 1125366,
            "book_valuer_per_share": 12.84,
            "book_valuer_per_share_4q_avg": 13.16,
            "equity": 1530102,
            "current_ratio": 173.28,
            "debt_ratio": 44.37,
            "inventory_turnover_ratio": 1.57,
            "account_receivable_turnover_ratio": 1.19,
            "reinvestment_rate": 123.7,
            "research_to_sale_ratio": 10.19,
            "price_fair": 67.2,
            "eps_avg_yearly": 1.92,
            "eps_latest_yearly": 1.48,
            "eps_growth_yearly": 499.64
        },
        "20124": {
            "year_quarter": 20124,
            "year": 2012,
            "quarter": 4,
            "eps": 0.26,
            "eps_growth_year": null,
            "eps_4q": 0.56,
            "eps_4q_growth_year": 684.99,
            "roe": 2.31,
            "roe_4q": 3.99,
            "gross_profit": 162072,
            "gross_margin": 25.16,
            "gross_margin_4q_avg": 20.98,
            "net_income": 35425,
            "net_income_4q": null,
            "revenue": 644121,
            "revenue_4q": null,
            "common_shares": 1125365,
            "book_valuer_per_share": 12.81,
            "book_valuer_per_share_4q_avg": 13.07,
            "equity": 1531021,
            "current_ratio": 228.28,
            "debt_ratio": 32.34,
            "inventory_turnover_ratio": 1.09,
            "account_receivable_turnover_ratio": 1.05,
            "reinvestment_rate": 124.6,
            "research_to_sale_ratio": 7.23,
            "price_fair": 69.44,
            "eps_avg_yearly": 1.98,
            "eps_latest_yearly": 1.04,
            "eps_growth_yearly": 521.94
        },
        "20131": {
            "year_quarter": 20131,
            "year": 2013,
            "quarter": 1,
            "eps": -0.28,
            "eps_growth_year": -800,
            "eps_4q": 0.25,
            "eps_4q_growth_year": -35.96,
            "roe": -2.09,
            "roe_4q": 2.1500000000000004,
            "gross_profit": 96971,
            "gross_margin": 15.41,
            "gross_margin_4q_avg": 20.93,
            "net_income": -32008,
            "net_income_4q": null,
            "revenue": 629184,
            "revenue_4q": null,
            "common_shares": 1125365,
            "book_valuer_per_share": 12.8,
            "book_valuer_per_share_4q_avg": 12.79,
            "equity": 1531399,
            "current_ratio": 195.8,
            "debt_ratio": 37.66,
            "inventory_turnover_ratio": 1.36,
            "account_receivable_turnover_ratio": 1.39,
            "reinvestment_rate": 140.6,
            "research_to_sale_ratio": 11.26,
            "price_fair": 66.27,
            "eps_avg_yearly": 1.89,
            "eps_latest_yearly": 1.04,
            "eps_growth_yearly": 313.27
        },
        "20132": {
            "year_quarter": 20132,
            "year": 2013,
            "quarter": 2,
            "eps": -0.07,
            "eps_growth_year": null,
            "eps_4q": 0.3,
            "eps_4q_growth_year": 34.97,
            "roe": -0.85,
            "roe_4q": 2.3000000000000003,
            "gross_profit": 145523,
            "gross_margin": 20.84,
            "gross_margin_4q_avg": 20.3,
            "net_income": -13207,
            "net_income_4q": null,
            "revenue": 698411,
            "revenue_4q": null,
            "common_shares": 1125365,
            "book_valuer_per_share": 13.21,
            "book_valuer_per_share_4q_avg": 12.92,
            "equity": 1571179,
            "current_ratio": 182.56,
            "debt_ratio": 39.34,
            "inventory_turnover_ratio": 1.34,
            "account_receivable_turnover_ratio": 1.49,
            "reinvestment_rate": 182.66,
            "research_to_sale_ratio": 9.79,
            "price_fair": 65.98,
            "eps_avg_yearly": 1.89,
            "eps_latest_yearly": 1.04,
            "eps_growth_yearly": 367.43
        },
        "20133": {
            "year_quarter": 20133,
            "year": 2013,
            "quarter": 3,
            "eps": 0.48,
            "eps_growth_year": 26.06,
            "eps_4q": 0.39,
            "eps_4q_growth_year": 74.62,
            "roe": 2.35,
            "roe_4q": 1.7200000000000002,
            "gross_profit": 161235,
            "gross_margin": 17.27,
            "gross_margin_4q_avg": 19.67,
            "net_income": 38405,
            "net_income_4q": null,
            "revenue": 933778,
            "revenue_4q": null,
            "common_shares": 1125365,
            "book_valuer_per_share": 14.49,
            "book_valuer_per_share_4q_avg": 13.33,
            "equity": 1698997,
            "current_ratio": 172.26,
            "debt_ratio": 41.34,
            "inventory_turnover_ratio": 1.83,
            "account_receivable_turnover_ratio": 1.54,
            "reinvestment_rate": 226.75,
            "research_to_sale_ratio": 6.06,
            "price_fair": 60.8,
            "eps_avg_yearly": 1.74,
            "eps_latest_yearly": 1.04,
            "eps_growth_yearly": 391.93
        },
        "20134": {
            "year_quarter": 20134,
            "year": 2013,
            "quarter": 4,
            "eps": 0.49,
            "eps_growth_year": 85.18,
            "eps_4q": 0.62,
            "eps_4q_growth_year": 9.85,
            "roe": 2.87,
            "roe_4q": 2.280000000000001,
            "gross_profit": 182218,
            "gross_margin": 21.99,
            "gross_margin_4q_avg": 18.88,
            "net_income": 51871,
            "net_income_4q": null,
            "revenue": 828804,
            "revenue_4q": null,
            "common_shares": 1125365,
            "book_valuer_per_share": 16.45,
            "book_valuer_per_share_4q_avg": 14.24,
            "equity": 1915867,
            "current_ratio": 192.03,
            "debt_ratio": 35.24,
            "inventory_turnover_ratio": 1.85,
            "account_receivable_turnover_ratio": 1.28,
            "reinvestment_rate": 123.63,
            "research_to_sale_ratio": 10.89,
            "price_fair": 67.8,
            "eps_avg_yearly": 1.94,
            "eps_latest_yearly": 1.96,
            "eps_growth_yearly": 439.3
        },
        "20141": {
            "year_quarter": 20141,
            "year": 2014,
            "quarter": 1,
            "eps": 0.44,
            "eps_growth_year": null,
            "eps_4q": 1.34,
            "eps_4q_growth_year": 434.35,
            "roe": 2.54,
            "roe_4q": 6.91,
            "gross_profit": 148206,
            "gross_margin": 25.03,
            "gross_margin_4q_avg": 21.28,
            "net_income": 49973,
            "net_income_4q": null,
            "revenue": 592188,
            "revenue_4q": null,
            "common_shares": 1125365,
            "book_valuer_per_share": 17.38,
            "book_valuer_per_share_4q_avg": 15.38,
            "equity": 2023644,
            "current_ratio": 211.89,
            "debt_ratio": 31.42,
            "inventory_turnover_ratio": 1.53,
            "account_receivable_turnover_ratio": 1.17,
            "reinvestment_rate": 142.59,
            "research_to_sale_ratio": 9.58,
            "price_fair": 64.6,
            "eps_avg_yearly": 1.85,
            "eps_latest_yearly": 1.76,
            "eps_growth_yearly": 245.72
        },
        "20142": {
            "year_quarter": 20142,
            "year": 2014,
            "quarter": 2,
            "eps": 0.32,
            "eps_growth_year": null,
            "eps_4q": 1.73,
            "eps_4q_growth_year": 483.36,
            "roe": 1.78,
            "roe_4q": 9.540000000000001,
            "gross_profit": 174142,
            "gross_margin": 22.11,
            "gross_margin_4q_avg": 21.6,
            "net_income": 35489,
            "net_income_4q": null,
            "revenue": 787607,
            "revenue_4q": null,
            "common_shares": 1125365,
            "book_valuer_per_share": 16.79,
            "book_valuer_per_share_4q_avg": 16.28,
            "equity": 1956617,
            "current_ratio": 180.5,
            "debt_ratio": 38.31,
            "inventory_turnover_ratio": 2.46,
            "account_receivable_turnover_ratio": 1.52,
            "reinvestment_rate": 164.44,
            "research_to_sale_ratio": 6.47,
            "price_fair": 54.4,
            "eps_avg_yearly": 1.55,
            "eps_latest_yearly": 1.28,
            "eps_growth_yearly": 208.23
        },
        "20143": {
            "year_quarter": 20143,
            "year": 2014,
            "quarter": 3,
            "eps": 0.44,
            "eps_growth_year": -8.33,
            "eps_4q": 1.69,
            "eps_4q_growth_year": 328.82,
            "roe": 2.25,
            "roe_4q": 9.440000000000001,
            "gross_profit": 148425,
            "gross_margin": 23.55,
            "gross_margin_4q_avg": 23.17,
            "net_income": 43937,
            "net_income_4q": null,
            "revenue": 630342,
            "revenue_4q": null,
            "common_shares": 1125365,
            "book_valuer_per_share": 16.83,
            "book_valuer_per_share_4q_avg": 16.86,
            "equity": 1955102,
            "current_ratio": 210.03,
            "debt_ratio": 32.82,
            "inventory_turnover_ratio": 2.1,
            "account_receivable_turnover_ratio": 1.17,
            "reinvestment_rate": 166.3,
            "research_to_sale_ratio": 9.77,
            "price_fair": 51.6,
            "eps_avg_yearly": 1.47,
            "eps_latest_yearly": 1.76,
            "eps_growth_yearly": 246.87
        },
        "20144": {
            "year_quarter": 20144,
            "year": 2014,
            "quarter": 4,
            "eps": 0.09,
            "eps_growth_year": -82.25,
            "eps_4q": 1.29,
            "eps_4q_growth_year": 108.07,
            "roe": 0.48,
            "roe_4q": 7.05,
            "gross_profit": 134377,
            "gross_margin": 24.63,
            "gross_margin_4q_avg": 23.83,
            "net_income": 9353,
            "net_income_4q": null,
            "revenue": 545685,
            "revenue_4q": null,
            "common_shares": 1125365,
            "book_valuer_per_share": 16.66,
            "book_valuer_per_share_4q_avg": 16.92,
            "equity": 1939234,
            "current_ratio": 226,
            "debt_ratio": 30.76,
            "inventory_turnover_ratio": 2.08,
            "account_receivable_turnover_ratio": 1.2,
            "reinvestment_rate": 181.21,
            "research_to_sale_ratio": 10.18,
            "price_fair": 48.2,
            "eps_avg_yearly": 1.38,
            "eps_latest_yearly": 0.36,
            "eps_growth_yearly": 232.94
        },
        "20151": {
            "year_quarter": 20151,
            "year": 2015,
            "quarter": 1,
            "eps": 0.09,
            "eps_growth_year": -79.55,
            "eps_4q": 0.93,
            "eps_4q_growth_year": -30.31,
            "roe": 0.52,
            "roe_4q": 5.03,
            "gross_profit": 109024,
            "gross_margin": 26.04,
            "gross_margin_4q_avg": 24.08,
            "net_income": 10127,
            "net_income_4q": null,
            "revenue": 418599,
            "revenue_4q": null,
            "common_shares": 1125365,
            "book_valuer_per_share": 17.09,
            "book_valuer_per_share_4q_avg": 16.84,
            "equity": 1989989,
            "current_ratio": 230.18,
            "debt_ratio": 29.89,
            "inventory_turnover_ratio": 1.48,
            "account_receivable_turnover_ratio": 1.11,
            "reinvestment_rate": 185.62,
            "research_to_sale_ratio": 11.88,
            "price_fair": 43.75,
            "eps_avg_yearly": 1.25,
            "eps_latest_yearly": 0.36,
            "eps_growth_yearly": 203.82
        },
        "20152": {
            "year_quarter": 20152,
            "year": 2015,
            "quarter": 2,
            "eps": 0.31,
            "eps_growth_year": -3.12,
            "eps_4q": 0.92,
            "eps_4q_growth_year": -46.5,
            "roe": 1.82,
            "roe_4q": 5.07,
            "gross_profit": 187361,
            "gross_margin": 25.96,
            "gross_margin_4q_avg": 25.05,
            "net_income": 34376,
            "net_income_4q": null,
            "revenue": 721772,
            "revenue_4q": null,
            "common_shares": 1125365,
            "book_valuer_per_share": 15.22,
            "book_valuer_per_share_4q_avg": 16.45,
            "equity": 1779598,
            "current_ratio": 195.62,
            "debt_ratio": 36.84,
            "inventory_turnover_ratio": 2.24,
            "account_receivable_turnover_ratio": 1.62,
            "reinvestment_rate": 138.48,
            "research_to_sale_ratio": 7.65,
            "price_fair": 43.71,
            "eps_avg_yearly": 1.25,
            "eps_latest_yearly": 1.24,
            "eps_growth_yearly": 289.82
        },
        "20153": {
            "year_quarter": 20153,
            "year": 2015,
            "quarter": 3,
            "eps": 1.11,
            "eps_growth_year": 152.27,
            "eps_4q": 1.59,
            "eps_4q_growth_year": -5.64,
            "roe": 6.89,
            "roe_4q": 9.709999999999999,
            "gross_profit": 172962,
            "gross_margin": 24.4,
            "gross_margin_4q_avg": 25.26,
            "net_income": 125202,
            "net_income_4q": null,
            "revenue": 708872,
            "revenue_4q": null,
            "common_shares": 1125365,
            "book_valuer_per_share": 15.86,
            "book_valuer_per_share_4q_avg": 16.21,
            "equity": 1853614,
            "current_ratio": 213.7,
            "debt_ratio": 35.25,
            "inventory_turnover_ratio": 2.56,
            "account_receivable_turnover_ratio": 1.2,
            "reinvestment_rate": 29.13,
            "research_to_sale_ratio": 9.73,
            "price_fair": 55.22,
            "eps_avg_yearly": 1.58,
            "eps_latest_yearly": 4.44,
            "eps_growth_yearly": 174.88
        },
        "20154": {
            "year_quarter": 20154,
            "year": 2015,
            "quarter": 4,
            "eps": 0.11,
            "eps_growth_year": 24.1,
            "eps_4q": 1.62,
            "eps_4q_growth_year": 25.44,
            "roe": 0.65,
            "roe_4q": 9.879999999999999,
            "gross_profit": 154723,
            "gross_margin": 22.83,
            "gross_margin_4q_avg": 24.81,
            "net_income": 12121,
            "net_income_4q": null,
            "revenue": 677820,
            "revenue_4q": null,
            "common_shares": 1125365,
            "book_valuer_per_share": 15.98,
            "book_valuer_per_share_4q_avg": 16.04,
            "equity": 1867224,
            "current_ratio": 207.85,
            "debt_ratio": 36.41,
            "inventory_turnover_ratio": 2.54,
            "account_receivable_turnover_ratio": 1.16,
            "reinvestment_rate": 23.08,
            "research_to_sale_ratio": 9.43,
            "price_fair": 51.24,
            "eps_avg_yearly": 1.46,
            "eps_latest_yearly": 0.44,
            "eps_growth_yearly": 121.36
        },
        "20161": {
            "year_quarter": 20161,
            "year": 2016,
            "quarter": 1,
            "eps": 0.18,
            "eps_growth_year": 100,
            "eps_4q": 1.71,
            "eps_4q_growth_year": 82.57,
            "roe": 1.07,
            "roe_4q": 10.43,
            "gross_profit": 146019,
            "gross_margin": 26.02,
            "gross_margin_4q_avg": 24.8,
            "net_income": 20190,
            "net_income_4q": null,
            "revenue": 561071,
            "revenue_4q": null,
            "common_shares": 1125365,
            "book_valuer_per_share": 16.3,
            "book_valuer_per_share_4q_avg": 15.84,
            "equity": 1902678,
            "current_ratio": 231.29,
            "debt_ratio": 32.09,
            "inventory_turnover_ratio": 2.05,
            "account_receivable_turnover_ratio": 1.12,
            "reinvestment_rate": 17.61,
            "research_to_sale_ratio": 9.5,
            "price_fair": 48.87,
            "eps_avg_yearly": 1.4,
            "eps_latest_yearly": 0.72,
            "eps_growth_yearly": 133.47
        },
        "20162": {
            "year_quarter": 20162,
            "year": 2016,
            "quarter": 2,
            "eps": 0.21,
            "eps_growth_year": -32.26,
            "eps_4q": 1.61,
            "eps_4q_growth_year": 73.78,
            "roe": 1.29,
            "roe_4q": 9.9,
            "gross_profit": 164200,
            "gross_margin": 27.35,
            "gross_margin_4q_avg": 25.15,
            "net_income": 23201,
            "net_income_4q": null,
            "revenue": 600312,
            "revenue_4q": null,
            "common_shares": 1125365,
            "book_valuer_per_share": 14.38,
            "book_valuer_per_share_4q_avg": 15.63,
            "equity": 1686526,
            "current_ratio": 199.46,
            "debt_ratio": 36.48,
            "inventory_turnover_ratio": 2.53,
            "account_receivable_turnover_ratio": 1.31,
            "reinvestment_rate": -8.96,
            "research_to_sale_ratio": 8.73,
            "price_fair": 47.25,
            "eps_avg_yearly": 1.35,
            "eps_latest_yearly": 0.84,
            "eps_growth_yearly": 127.9
        },
        "20163": {
            "year_quarter": 20163,
            "year": 2016,
            "quarter": 3,
            "eps": 0.89,
            "eps_growth_year": -19.82,
            "eps_4q": 1.39,
            "eps_4q_growth_year": -13.03,
            "roe": 5.77,
            "roe_4q": 8.78,
            "gross_profit": 187221,
            "gross_margin": 28.74,
            "gross_margin_4q_avg": 26.24,
            "net_income": 100577,
            "net_income_4q": null,
            "revenue": 651505,
            "revenue_4q": null,
            "common_shares": 1125365,
            "book_valuer_per_share": 15.41,
            "book_valuer_per_share_4q_avg": 15.52,
            "equity": 1800771,
            "current_ratio": 212.75,
            "debt_ratio": 34.48,
            "inventory_turnover_ratio": 2.99,
            "account_receivable_turnover_ratio": 1.25,
            "reinvestment_rate": 1.57,
            "research_to_sale_ratio": 9.02,
            "price_fair": 53.2,
            "eps_avg_yearly": 1.52,
            "eps_latest_yearly": 3.56,
            "eps_growth_yearly": 217.7
        },
        "20164": {
            "year_quarter": 20164,
            "year": 2016,
            "quarter": 4,
            "eps": 0.31,
            "eps_growth_year": 189,
            "eps_4q": 1.59,
            "eps_4q_growth_year": -1.56,
            "roe": 1.91,
            "roe_4q": 10.04,
            "gross_profit": 164546,
            "gross_margin": 26.83,
            "gross_margin_4q_avg": 27.24,
            "net_income": 35029,
            "net_income_4q": null,
            "revenue": 613346,
            "revenue_4q": null,
            "common_shares": 1125365,
            "book_valuer_per_share": 15.93,
            "book_valuer_per_share_4q_avg": 15.51,
            "equity": 1861281,
            "current_ratio": 220.12,
            "debt_ratio": 33.31,
            "inventory_turnover_ratio": 3.08,
            "account_receivable_turnover_ratio": 1.09,
            "reinvestment_rate": 0.99,
            "research_to_sale_ratio": 10.35,
            "price_fair": 53.74,
            "eps_avg_yearly": 1.54,
            "eps_latest_yearly": 1.24,
            "eps_growth_yearly": 207.36
        },
        "20171": {
            "year_quarter": 20171,
            "year": 2017,
            "quarter": 1,
            "eps": 0.21,
            "eps_growth_year": 16.67,
            "eps_4q": 1.62,
            "eps_4q_growth_year": -4.91,
            "roe": 1.25,
            "roe_4q": 10.219999999999999,
            "gross_profit": 156864,
            "gross_margin": 29.09,
            "gross_margin_4q_avg": 28,
            "net_income": 23663,
            "net_income_4q": null,
            "revenue": 539281,
            "revenue_4q": null,
            "common_shares": 1125365,
            "book_valuer_per_share": 16.6,
            "book_valuer_per_share_4q_avg": 15.58,
            "equity": 1932978,
            "current_ratio": 235.67,
            "debt_ratio": 30.15,
            "inventory_turnover_ratio": 2.9,
            "account_receivable_turnover_ratio": 1.06,
            "reinvestment_rate": 20.83,
            "research_to_sale_ratio": 9.03,
            "price_fair": 52,
            "eps_avg_yearly": 1.49,
            "eps_latest_yearly": 0.84,
            "eps_growth_yearly": 183.33
        },
        "20172": {
            "year_quarter": 20172,
            "year": 2017,
            "quarter": 2,
            "eps": 0.51,
            "eps_growth_year": 142.86,
            "eps_4q": 1.93,
            "eps_4q_growth_year": 20.02,
            "roe": 3.1,
            "roe_4q": 12.03,
            "gross_profit": 145973,
            "gross_margin": 27.12,
            "gross_margin_4q_avg": 27.95,
            "net_income": 57623,
            "net_income_4q": null,
            "revenue": 538254,
            "revenue_4q": null,
            "common_shares": 1125365,
            "book_valuer_per_share": 15.9,
            "book_valuer_per_share_4q_avg": 15.96,
            "equity": 1789144,
            "current_ratio": 200.32,
            "debt_ratio": 35.11,
            "inventory_turnover_ratio": 2.98,
            "account_receivable_turnover_ratio": 1.15,
            "reinvestment_rate": 9.7,
            "research_to_sale_ratio": 8.65,
            "price_fair": 53.29,
            "eps_avg_yearly": 1.52,
            "eps_latest_yearly": 2.04,
            "eps_growth_yearly": 209.21
        },
        "20173": {
            "year_quarter": 20173,
            "year": 2017,
            "quarter": 3,
            "eps": 0.93,
            "eps_growth_year": 4.49,
            "eps_4q": 1.96,
            "eps_4q_growth_year": 41.14,
            "roe": 5.64,
            "roe_4q": 11.9,
            "gross_profit": 167090,
            "gross_margin": 24.92,
            "gross_margin_4q_avg": 26.99,
            "net_income": 103990,
            "net_income_4q": null,
            "revenue": 670575,
            "revenue_4q": null,
            "common_shares": 1125365,
            "book_valuer_per_share": 16.86,
            "book_valuer_per_share_4q_avg": 16.32,
            "equity": 1897586,
            "current_ratio": 219.5,
            "debt_ratio": 32.23,
            "inventory_turnover_ratio": 3.83,
            "account_receivable_turnover_ratio": 1.44,
            "reinvestment_rate": -3.84,
            "research_to_sale_ratio": 7.81,
            "price_fair": 58.1,
            "eps_avg_yearly": 1.66,
            "eps_latest_yearly": 3.72,
            "eps_growth_yearly": 216.72
        },
        "20174": {
            "year_quarter": 20174,
            "year": 2017,
            "quarter": 4,
            "eps": 0.32,
            "eps_growth_year": 1.34,
            "eps_4q": 1.96,
            "eps_4q_growth_year": 23.34,
            "roe": 1.84,
            "roe_4q": 11.83,
            "gross_profit": 140627,
            "gross_margin": 23.19,
            "gross_margin_4q_avg": 26.08,
            "net_income": 35497,
            "net_income_4q": null,
            "revenue": 606304,
            "revenue_4q": null,
            "common_shares": 1125365,
            "book_valuer_per_share": 17.35,
            "book_valuer_per_share_4q_avg": 16.68,
            "equity": 1952563,
            "current_ratio": 225.36,
            "debt_ratio": 30.79,
            "inventory_turnover_ratio": 3.48,
            "account_receivable_turnover_ratio": 1.17,
            "reinvestment_rate": -25.14,
            "research_to_sale_ratio": 8.43,
            "price_fair": 56.61,
            "eps_avg_yearly": 1.62,
            "eps_latest_yearly": 1.28,
            "eps_growth_yearly": 199.8
        },
        "20181": {
            "year_quarter": 20181,
            "year": 2018,
            "quarter": 1,
            "eps": 0.3,
            "eps_growth_year": 42.86,
            "eps_4q": 2.05,
            "eps_4q_growth_year": 26.62,
            "roe": 1.71,
            "roe_4q": 12.29,
            "gross_profit": 129777,
            "gross_margin": 28.12,
            "gross_margin_4q_avg": 25.84,
            "net_income": 33939,
            "net_income_4q": null,
            "revenue": 461507,
            "revenue_4q": null,
            "common_shares": 1125365,
            "book_valuer_per_share": 17.93,
            "book_valuer_per_share_4q_avg": 17.01,
            "equity": 2017655,
            "current_ratio": 255.54,
            "debt_ratio": 23.82,
            "inventory_turnover_ratio": 2.52,
            "account_receivable_turnover_ratio": 1.1,
            "reinvestment_rate": -152.95,
            "research_to_sale_ratio": 8.91,
            "price_fair": 55.39,
            "eps_avg_yearly": 1.58,
            "eps_latest_yearly": 1.2,
            "eps_growth_yearly": 200.79
        },
        "20182": {
            "year_quarter": 20182,
            "year": 2018,
            "quarter": 2,
            "eps": 0.08,
            "eps_growth_year": -84.31,
            "eps_4q": 1.62,
            "eps_4q_growth_year": -15.77,
            "roe": 0.48,
            "roe_4q": 9.67,
            "gross_profit": 109432,
            "gross_margin": 21.34,
            "gross_margin_4q_avg": 24.39,
            "net_income": 9256,
            "net_income_4q": null,
            "revenue": 512815,
            "revenue_4q": null,
            "common_shares": 1125365,
            "book_valuer_per_share": 16.08,
            "book_valuer_per_share_4q_avg": 17.06,
            "equity": 1809478,
            "current_ratio": 190.07,
            "debt_ratio": 32.67,
            "inventory_turnover_ratio": 3,
            "account_receivable_turnover_ratio": 1.36,
            "reinvestment_rate": -152.21,
            "research_to_sale_ratio": 7.81,
            "price_fair": 53.29,
            "eps_avg_yearly": 1.52,
            "eps_latest_yearly": 0.32,
            "eps_growth_yearly": 189.27
        },
        "20183": {
            "year_quarter": 20183,
            "year": 2018,
            "quarter": 3,
            "eps": 0.74,
            "eps_growth_year": -20.43,
            "eps_4q": 1.44,
            "eps_4q_growth_year": -26.48,
            "roe": 4.63,
            "roe_4q": 8.66,
            "gross_profit": 127095,
            "gross_margin": 21.32,
            "gross_margin_4q_avg": 23.49,
            "net_income": 83281,
            "net_income_4q": null,
            "revenue": 596260,
            "revenue_4q": null,
            "common_shares": 1125365,
            "book_valuer_per_share": 15.86,
            "book_valuer_per_share_4q_avg": 16.81,
            "equity": 1784540,
            "current_ratio": 204.8,
            "debt_ratio": 31.04,
            "inventory_turnover_ratio": 3.31,
            "account_receivable_turnover_ratio": 1.11,
            "reinvestment_rate": -134.05,
            "research_to_sale_ratio": 8.36,
            "price_fair": 55.91,
            "eps_avg_yearly": 1.6,
            "eps_latest_yearly": 2.96,
            "eps_growth_yearly": 386.15
        },
        "20184": {
            "year_quarter": 20184,
            "year": 2018,
            "quarter": 4,
            "eps": 0.3,
            "eps_growth_year": -4.2,
            "eps_4q": 1.43,
            "eps_4q_growth_year": -27.31,
            "roe": 1.93,
            "roe_4q": 8.75,
            "gross_profit": 131925,
            "gross_margin": 22.3,
            "gross_margin_4q_avg": 23.27,
            "net_income": 34007,
            "net_income_4q": null,
            "revenue": 591535,
            "revenue_4q": null,
            "common_shares": 1125365,
            "book_valuer_per_share": 15.52,
            "book_valuer_per_share_4q_avg": 16.35,
            "equity": 1746814,
            "current_ratio": 202.54,
            "debt_ratio": 30.52,
            "inventory_turnover_ratio": 3.23,
            "account_receivable_turnover_ratio": 1.05,
            "reinvestment_rate": -125.44,
            "research_to_sale_ratio": 6.7,
            "price_fair": 57.75,
            "eps_avg_yearly": 1.65,
            "eps_latest_yearly": 1.2,
            "eps_growth_yearly": 391.17
        },
        "20191": {
            "year_quarter": 20191,
            "year": 2019,
            "quarter": 1,
            "eps": -0.09,
            "eps_growth_year": -130,
            "eps_4q": 1.03,
            "eps_4q_growth_year": -49.78,
            "roe": -0.59,
            "roe_4q": 6.449999999999999,
            "gross_profit": 75441,
            "gross_margin": 19.21,
            "gross_margin_4q_avg": 21.04,
            "net_income": -10501,
            "net_income_4q": null,
            "revenue": 392711,
            "revenue_4q": null,
            "common_shares": 1125365,
            "book_valuer_per_share": 16.36,
            "book_valuer_per_share_4q_avg": 15.96,
            "equity": 1841020,
            "current_ratio": 206.82,
            "debt_ratio": 27.7,
            "inventory_turnover_ratio": 2.28,
            "account_receivable_turnover_ratio": 0.85,
            "reinvestment_rate": -128.95,
            "research_to_sale_ratio": 8.97,
            "price_fair": 60.76,
            "eps_avg_yearly": 1.74,
            "eps_latest_yearly": 1.2,
            "eps_growth_yearly": 417.25
        },
        "20192": {
            "year_quarter": 20192,
            "year": 2019,
            "quarter": 2,
            "eps": 0.1,
            "eps_growth_year": 25,
            "eps_4q": 1.05,
            "eps_4q_growth_year": -35.18,
            "roe": 0.65,
            "roe_4q": 6.62,
            "gross_profit": 98963,
            "gross_margin": 22.56,
            "gross_margin_4q_avg": 21.35,
            "net_income": 11634,
            "net_income_4q": null,
            "revenue": 438735,
            "revenue_4q": null,
            "common_shares": 1125365,
            "book_valuer_per_share": 15.47,
            "book_valuer_per_share_4q_avg": 15.8,
            "equity": 1741372,
            "current_ratio": 184.91,
            "debt_ratio": 30.25,
            "inventory_turnover_ratio": 2.62,
            "account_receivable_turnover_ratio": 1.16,
            "reinvestment_rate": -114.16,
            "research_to_sale_ratio": 8.02,
            "price_fair": 62,
            "eps_avg_yearly": 1.77,
            "eps_latest_yearly": 1.2,
            "eps_growth_yearly": 377.21
        },
        "20193": {
            "year_quarter": 20193,
            "year": 2019,
            "quarter": 3,
            "eps": 0.62,
            "eps_growth_year": -16.22,
            "eps_4q": 0.93,
            "eps_4q_growth_year": -35.51,
            "roe": 3.94,
            "roe_4q": 5.93,
            "gross_profit": 101571,
            "gross_margin": 20.82,
            "gross_margin_4q_avg": 21.22,
            "net_income": 69312,
            "net_income_4q": null,
            "revenue": 487950,
            "revenue_4q": null,
            "common_shares": 1125365,
            "book_valuer_per_share": 15.83,
            "book_valuer_per_share_4q_avg": 15.8,
            "equity": 1781416,
            "current_ratio": 195.64,
            "debt_ratio": 28.78,
            "inventory_turnover_ratio": 2.76,
            "account_receivable_turnover_ratio": 1.16,
            "reinvestment_rate": -116.46,
            "research_to_sale_ratio": 7.96,
            "price_fair": 57.1,
            "eps_avg_yearly": 1.63,
            "eps_latest_yearly": 2.48,
            "eps_growth_yearly": 452.05
        },
        "20194": {
            "year_quarter": 20194,
            "year": 2019,
            "quarter": 4,
            "eps": -0.19,
            "eps_growth_year": -161.48,
            "eps_4q": 0.44,
            "eps_4q_growth_year": -69.13,
            "roe": -1.17,
            "roe_4q": 2.83,
            "gross_profit": 78432,
            "gross_margin": 17.42,
            "gross_margin_4q_avg": 20,
            "net_income": -20908,
            "net_income_4q": null,
            "revenue": 450264,
            "revenue_4q": null,
            "common_shares": 1125365,
            "book_valuer_per_share": 16.06,
            "book_valuer_per_share_4q_avg": 15.93,
            "equity": 1807057,
            "current_ratio": 200.29,
            "debt_ratio": 26.76,
            "inventory_turnover_ratio": 2.4,
            "account_receivable_turnover_ratio": 1.05,
            "reinvestment_rate": -123.92,
            "research_to_sale_ratio": 8.46,
            "price_fair": 60.31,
            "eps_avg_yearly": 1.72,
            "eps_latest_yearly": 2.48,
            "eps_growth_yearly": 514.54
        },
        "20201": {
            "year_quarter": 20201,
            "year": 2020,
            "quarter": 1,
            "eps": -0.46,
            "eps_growth_year": null,
            "eps_4q": 0.08,
            "eps_4q_growth_year": -92.52,
            "roe": -3.07,
            "roe_4q": 0.34999999999999976,
            "gross_profit": 33207,
            "gross_margin": 15.28,
            "gross_margin_4q_avg": 19.02,
            "net_income": -51360,
            "net_income_4q": null,
            "revenue": 217348,
            "revenue_4q": null,
            "common_shares": 1125365,
            "book_valuer_per_share": 13.66,
            "book_valuer_per_share_4q_avg": 15.26,
            "equity": 1537759,
            "current_ratio": 169.94,
            "debt_ratio": 31.8,
            "inventory_turnover_ratio": 1.25,
            "account_receivable_turnover_ratio": 0.72,
            "reinvestment_rate": -144.9,
            "research_to_sale_ratio": 12.99,
            "price_fair": 63.23,
            "eps_avg_yearly": 1.81,
            "eps_latest_yearly": 2.48,
            "eps_growth_yearly": 536.21
        },
        "20202": {
            "year_quarter": 20202,
            "year": 2020,
            "quarter": 2,
            "eps": -0.03,
            "eps_growth_year": -130,
            "eps_4q": -0.06,
            "eps_4q_growth_year": -105.65,
            "roe": -0.24,
            "roe_4q": -0.5399999999999996,
            "gross_profit": 57477,
            "gross_margin": 21.24,
            "gross_margin_4q_avg": 18.69,
            "net_income": -3731,
            "net_income_4q": null,
            "revenue": 270654,
            "revenue_4q": null,
            "common_shares": 1125365,
            "book_valuer_per_share": 14.24,
            "book_valuer_per_share_4q_avg": 14.95,
            "equity": 1602804,
            "current_ratio": 143.51,
            "debt_ratio": 29.37,
            "inventory_turnover_ratio": 1.45,
            "account_receivable_turnover_ratio": 1.26,
            "reinvestment_rate": -132.59,
            "research_to_sale_ratio": 10.81,
            "price_fair": 66.31,
            "eps_avg_yearly": 1.89,
            "eps_latest_yearly": 2.48,
            "eps_growth_yearly": 578.89
        },
        "20203": {
            "year_quarter": 20203,
            "year": 2020,
            "quarter": 3,
            "eps": 0.5,
            "eps_growth_year": -19.35,
            "eps_4q": -0.18,
            "eps_4q_growth_year": -119.15,
            "roe": 3.45,
            "roe_4q": -1.0299999999999998,
            "gross_profit": 67996,
            "gross_margin": 16.14,
            "gross_margin_4q_avg": 17.52,
            "net_income": 55994,
            "net_income_4q": null,
            "revenue": 421335,
            "revenue_4q": null,
            "common_shares": 1125365,
            "book_valuer_per_share": 14.59,
            "book_valuer_per_share_4q_avg": 14.64,
            "equity": 1642405,
            "current_ratio": 151.06,
            "debt_ratio": 29.58,
            "inventory_turnover_ratio": 2.58,
            "account_receivable_turnover_ratio": 1.35,
            "reinvestment_rate": -148.19,
            "research_to_sale_ratio": 7.1,
            "price_fair": 60.48,
            "eps_avg_yearly": 1.73,
            "eps_latest_yearly": 2.48,
            "eps_growth_yearly": 507.26
        },
        "20204": {
            "year_quarter": 20204,
            "year": 2020,
            "quarter": 4,
            "eps": -0,
            "eps_growth_year": null,
            "eps_4q": 0.01,
            "eps_4q_growth_year": -98.39,
            "roe": -0.01,
            "roe_4q": 0.13000000000000034,
            "gross_profit": 75655,
            "gross_margin": 20.55,
            "gross_margin_4q_avg": 18.3,
            "net_income": -104,
            "net_income_4q": null,
            "revenue": 368209,
            "revenue_4q": null,
            "common_shares": 1125365,
            "book_valuer_per_share": 15.12,
            "book_valuer_per_share_4q_avg": 14.4,
            "equity": 1701050,
            "current_ratio": 153.08,
            "debt_ratio": 28.46,
            "inventory_turnover_ratio": 2.12,
            "account_receivable_turnover_ratio": 1,
            "reinvestment_rate": -164.07,
            "research_to_sale_ratio": 9.07,
            "price_fair": 62.38,
            "eps_avg_yearly": 1.78,
            "eps_latest_yearly": 2.48,
            "eps_growth_yearly": 592.59
        },
        "20211": {
            "year_quarter": 20211,
            "year": 2021,
            "quarter": 1,
            "eps": 0.05,
            "eps_growth_year": null,
            "eps_4q": 0.52,
            "eps_4q_growth_year": 572.12,
            "roe": 0.34,
            "roe_4q": 3.54,
            "gross_profit": 77617,
            "gross_margin": 17.14,
            "gross_margin_4q_avg": 18.77,
            "net_income": 6168,
            "net_income_4q": null,
            "revenue": 452770,
            "revenue_4q": null,
            "common_shares": 1125365,
            "book_valuer_per_share": 16.89,
            "book_valuer_per_share_4q_avg": 15.21,
            "equity": 1901036,
            "current_ratio": 125.67,
            "debt_ratio": 27.68,
            "inventory_turnover_ratio": 2.49,
            "account_receivable_turnover_ratio": 1.16,
            "reinvestment_rate": -185.09,
            "research_to_sale_ratio": 6.44,
            "price_fair": 66.5,
            "eps_avg_yearly": 1.9,
            "eps_latest_yearly": 2.48,
            "eps_growth_yearly": 682.79
        },
        "20212": {
            "year_quarter": 20212,
            "year": 2021,
            "quarter": 2,
            "eps": 0.06,
            "eps_growth_year": null,
            "eps_4q": 0.61,
            "eps_4q_growth_year": null,
            "roe": 0.33,
            "roe_4q": 4.11,
            "gross_profit": 85726,
            "gross_margin": 17.83,
            "gross_margin_4q_avg": 17.92,
            "net_income": 6749,
            "net_income_4q": null,
            "revenue": 480866,
            "revenue_4q": null,
            "common_shares": 1125365,
            "book_valuer_per_share": 19.81,
            "book_valuer_per_share_4q_avg": 16.6,
            "equity": 2229661,
            "current_ratio": 151.84,
            "debt_ratio": 25.52,
            "inventory_turnover_ratio": 2.35,
            "account_receivable_turnover_ratio": 1.08,
            "reinvestment_rate": -208.25,
            "research_to_sale_ratio": 6.24,
            "price_fair": 58.63,
            "eps_avg_yearly": 1.68,
            "eps_latest_yearly": 0.24,
            "eps_growth_yearly": 621.36
        },
        "20213": {
            "year_quarter": 20213,
            "year": 2021,
            "quarter": 3,
            "eps": 0.67,
            "eps_growth_year": 34,
            "eps_4q": 0.68,
            "eps_4q_growth_year": null,
            "roe": 2.85,
            "roe_4q": 3.5100000000000002,
            "gross_profit": 72276,
            "gross_margin": 17.89,
            "gross_margin_4q_avg": 18.35,
            "net_income": 64269,
            "net_income_4q": null,
            "revenue": 403910,
            "revenue_4q": null,
            "common_shares": 1125365,
            "book_valuer_per_share": 20.26,
            "book_valuer_per_share_4q_avg": 18.02,
            "equity": 2280435,
            "current_ratio": 113.27,
            "debt_ratio": 28.09,
            "inventory_turnover_ratio": 1.64,
            "account_receivable_turnover_ratio": 1,
            "reinvestment_rate": 78.15,
            "research_to_sale_ratio": 8.23,
            "price_fair": 54.08,
            "eps_avg_yearly": 1.55,
            "eps_latest_yearly": 2.68,
            "eps_growth_yearly": 1088.52
        },
        "20214": {
            "year_quarter": 20214,
            "year": 2021,
            "quarter": 4,
            "eps": -0.23,
            "eps_growth_year": null,
            "eps_4q": 0.46,
            "eps_4q_growth_year": 6386.28,
            "roe": -1.13,
            "roe_4q": 2.39,
            "gross_profit": 63998,
            "gross_margin": 14.75,
            "gross_margin_4q_avg": 16.9,
            "net_income": -25360,
            "net_income_4q": null,
            "revenue": 433827,
            "revenue_4q": null,
            "common_shares": 1125365,
            "book_valuer_per_share": 19.76,
            "book_valuer_per_share_4q_avg": 19.18,
            "equity": 2223673,
            "current_ratio": 109.85,
            "debt_ratio": 29.7,
            "inventory_turnover_ratio": 1.57,
            "account_receivable_turnover_ratio": 1.14,
            "reinvestment_rate": 79.99,
            "research_to_sale_ratio": 8.04,
            "price_fair": 55.4,
            "eps_avg_yearly": 1.58,
            "eps_latest_yearly": 2.68,
            "eps_growth_yearly": 1281.5
        },
        "20221": {
            "year_quarter": 20221,
            "year": 2022,
            "quarter": 1,
            "eps": -0.32,
            "eps_growth_year": -740,
            "eps_4q": 0.18,
            "eps_4q_growth_year": -65.62,
            "roe": -1.16,
            "roe_4q": 0.8900000000000001,
            "gross_profit": 35578,
            "gross_margin": 10.34,
            "gross_margin_4q_avg": 15.2,
            "net_income": -25603,
            "net_income_4q": null,
            "revenue": 343954,
            "revenue_4q": null,
            "common_shares": 1125365,
            "book_valuer_per_share": 19.58,
            "book_valuer_per_share_4q_avg": 19.85,
            "equity": 2203505,
            "current_ratio": 107.75,
            "debt_ratio": 27.61,
            "inventory_turnover_ratio": 1.2,
            "account_receivable_turnover_ratio": 0.95,
            "reinvestment_rate": 524.12,
            "research_to_sale_ratio": 7.46,
            "price_fair": 57.63,
            "eps_avg_yearly": 1.65,
            "eps_latest_yearly": 2.68,
            "eps_growth_yearly": 1499.25
        },
        "20222": {
            "year_quarter": 20222,
            "year": 2022,
            "quarter": 2,
            "eps": -0.04,
            "eps_growth_year": -166.67,
            "eps_4q": 0.09,
            "eps_4q_growth_year": -84.8,
            "roe": -0.13,
            "roe_4q": 0.43000000000000016,
            "gross_profit": 72851,
            "gross_margin": 15.58,
            "gross_margin_4q_avg": 14.64,
            "net_income": -2850,
            "net_income_4q": null,
            "revenue": 467645,
            "revenue_4q": null,
            "common_shares": 1125365,
            "book_valuer_per_share": 18.11,
            "book_valuer_per_share_4q_avg": 19.43,
            "equity": 2037927,
            "current_ratio": 104.66,
            "debt_ratio": 30.98,
            "inventory_turnover_ratio": 1.5,
            "account_receivable_turnover_ratio": 1.22,
            "reinvestment_rate": 519.42,
            "research_to_sale_ratio": 5.09,
            "price_fair": 66.92,
            "eps_avg_yearly": 1.91,
            "eps_latest_yearly": 2.68,
            "eps_growth_yearly": 1857.77
        },
        "20223": {
            "year_quarter": 20223,
            "year": 2022,
            "quarter": 3,
            "eps": 1.42,
            "eps_growth_year": 111.94,
            "eps_4q": 0.52,
            "eps_4q_growth_year": -24.46,
            "roe": 5.43,
            "roe_4q": 3.01,
            "gross_profit": 96700,
            "gross_margin": 17.56,
            "gross_margin_4q_avg": 14.56,
            "net_income": 112041,
            "net_income_4q": null,
            "revenue": 550630,
            "revenue_4q": null,
            "common_shares": 1125365,
            "book_valuer_per_share": 18.55,
            "book_valuer_per_share_4q_avg": 19,
            "equity": 2087842,
            "current_ratio": 107.64,
            "debt_ratio": 36.51,
            "inventory_turnover_ratio": 1.69,
            "account_receivable_turnover_ratio": 1.09,
            "reinvestment_rate": 453.4,
            "research_to_sale_ratio": 6.25,
            "price_fair": 57.75,
            "eps_avg_yearly": 1.65,
            "eps_latest_yearly": 2.68,
            "eps_growth_yearly": 1497.21
        },
        "20224": {
            "year_quarter": 20224,
            "year": 2022,
            "quarter": 4,
            "eps": -0.17,
            "eps_growth_year": null,
            "eps_4q": 0.57,
            "eps_4q_growth_year": 24.23,
            "roe": -0.92,
            "roe_4q": 3.2199999999999998,
            "gross_profit": 51376,
            "gross_margin": 14.25,
            "gross_margin_4q_avg": 14.43,
            "net_income": -19204,
            "net_income_4q": null,
            "revenue": 360538,
            "revenue_4q": null,
            "common_shares": 1125365,
            "book_valuer_per_share": 18.46,
            "book_valuer_per_share_4q_avg": 18.68,
            "equity": 2076991,
            "current_ratio": 125.6,
            "debt_ratio": 31.19,
            "inventory_turnover_ratio": 1.1,
            "account_receivable_turnover_ratio": 0.83,
            "reinvestment_rate": 615.69,
            "research_to_sale_ratio": 5.73,
            "price_fair": 63,
            "eps_avg_yearly": 1.8,
            "eps_latest_yearly": 2.68,
            "eps_growth_yearly": 2075.56
        },
        "20231": {
            "year_quarter": 20231,
            "year": 2023,
            "quarter": 1,
            "eps": -0.5,
            "eps_growth_year": null,
            "eps_4q": 0.45,
            "eps_4q_growth_year": 149.8,
            "roe": -1.79,
            "roe_4q": 2.59,
            "gross_profit": 17875,
            "gross_margin": 7.2,
            "gross_margin_4q_avg": 13.65,
            "net_income": -39889,
            "net_income_4q": null,
            "revenue": 248394,
            "revenue_4q": null,
            "common_shares": 1125365,
            "book_valuer_per_share": 21.25,
            "book_valuer_per_share_4q_avg": 19.09,
            "equity": 2391704,
            "current_ratio": 126.52,
            "debt_ratio": 23.75,
            "inventory_turnover_ratio": 0.86,
            "account_receivable_turnover_ratio": 0.9,
            "reinvestment_rate": 847.35,
            "research_to_sale_ratio": 8.86,
            "price_fair": 63,
            "eps_avg_yearly": 1.8,
            "eps_latest_yearly": 2.68,
            "eps_growth_yearly": 2075.56
        },
        "20232": {
            "year_quarter": 20232,
            "year": 2023,
            "quarter": 2,
            "eps": 0.26,
            "eps_growth_year": null,
            "eps_4q": 0.66,
            "eps_4q_growth_year": 605.08,
            "roe": 0.83,
            "roe_4q": 3.55,
            "gross_profit": 68796,
            "gross_margin": 18.89,
            "gross_margin_4q_avg": 14.48,
            "net_income": 20775,
            "net_income_4q": null,
            "revenue": 364141,
            "revenue_4q": null,
            "common_shares": 1125365,
            "book_valuer_per_share": 23.39,
            "book_valuer_per_share_4q_avg": 20.41,
            "equity": 2632365,
            "current_ratio": 125.69,
            "debt_ratio": 21.79,
            "inventory_turnover_ratio": 1.45,
            "account_receivable_turnover_ratio": 1.24,
            "reinvestment_rate": 889.28,
            "research_to_sale_ratio": 6.92,
            "price_fair": 63,
            "eps_avg_yearly": 1.8,
            "eps_latest_yearly": 2.68,
            "eps_growth_yearly": 2075.56
        }
    },
    "months": {
        "2001-06": {
            "month": "2001-06",
            "price": "33.36",
            "revenue": 173352
        },
        "2001-07": {
            "month": "2001-07",
            "price": "42.70",
            "revenue": 171485
        },
        "2001-08": {
            "month": "2001-08",
            "price": "48.09",
            "revenue": 194628
        },
        "2001-09": {
            "month": "2001-09",
            "price": "41.96",
            "revenue": 170241
        },
        "2001-10": {
            "month": "2001-10",
            "price": "41.90",
            "revenue": 153816
        },
        "2001-11": {
            "month": "2001-11",
            "price": "47.43",
            "revenue": 149166
        },
        "2001-12": {
            "month": "2001-12",
            "price": "63.81",
            "revenue": 159088
        },
        "2002-01": {
            "month": "2002-01",
            "price": "72.27",
            "revenue": 153442
        },
        "2002-02": {
            "month": "2002-02",
            "price": "75.96",
            "revenue": 189930
        },
        "2002-03": {
            "month": "2002-03",
            "price": "73.62",
            "revenue": 214206
        },
        "2002-04": {
            "month": "2002-04",
            "price": "73.83",
            "revenue": 207357
        },
        "2002-05": {
            "month": "2002-05",
            "price": "61.18",
            "revenue": 218715
        },
        "2002-06": {
            "month": "2002-06",
            "price": "65.95",
            "revenue": 200241
        },
        "2002-07": {
            "month": "2002-07",
            "price": "68.80",
            "revenue": 192522
        },
        "2002-08": {
            "month": "2002-08",
            "price": "70.98",
            "revenue": 196683
        },
        "2002-09": {
            "month": "2002-09",
            "price": "70.18",
            "revenue": 170101
        },
        "2002-10": {
            "month": "2002-10",
            "price": "57.90",
            "revenue": 156977
        },
        "2002-11": {
            "month": "2002-11",
            "price": "57.07",
            "revenue": 145530
        },
        "2002-12": {
            "month": "2002-12",
            "price": "50.48",
            "revenue": 156446
        },
        "2003-01": {
            "month": "2003-01",
            "price": "49.00",
            "revenue": 141487
        },
        "2003-02": {
            "month": "2003-02",
            "price": "43.66",
            "revenue": 120083
        },
        "2003-03": {
            "month": "2003-03",
            "price": "40.11",
            "revenue": 142521
        },
        "2003-04": {
            "month": "2003-04",
            "price": "39.25",
            "revenue": 169363
        },
        "2003-05": {
            "month": "2003-05",
            "price": "39.61",
            "revenue": 163977
        },
        "2003-06": {
            "month": "2003-06",
            "price": "46.42",
            "revenue": 179235
        },
        "2003-07": {
            "month": "2003-07",
            "price": "47.20",
            "revenue": 167700
        },
        "2003-08": {
            "month": "2003-08",
            "price": "44.04",
            "revenue": 176505
        },
        "2003-09": {
            "month": "2003-09",
            "price": "45.84",
            "revenue": 173695
        },
        "2003-10": {
            "month": "2003-10",
            "price": "43.70",
            "revenue": 180191
        },
        "2003-11": {
            "month": "2003-11",
            "price": "43.32",
            "revenue": 190089
        },
        "2003-12": {
            "month": "2003-12",
            "price": "43.12",
            "revenue": 196213
        },
        "2004-01": {
            "month": "2004-01",
            "price": "47.84",
            "revenue": 155251
        },
        "2004-02": {
            "month": "2004-02",
            "price": "48.66",
            "revenue": 170305
        },
        "2004-03": {
            "month": "2004-03",
            "price": "45.91",
            "revenue": 170278
        },
        "2004-04": {
            "month": "2004-04",
            "price": "43.30",
            "revenue": 170052
        },
        "2004-05": {
            "month": "2004-05",
            "price": "36.01",
            "revenue": 152925
        },
        "2004-06": {
            "month": "2004-06",
            "price": "32.96",
            "revenue": 180499
        },
        "2004-07": {
            "month": "2004-07",
            "price": "26.77",
            "revenue": 203836
        },
        "2004-08": {
            "month": "2004-08",
            "price": "25.53",
            "revenue": 285679
        },
        "2004-09": {
            "month": "2004-09",
            "price": "28.58",
            "revenue": 301062
        },
        "2004-10": {
            "month": "2004-10",
            "price": "29.62",
            "revenue": 301449
        },
        "2004-11": {
            "month": "2004-11",
            "price": "27.60",
            "revenue": 302202
        },
        "2004-12": {
            "month": "2004-12",
            "price": "26.80",
            "revenue": 278425
        },
        "2005-01": {
            "month": "2005-01",
            "price": "26.54",
            "revenue": 202077
        },
        "2005-02": {
            "month": "2005-02",
            "price": "28.36",
            "revenue": 167070
        },
        "2005-03": {
            "month": "2005-03",
            "price": "30.72",
            "revenue": 182092
        },
        "2005-04": {
            "month": "2005-04",
            "price": "30.81",
            "revenue": 247196
        },
        "2005-05": {
            "month": "2005-05",
            "price": "30.12",
            "revenue": 244897
        },
        "2005-06": {
            "month": "2005-06",
            "price": "31.78",
            "revenue": 249953
        },
        "2005-07": {
            "month": "2005-07",
            "price": "37.50",
            "revenue": 255406
        },
        "2005-08": {
            "month": "2005-08",
            "price": "35.34",
            "revenue": 250016
        },
        "2005-09": {
            "month": "2005-09",
            "price": "30.38",
            "revenue": 213834
        },
        "2005-10": {
            "month": "2005-10",
            "price": "28.20",
            "revenue": 214446
        },
        "2005-11": {
            "month": "2005-11",
            "price": "27.37",
            "revenue": 252659
        },
        "2005-12": {
            "month": "2005-12",
            "price": "30.51",
            "revenue": 258817
        },
        "2006-01": {
            "month": "2006-01",
            "price": "31.29",
            "revenue": 205081
        },
        "2006-02": {
            "month": "2006-02",
            "price": "29.91",
            "revenue": 179139
        },
        "2006-03": {
            "month": "2006-03",
            "price": "28.83",
            "revenue": 209028
        },
        "2006-04": {
            "month": "2006-04",
            "price": "30.43",
            "revenue": 258827
        },
        "2006-05": {
            "month": "2006-05",
            "price": "31.98",
            "revenue": 260128
        },
        "2006-06": {
            "month": "2006-06",
            "price": "32.33",
            "revenue": 270689
        },
        "2006-07": {
            "month": "2006-07",
            "price": "30.56",
            "revenue": 281525
        },
        "2006-08": {
            "month": "2006-08",
            "price": "30.07",
            "revenue": 295013
        },
        "2006-09": {
            "month": "2006-09",
            "price": "30.30",
            "revenue": 303329
        },
        "2006-10": {
            "month": "2006-10",
            "price": "34.78",
            "revenue": 278523
        },
        "2006-11": {
            "month": "2006-11",
            "price": "35.25",
            "revenue": 303160
        },
        "2006-12": {
            "month": "2006-12",
            "price": "39.59",
            "revenue": 321360
        },
        "2007-01": {
            "month": "2007-01",
            "price": "44.96",
            "revenue": 303133
        },
        "2007-02": {
            "month": "2007-02",
            "price": "44.48",
            "revenue": 229168
        },
        "2007-03": {
            "month": "2007-03",
            "price": "44.97",
            "revenue": 276832
        },
        "2007-04": {
            "month": "2007-04",
            "price": "52.15",
            "revenue": 277474
        },
        "2007-05": {
            "month": "2007-05",
            "price": "51.54",
            "revenue": 274635
        },
        "2007-06": {
            "month": "2007-06",
            "price": "56.51",
            "revenue": 280676
        },
        "2007-07": {
            "month": "2007-07",
            "price": "62.89",
            "revenue": 300019
        },
        "2007-08": {
            "month": "2007-08",
            "price": "62.44",
            "revenue": 310155
        },
        "2007-09": {
            "month": "2007-09",
            "price": "63.78",
            "revenue": 292943
        },
        "2007-10": {
            "month": "2007-10",
            "price": "61.06",
            "revenue": 285174
        },
        "2007-11": {
            "month": "2007-11",
            "price": "48.27",
            "revenue": 290094
        },
        "2007-12": {
            "month": "2007-12",
            "price": "40.08",
            "revenue": 300625
        },
        "2008-01": {
            "month": "2008-01",
            "price": "35.78",
            "revenue": 326987
        },
        "2008-02": {
            "month": "2008-02",
            "price": "35.06",
            "revenue": 254942
        },
        "2008-03": {
            "month": "2008-03",
            "price": "35.09",
            "revenue": 277158
        },
        "2008-04": {
            "month": "2008-04",
            "price": "36.46",
            "revenue": 230172
        },
        "2008-05": {
            "month": "2008-05",
            "price": "37.17",
            "revenue": 230488
        },
        "2008-06": {
            "month": "2008-06",
            "price": "32.01",
            "revenue": 228305
        },
        "2008-07": {
            "month": "2008-07",
            "price": "27.18",
            "revenue": 225287
        },
        "2008-08": {
            "month": "2008-08",
            "price": "27.26",
            "revenue": 255802
        },
        "2008-09": {
            "month": "2008-09",
            "price": "25.29",
            "revenue": 246632
        },
        "2008-10": {
            "month": "2008-10",
            "price": "21.22",
            "revenue": 251334
        },
        "2008-11": {
            "month": "2008-11",
            "price": "16.73",
            "revenue": 248073
        },
        "2008-12": {
            "month": "2008-12",
            "price": "16.10",
            "revenue": 224494
        },
        "2009-01": {
            "month": "2009-01",
            "price": "15.96",
            "revenue": 173579
        },
        "2009-02": {
            "month": "2009-02",
            "price": "15.31",
            "revenue": 177889
        },
        "2009-03": {
            "month": "2009-03",
            "price": "18.58",
            "revenue": 170417
        },
        "2009-04": {
            "month": "2009-04",
            "price": "18.14",
            "revenue": 184341
        },
        "2009-05": {
            "month": "2009-05",
            "price": "20.14",
            "revenue": 178377
        },
        "2009-06": {
            "month": "2009-06",
            "price": "18.99",
            "revenue": 190230
        },
        "2009-07": {
            "month": "2009-07",
            "price": "19.53",
            "revenue": 203128
        },
        "2009-08": {
            "month": "2009-08",
            "price": "21.77",
            "revenue": 233860
        },
        "2009-09": {
            "month": "2009-09",
            "price": "28.34",
            "revenue": 252050
        },
        "2009-10": {
            "month": "2009-10",
            "price": "29.17",
            "revenue": 210448
        },
        "2009-11": {
            "month": "2009-11",
            "price": "26.94",
            "revenue": 228733
        },
        "2009-12": {
            "month": "2009-12",
            "price": "28.04",
            "revenue": 283638
        },
        "2010-01": {
            "month": "2010-01",
            "price": "27.79",
            "revenue": 221471
        },
        "2010-02": {
            "month": "2010-02",
            "price": "25.39",
            "revenue": 210435
        },
        "2010-03": {
            "month": "2010-03",
            "price": "27.24",
            "revenue": 282728
        },
        "2010-04": {
            "month": "2010-04",
            "price": "28.09",
            "revenue": 334085
        },
        "2010-05": {
            "month": "2010-05",
            "price": "26.31",
            "revenue": 406248
        },
        "2010-06": {
            "month": "2010-06",
            "price": "27.14",
            "revenue": 376450
        },
        "2010-07": {
            "month": "2010-07",
            "price": "29.67",
            "revenue": 366430
        },
        "2010-08": {
            "month": "2010-08",
            "price": "30.76",
            "revenue": 369081
        },
        "2010-09": {
            "month": "2010-09",
            "price": "29.43",
            "revenue": 319726
        },
        "2010-10": {
            "month": "2010-10",
            "price": "28.39",
            "revenue": 228221
        },
        "2010-11": {
            "month": "2010-11",
            "price": "25.42",
            "revenue": 245966
        },
        "2010-12": {
            "month": "2010-12",
            "price": "26.15",
            "revenue": 265640
        },
        "2011-01": {
            "month": "2011-01",
            "price": "25.42",
            "revenue": 183174
        },
        "2011-02": {
            "month": "2011-02",
            "price": "24.70",
            "revenue": 135413
        },
        "2011-03": {
            "month": "2011-03",
            "price": "22.97",
            "revenue": 312434
        },
        "2011-04": {
            "month": "2011-04",
            "price": "23.35",
            "revenue": 230942
        },
        "2011-05": {
            "month": "2011-05",
            "price": "23.18",
            "revenue": 179508
        },
        "2011-06": {
            "month": "2011-06",
            "price": "22.73",
            "revenue": 183327
        },
        "2011-07": {
            "month": "2011-07",
            "price": "18.52",
            "revenue": 223017
        },
        "2011-08": {
            "month": "2011-08",
            "price": "14.92",
            "revenue": 238151
        },
        "2011-09": {
            "month": "2011-09",
            "price": "14.13",
            "revenue": 232031
        },
        "2011-10": {
            "month": "2011-10",
            "price": "13.84",
            "revenue": 245307
        },
        "2011-11": {
            "month": "2011-11",
            "price": "14.11",
            "revenue": 318287
        },
        "2011-12": {
            "month": "2011-12",
            "price": "13.54",
            "revenue": 263487
        },
        "2012-01": {
            "month": "2012-01",
            "price": "13.51",
            "revenue": 158581
        },
        "2012-02": {
            "month": "2012-02",
            "price": "15.54",
            "revenue": 236984
        },
        "2012-03": {
            "month": "2012-03",
            "price": "15.72",
            "revenue": 324540
        },
        "2012-04": {
            "month": "2012-04",
            "price": "14.91",
            "revenue": 295441
        },
        "2012-05": {
            "month": "2012-05",
            "price": "13.52",
            "revenue": 422387
        },
        "2012-06": {
            "month": "2012-06",
            "price": "13.55",
            "revenue": 348845
        },
        "2012-07": {
            "month": "2012-07",
            "price": "13.29",
            "revenue": 341544
        },
        "2012-08": {
            "month": "2012-08",
            "price": "13.43",
            "revenue": 327902
        },
        "2012-09": {
            "month": "2012-09",
            "price": "12.90",
            "revenue": 295167
        },
        "2012-10": {
            "month": "2012-10",
            "price": "12.22",
            "revenue": 209510
        },
        "2012-11": {
            "month": "2012-11",
            "price": "10.77",
            "revenue": 212995
        },
        "2012-12": {
            "month": "2012-12",
            "price": "10.96",
            "revenue": 221550
        },
        "2013-01": {
            "month": "2013-01",
            "price": "11.24",
            "revenue": 179039
        },
        "2013-02": {
            "month": "2013-02",
            "price": "11.44",
            "revenue": 111021
        },
        "2013-03": {
            "month": "2013-03",
            "price": "11.28",
            "revenue": 339124
        },
        "2013-04": {
            "month": "2013-04",
            "price": "11.19",
            "revenue": 319592
        },
        "2013-05": {
            "month": "2013-05",
            "price": "10.77",
            "revenue": 130398
        },
        "2013-06": {
            "month": "2013-06",
            "price": "10.03",
            "revenue": 219375
        },
        "2013-07": {
            "month": "2013-07",
            "price": "9.40",
            "revenue": 262522
        },
        "2013-08": {
            "month": "2013-08",
            "price": "9.23",
            "revenue": 341695
        },
        "2013-09": {
            "month": "2013-09",
            "price": "9.82",
            "revenue": 329563
        },
        "2013-10": {
            "month": "2013-10",
            "price": "10.29",
            "revenue": 281377
        },
        "2013-11": {
            "month": "2013-11",
            "price": "13.21",
            "revenue": 253525
        },
        "2013-12": {
            "month": "2013-12",
            "price": "13.34",
            "revenue": 293900
        },
        "2014-01": {
            "month": "2014-01",
            "price": "14.60",
            "revenue": 176708
        },
        "2014-02": {
            "month": "2014-02",
            "price": "14.85",
            "revenue": 156840
        },
        "2014-03": {
            "month": "2014-03",
            "price": "14.34",
            "revenue": 258639
        },
        "2014-04": {
            "month": "2014-04",
            "price": "13.96",
            "revenue": 244108
        },
        "2014-05": {
            "month": "2014-05",
            "price": "14.69",
            "revenue": 269276
        },
        "2014-06": {
            "month": "2014-06",
            "price": "17.95",
            "revenue": 274224
        },
        "2014-07": {
            "month": "2014-07",
            "price": "18.09",
            "revenue": 225016
        },
        "2014-08": {
            "month": "2014-08",
            "price": "16.39",
            "revenue": 220097
        },
        "2014-09": {
            "month": "2014-09",
            "price": "15.39",
            "revenue": 185228
        },
        "2014-10": {
            "month": "2014-10",
            "price": "14.04",
            "revenue": 133715
        },
        "2014-11": {
            "month": "2014-11",
            "price": "13.87",
            "revenue": 203668
        },
        "2014-12": {
            "month": "2014-12",
            "price": "14.51",
            "revenue": 208302
        },
        "2015-01": {
            "month": "2015-01",
            "price": "14.77",
            "revenue": 89852
        },
        "2015-02": {
            "month": "2015-02",
            "price": "14.19",
            "revenue": 108711
        },
        "2015-03": {
            "month": "2015-03",
            "price": "14.14",
            "revenue": 220036
        },
        "2015-04": {
            "month": "2015-04",
            "price": "14.08",
            "revenue": 241205
        },
        "2015-05": {
            "month": "2015-05",
            "price": "13.24",
            "revenue": 230063
        },
        "2015-06": {
            "month": "2015-06",
            "price": "12.39",
            "revenue": 250504
        },
        "2015-07": {
            "month": "2015-07",
            "price": "10.82",
            "revenue": 210086
        },
        "2015-08": {
            "month": "2015-08",
            "price": "10.05",
            "revenue": 229825
        },
        "2015-09": {
            "month": "2015-09",
            "price": "10.54",
            "revenue": 268961
        },
        "2015-10": {
            "month": "2015-10",
            "price": "11.93",
            "revenue": 193972
        },
        "2015-11": {
            "month": "2015-11",
            "price": "13.44",
            "revenue": 244490
        },
        "2015-12": {
            "month": "2015-12",
            "price": "13.21",
            "revenue": 239357
        },
        "2016-01": {
            "month": "2016-01",
            "price": "12.67",
            "revenue": 223413
        },
        "2016-02": {
            "month": "2016-02",
            "price": "13.57",
            "revenue": 143778
        },
        "2016-03": {
            "month": "2016-03",
            "price": "14.84",
            "revenue": 193880
        },
        "2016-04": {
            "month": "2016-04",
            "price": "14.08",
            "revenue": 185302
        },
        "2016-05": {
            "month": "2016-05",
            "price": "12.96",
            "revenue": 210189
        },
        "2016-06": {
            "month": "2016-06",
            "price": "12.90",
            "revenue": 204821
        },
        "2016-07": {
            "month": "2016-07",
            "price": "12.15",
            "revenue": 189614
        },
        "2016-08": {
            "month": "2016-08",
            "price": "11.75",
            "revenue": 220186
        },
        "2016-09": {
            "month": "2016-09",
            "price": "11.83",
            "revenue": 241706
        },
        "2016-10": {
            "month": "2016-10",
            "price": "11.83",
            "revenue": 182613
        },
        "2016-11": {
            "month": "2016-11",
            "price": "12.54",
            "revenue": 218618
        },
        "2016-12": {
            "month": "2016-12",
            "price": "13.17",
            "revenue": 212116
        },
        "2017-01": {
            "month": "2017-01",
            "price": "13.48",
            "revenue": 167931
        },
        "2017-02": {
            "month": "2017-02",
            "price": "13.89",
            "revenue": 145830
        },
        "2017-03": {
            "month": "2017-03",
            "price": "14.38",
            "revenue": 225520
        },
        "2017-04": {
            "month": "2017-04",
            "price": "14.66",
            "revenue": 181839
        },
        "2017-05": {
            "month": "2017-05",
            "price": "14.82",
            "revenue": 165464
        },
        "2017-06": {
            "month": "2017-06",
            "price": "15.27",
            "revenue": 190950
        },
        "2017-07": {
            "month": "2017-07",
            "price": "14.55",
            "revenue": 201692
        },
        "2017-08": {
            "month": "2017-08",
            "price": "14.50",
            "revenue": 238818
        },
        "2017-09": {
            "month": "2017-09",
            "price": "16.09",
            "revenue": 230065
        },
        "2017-10": {
            "month": "2017-10",
            "price": "16.50",
            "revenue": 156940
        },
        "2017-11": {
            "month": "2017-11",
            "price": "16.81",
            "revenue": 203941
        },
        "2017-12": {
            "month": "2017-12",
            "price": "16.51",
            "revenue": 245422
        },
        "2018-01": {
            "month": "2018-01",
            "price": "17.52",
            "revenue": 168405
        },
        "2018-02": {
            "month": "2018-02",
            "price": "17.03",
            "revenue": 91343
        },
        "2018-03": {
            "month": "2018-03",
            "price": "17.55",
            "revenue": 201759
        },
        "2018-04": {
            "month": "2018-04",
            "price": "18.08",
            "revenue": 151910
        },
        "2018-05": {
            "month": "2018-05",
            "price": "17.98",
            "revenue": 183842
        },
        "2018-06": {
            "month": "2018-06",
            "price": "18.20",
            "revenue": 177063
        },
        "2018-07": {
            "month": "2018-07",
            "price": "16.65",
            "revenue": 206420
        },
        "2018-08": {
            "month": "2018-08",
            "price": "15.41",
            "revenue": 194324
        },
        "2018-09": {
            "month": "2018-09",
            "price": "14.89",
            "revenue": 195516
        },
        "2018-10": {
            "month": "2018-10",
            "price": "13.67",
            "revenue": 162648
        },
        "2018-11": {
            "month": "2018-11",
            "price": "13.85",
            "revenue": 181400
        },
        "2018-12": {
            "month": "2018-12",
            "price": "13.96",
            "revenue": 247487
        },
        "2019-01": {
            "month": "2019-01",
            "price": "14.37",
            "revenue": 151600
        },
        "2019-02": {
            "month": "2019-02",
            "price": "14.90",
            "revenue": 110774
        },
        "2019-03": {
            "month": "2019-03",
            "price": "15.33",
            "revenue": 130338
        },
        "2019-04": {
            "month": "2019-04",
            "price": "15.25",
            "revenue": 134276
        },
        "2019-05": {
            "month": "2019-05",
            "price": "14.45",
            "revenue": 133228
        },
        "2019-06": {
            "month": "2019-06",
            "price": "14.47",
            "revenue": 171231
        },
        "2019-07": {
            "month": "2019-07",
            "price": "13.81",
            "revenue": 148697
        },
        "2019-08": {
            "month": "2019-08",
            "price": "13.43",
            "revenue": 161095
        },
        "2019-09": {
            "month": "2019-09",
            "price": "13.39",
            "revenue": 178159
        },
        "2019-10": {
            "month": "2019-10",
            "price": "13.54",
            "revenue": 179623
        },
        "2019-11": {
            "month": "2019-11",
            "price": "13.64",
            "revenue": 142825
        },
        "2019-12": {
            "month": "2019-12",
            "price": "13.64",
            "revenue": 127816
        },
        "2020-01": {
            "month": "2020-01",
            "price": "13.65",
            "revenue": 83097
        },
        "2020-02": {
            "month": "2020-02",
            "price": "14.20",
            "revenue": 39022
        },
        "2020-03": {
            "month": "2020-03",
            "price": "13.45",
            "revenue": 95229
        },
        "2020-04": {
            "month": "2020-04",
            "price": "12.41",
            "revenue": 74578
        },
        "2020-05": {
            "month": "2020-05",
            "price": "12.37",
            "revenue": 78145
        },
        "2020-06": {
            "month": "2020-06",
            "price": "12.02",
            "revenue": 117932
        },
        "2020-07": {
            "month": "2020-07",
            "price": "11.82",
            "revenue": 131137
        },
        "2020-08": {
            "month": "2020-08",
            "price": "11.65",
            "revenue": 138708
        },
        "2020-09": {
            "month": "2020-09",
            "price": "11.97",
            "revenue": 151489
        },
        "2020-10": {
            "month": "2020-10",
            "price": "11.92",
            "revenue": 83454
        },
        "2020-11": {
            "month": "2020-11",
            "price": "11.97",
            "revenue": 116862
        },
        "2020-12": {
            "month": "2020-12",
            "price": "12.18",
            "revenue": 167893
        },
        "2021-01": {
            "month": "2021-01",
            "price": "12.17",
            "revenue": 136965
        },
        "2021-02": {
            "month": "2021-02",
            "price": "11.91",
            "revenue": 82660
        },
        "2021-03": {
            "month": "2021-03",
            "price": "12.52",
            "revenue": 233145
        },
        "2021-04": {
            "month": "2021-04",
            "price": "14.17",
            "revenue": 197278
        },
        "2021-05": {
            "month": "2021-05",
            "price": "12.66",
            "revenue": 129536
        },
        "2021-06": {
            "month": "2021-06",
            "price": "13.98",
            "revenue": 154052
        },
        "2021-07": {
            "month": "2021-07",
            "price": "17.75",
            "revenue": 130386
        },
        "2021-08": {
            "month": "2021-08",
            "price": "22.08",
            "revenue": 141596
        },
        "2021-09": {
            "month": "2021-09",
            "price": "23.28",
            "revenue": 131928
        },
        "2021-10": {
            "month": "2021-10",
            "price": "16.41",
            "revenue": 111132
        },
        "2021-11": {
            "month": "2021-11",
            "price": "17.82",
            "revenue": 148609
        },
        "2021-12": {
            "month": "2021-12",
            "price": "17.11",
            "revenue": 174086
        },
        "2022-01": {
            "month": "2022-01",
            "price": "15.96",
            "revenue": 128304
        },
        "2022-02": {
            "month": "2022-02",
            "price": "15.13",
            "revenue": 98013
        },
        "2022-03": {
            "month": "2022-03",
            "price": "14.78",
            "revenue": 117636
        },
        "2022-04": {
            "month": "2022-04",
            "price": "14.53",
            "revenue": 154140
        },
        "2022-05": {
            "month": "2022-05",
            "price": "13.50",
            "revenue": 170481
        },
        "2022-06": {
            "month": "2022-06",
            "price": "14.58",
            "revenue": 143025
        },
        "2022-07": {
            "month": "2022-07",
            "price": "15.41",
            "revenue": 125619
        },
        "2022-08": {
            "month": "2022-08",
            "price": "16.75",
            "revenue": 216114
        },
        "2022-09": {
            "month": "2022-09",
            "price": "17.23",
            "revenue": 208897
        },
        "2022-10": {
            "month": "2022-10",
            "price": "16.02",
            "revenue": 132353
        },
        "2022-11": {
            "month": "2022-11",
            "price": "16.20",
            "revenue": 120403
        },
        "2022-12": {
            "month": "2022-12",
            "price": "16.78",
            "revenue": 107782
        },
        "2023-01": {
            "month": "2023-01",
            "price": "16.70",
            "revenue": 78184
        },
        "2023-02": {
            "month": "2023-02",
            "price": "17.92",
            "revenue": 73714
        },
        "2023-03": {
            "month": "2023-03",
            "price": "18.07",
            "revenue": 96496
        },
        "2023-04": {
            "month": "2023-04",
            "price": "18.74",
            "revenue": 92901
        },
        "2023-05": {
            "month": "2023-05",
            "price": "20.48",
            "revenue": 98647
        },
        "2023-06": {
            "month": "2023-06",
            "price": "20.22",
            "revenue": 172592
        },
        "2023-07": {
            "month": "2023-07",
            "price": "20.31",
            "revenue": 104092
        },
        "2023-08": {
            "month": "2023-08",
            "price": "17.70",
            "revenue": 89298
        },
        "2023-09": {
            "month": "2023-09",
            "price": "17.34",
            "revenue": 120796
        }
    }
}
