{
    "summary": {
        "stock_name": "高技",
        "stock_id": "5439",
        "category": "電子零組件",
        "main_business": "電子產品之製造及買賣(印刷電路板、個人電腦、電腦週邊設備)<br>前項有關產品之進出口貿易<br>代理前項有關國內外廠商產品投標報價及經銷業務",
        "website_url": "http://www.fht.com.tw",
        "ceo": "李泰輝",
        "pe_ratio": 22,
        "report_year_from": 2001,
        "report_year_to": 2023,
        "age": 23,
        "eps_negative_percentage": 0,
        "eps_growth_avg": {
            "last_all": 17.17,
            "last_2y": 9.84,
            "last_4y": 7.67,
            "last_8y": 12.61,
            "last_12y": 6.27,
            "last_16y": 8.88,
            "last_20y": 13.22,
            "at_2006_last_3y": 31.68,
            "at_2007_last_3y": 17.28,
            "at_2008_last_3y": 13.4,
            "at_2009_last_3y": 3.51,
            "at_2010_last_3y": 17.36,
            "at_2011_last_3y": 19.03,
            "at_2012_last_3y": 23.34,
            "at_2013_last_3y": 2.66,
            "at_2014_last_3y": -8,
            "at_2015_last_3y": -8.15,
            "at_2016_last_3y": 18.07,
            "at_2017_last_3y": 21.39,
            "at_2018_last_3y": 18.79,
            "at_2019_last_3y": 17.68,
            "at_2020_last_3y": 11.7,
            "at_2021_last_3y": 22.55,
            "at_2022_last_3y": 7.39,
            "at_2023_last_3y": 15.75,
            "at_2024_last_3y": 15.75,
            "at_2006_last_all": 45.34,
            "at_2007_last_all": 33.4,
            "at_2008_last_all": 19.39,
            "at_2009_last_all": 24.52,
            "at_2010_last_all": 32.9,
            "at_2011_last_all": 27.65,
            "at_2012_last_all": 20.82,
            "at_2013_last_all": 17.23,
            "at_2014_last_all": 20.32,
            "at_2015_last_all": 17.43,
            "at_2016_last_all": 20.09,
            "at_2017_last_all": 18.27,
            "at_2018_last_all": 19.96,
            "at_2019_last_all": 17.48,
            "at_2020_last_all": 18.32,
            "at_2021_last_all": 19.13,
            "at_2022_last_all": 17.57,
            "at_2023_last_all": 17.17,
            "at_2024_last_all": 17.17
        },
        "latest_eps": 5.11,
        "latest_price": 110.5,
        "latest_roe": 20,
        "latest_gross_margin": 19.2,
        "latest_equity": 2459714,
        "latest_revenue": 1103380,
        "latest_gross_profit": 211903,
        "latest_net_income": 149802,
        "latest_debt_ratio": 43.41,
        "latest_current_ratio": 170.26,
        "latest_account_receivable_turnover_ratio": 0.77,
        "latest_inventory_turnover_ratio": 0.86,
        "latest_reinvestment_rate": 26.76,
        "latest_research_to_sale_ratio": null
    },
    "eps_dividends": {
        "1999": {
            "cash": 0.19,
            "stock": 1.01,
            "eps": 0
        },
        "2000": {
            "cash": 0.2,
            "stock": 1.25,
            "eps": 0
        },
        "2001": {
            "cash": 0.16,
            "stock": 1.13,
            "eps": 0.03
        },
        "2002": {
            "cash": 0,
            "stock": 0.3,
            "eps": 0.99
        },
        "2003": {
            "cash": 0.5,
            "stock": 0.1,
            "eps": 1.3
        },
        "2004": {
            "cash": 0.5,
            "stock": 0.6,
            "eps": 0.66
        },
        "2005": {
            "cash": 0.51,
            "stock": 0,
            "eps": 2.42
        },
        "2006": {
            "cash": 0.5,
            "stock": 1.5,
            "eps": 3.5
        },
        "2007": {
            "cash": 2,
            "stock": 0.5,
            "eps": 2.58
        },
        "2008": {
            "cash": 1.6,
            "stock": 0.2,
            "eps": 0.91
        },
        "2009": {
            "cash": 0.6,
            "stock": 0.2,
            "eps": 1.46
        },
        "2010": {
            "cash": 1.3,
            "stock": 0,
            "eps": 3.93
        },
        "2011": {
            "cash": 3,
            "stock": 0,
            "eps": 3.16
        },
        "2012": {
            "cash": 2.2,
            "stock": 0.3,
            "eps": 1.66
        },
        "2013": {
            "cash": 1.5,
            "stock": 0,
            "eps": 1.29
        },
        "2014": {
            "cash": 1.5,
            "stock": 0,
            "eps": 2.03
        },
        "2015": {
            "cash": 1.6,
            "stock": 0,
            "eps": 1.62
        },
        "2016": {
            "cash": 1.5,
            "stock": 0,
            "eps": 2.55
        },
        "2017": {
            "cash": 1.81,
            "stock": 0,
            "eps": 2.32
        },
        "2018": {
            "cash": 2,
            "stock": 0,
            "eps": 3.41
        },
        "2019": {
            "cash": 2.8,
            "stock": 0,
            "eps": 2.57
        },
        "2020": {
            "cash": 2.3,
            "stock": 0,
            "eps": 3.43
        },
        "2021": {
            "cash": 2.5,
            "stock": 0,
            "eps": 4.61
        },
        "2022": {
            "cash": 3.6,
            "stock": 0,
            "eps": 3.98
        },
        "2023": {
            "cash": 3.3,
            "stock": 0,
            "eps": 4.33
        }
    },
    "dividends": {
        "1999-06-20": {
            "cash": 0.19,
            "stock": 1.01
        },
        "2000-04-09": {
            "cash": 0.2,
            "stock": 1.25
        },
        "2001-04-27": {
            "cash": 0.16,
            "stock": 1.13
        },
        "2002-05-31": {
            "cash": 0,
            "stock": 0.3
        },
        "2003-06-27": {
            "cash": 0.5,
            "stock": 0.1
        },
        "2004-04-30": {
            "cash": 0.5,
            "stock": 0.6
        },
        "2005-03-26": {
            "cash": 0.51,
            "stock": 0
        },
        "2006-05-04": {
            "cash": 0.5,
            "stock": 1.5
        },
        "2007-04-27": {
            "cash": 2,
            "stock": 0.5
        },
        "2008-04-28": {
            "cash": 1.6,
            "stock": 0.2
        },
        "2009-04-29": {
            "cash": 0.6,
            "stock": 0.2
        },
        "2010-04-26": {
            "cash": 1.3,
            "stock": 0
        },
        "2011-04-25": {
            "cash": 3,
            "stock": 0
        },
        "2012-06-15": {
            "cash": 2.2,
            "stock": 0.3
        },
        "2013-06-14": {
            "cash": 1.5,
            "stock": 0
        },
        "2014-06-26": {
            "cash": 1.5,
            "stock": 0
        },
        "2015-08-06": {
            "cash": 1.6,
            "stock": 0
        },
        "2016-08-15": {
            "cash": 1.5,
            "stock": 0
        },
        "2017-03-14": {
            "cash": 1.81,
            "stock": 0
        },
        "2018-08-10": {
            "cash": 2,
            "stock": 0
        },
        "2019-03-20": {
            "cash": 2.8,
            "stock": 0
        },
        "2020-08-04": {
            "cash": 2.3,
            "stock": 0
        },
        "2021-09-07": {
            "cash": 2.5,
            "stock": 0
        },
        "2022-08-15": {
            "cash": 3.6,
            "stock": 0
        },
        "2023-08-18": {
            "cash": 3.3,
            "stock": 0
        }
    },
    "prices": {
        "200101": "19.47",
        "200102": "24.36",
        "200103": "26.70",
        "200104": "28.15",
        "200105": "27.25",
        "200106": "22.88",
        "200107": "13.31",
        "200108": "10.85",
        "200109": "8.04",
        "200110": "7.87",
        "200111": "8.15",
        "200112": "10.25",
        "200201": "15.92",
        "200202": "14.59",
        "200203": "15.39",
        "200204": "16.80",
        "200205": "14.27",
        "200206": "12.52",
        "200207": "11.31",
        "200208": "9.45",
        "200209": "9.06",
        "200210": "8.23",
        "200211": "9.32",
        "200212": "10.68",
        "200301": "13.91",
        "200302": "11.08",
        "200303": "11.85",
        "200304": "11.21",
        "200305": "11.22",
        "200306": "13.86",
        "200307": "15.75",
        "200308": "15.06",
        "200309": "13.96",
        "200310": "14.67",
        "200311": "16.10",
        "200312": "16.92",
        "200401": "16.27",
        "200402": "16.92",
        "200403": "15.77",
        "200404": "15.98",
        "200405": "14.77",
        "200406": "14.67",
        "200407": "13.75",
        "200408": "13.61",
        "200409": "13.73",
        "200410": "11.89",
        "200411": "10.64",
        "200412": "9.78",
        "200501": "9.17",
        "200502": "9.01",
        "200503": "10.53",
        "200504": "12.01",
        "200505": "10.02",
        "200506": "10.25",
        "200507": "10.61",
        "200508": "13.44",
        "200509": "15.24",
        "200510": "14.64",
        "200511": "16.27",
        "200512": "22.42",
        "200601": "22.42",
        "200602": "21.07",
        "200603": "23.19",
        "200604": "29.42",
        "200605": "40.19",
        "200606": "39.23",
        "200607": "40.76",
        "200608": "39.24",
        "200609": "38.16",
        "200610": "36.51",
        "200611": "35.47",
        "200612": "36.80",
        "200701": "38.34",
        "200702": "37.85",
        "200703": "35.95",
        "200704": "37.54",
        "200705": "36.52",
        "200706": "37.37",
        "200707": "38.19",
        "200708": "30.90",
        "200709": "28.06",
        "200710": "28.55",
        "200711": "27.05",
        "200712": "23.64",
        "200801": "20.57",
        "200802": "19.66",
        "200803": "22.90",
        "200804": "22.85",
        "200805": "22.98",
        "200806": "19.49",
        "200807": "16.24",
        "200808": "15.92",
        "200809": "12.15",
        "200810": "10.26",
        "200811": "8.91",
        "200812": "8.65",
        "200901": "8.79",
        "200902": "8.76",
        "200903": "9.93",
        "200904": "11.66",
        "200905": "11.53",
        "200906": "10.88",
        "200907": "11.53",
        "200908": "11.60",
        "200909": "13.26",
        "200910": "14.24",
        "200911": "15.20",
        "200912": "16.85",
        "201001": "18.01",
        "201002": "17.98",
        "201003": "23.42",
        "201004": "28.27",
        "201005": "29.75",
        "201006": "29.40",
        "201007": "32.38",
        "201008": "34.41",
        "201009": "37.05",
        "201010": "36.05",
        "201011": "32.39",
        "201012": "34.84",
        "201101": "34.18",
        "201102": "32.92",
        "201103": "32.02",
        "201104": "32.97",
        "201105": "32.64",
        "201106": "33.00",
        "201107": "28.88",
        "201108": "23.45",
        "201109": "22.25",
        "201110": "22.75",
        "201111": "22.74",
        "201112": "20.86",
        "201201": "21.53",
        "201202": "25.16",
        "201203": "27.45",
        "201204": "25.95",
        "201205": "24.08",
        "201206": "23.29",
        "201207": "22.91",
        "201208": "20.56",
        "201209": "20.62",
        "201210": "19.15",
        "201211": "17.53",
        "201212": "17.72",
        "201301": "18.01",
        "201302": "17.95",
        "201303": "18.60",
        "201304": "18.96",
        "201305": "18.95",
        "201306": "18.98",
        "201307": "18.33",
        "201308": "16.99",
        "201309": "17.83",
        "201310": "17.93",
        "201311": "17.81",
        "201312": "17.40",
        "201401": "18.01",
        "201402": "18.78",
        "201403": "19.85",
        "201404": "20.20",
        "201405": "22.90",
        "201406": "26.91",
        "201407": "24.84",
        "201408": "23.56",
        "201409": "22.23",
        "201410": "20.69",
        "201411": "20.96",
        "201412": "22.23",
        "201501": "23.26",
        "201502": "23.12",
        "201503": "24.31",
        "201504": "23.77",
        "201505": "22.52",
        "201506": "21.16",
        "201507": "18.96",
        "201508": "16.90",
        "201509": "16.91",
        "201510": "17.99",
        "201511": "18.73",
        "201512": "19.04",
        "201601": "18.34",
        "201602": "18.66",
        "201603": "20.45",
        "201604": "20.67",
        "201605": "22.95",
        "201606": "26.40",
        "201607": "28.42",
        "201608": "31.08",
        "201609": "28.47",
        "201610": "28.58",
        "201611": "26.50",
        "201612": "27.56",
        "201701": "28.53",
        "201702": "30.71",
        "201703": "31.69",
        "201704": "31.47",
        "201705": "32.46",
        "201706": "32.35",
        "201707": "32.03",
        "201708": "30.43",
        "201709": "31.33",
        "201710": "31.98",
        "201711": "31.29",
        "201712": "30.36",
        "201801": "31.72",
        "201802": "35.22",
        "201803": "38.79",
        "201804": "40.25",
        "201805": "39.97",
        "201806": "40.80",
        "201807": "38.39",
        "201808": "43.20",
        "201809": "43.14",
        "201810": "33.59",
        "201811": "34.37",
        "201812": "38.77",
        "201901": "41.19",
        "201902": "41.26",
        "201903": "45.96",
        "201904": "52.21",
        "201905": "44.81",
        "201906": "42.64",
        "201907": "46.02",
        "201908": "42.22",
        "201909": "43.07",
        "201910": "41.34",
        "201911": "41.25",
        "201912": "41.22",
        "202001": "39.89",
        "202002": "38.20",
        "202003": "33.76",
        "202004": "37.39",
        "202005": "46.30",
        "202006": "49.66",
        "202007": "47.78",
        "202008": "44.00",
        "202009": "43.78",
        "202010": "43.26",
        "202011": "46.82",
        "202012": "51.01",
        "202101": "53.82",
        "202102": "58.79",
        "202103": "65.03",
        "202104": "65.25",
        "202105": "57.66",
        "202106": "61.95",
        "202107": "69.78",
        "202108": "66.98",
        "202109": "65.87",
        "202110": "60.96",
        "202111": "63.81",
        "202112": "60.70",
        "202201": "57.50",
        "202202": "56.75",
        "202203": "54.26",
        "202204": "52.16",
        "202205": "47.73",
        "202206": "46.27",
        "202207": "40.86",
        "202208": "42.16",
        "202209": "42.55",
        "202210": "39.52",
        "202211": "44.09",
        "202212": "47.38",
        "202301": "49.02",
        "202302": "57.52",
        "202303": "65.70",
        "202304": "66.01",
        "202305": "74.39",
        "202306": "82.76",
        "202307": "101.27",
        "202308": "100.00",
        "202309": "87.61",
        "202310": "105.29",
        "202311": "121.43",
        "202312": "130.55"
    },
    "quarters": {
        "20011": {
            "year_quarter": 20011,
            "year": 2001,
            "quarter": 1,
            "eps": 0.07,
            "eps_growth_year": -82.05,
            "eps_4q": 1.16,
            "eps_4q_growth_year": -22.2,
            "roe": 0.51,
            "roe_4q": 0.51,
            "gross_profit": 31348,
            "gross_margin": 13.26,
            "gross_margin_4q_avg": 13.26,
            "net_income": 3383,
            "net_income_4q": null,
            "revenue": 236478,
            "revenue_4q": null,
            "common_shares": 502000,
            "book_valuer_per_share": 13.36,
            "book_valuer_per_share_4q_avg": 13.36,
            "equity": 670915,
            "current_ratio": 123.88,
            "debt_ratio": 50.83,
            "inventory_turnover_ratio": 1.81,
            "account_receivable_turnover_ratio": null,
            "reinvestment_rate": null,
            "research_to_sale_ratio": null,
            "price_fair": 0,
            "eps_avg_yearly": 0,
            "eps_latest_yearly": 0,
            "eps_growth_yearly": 0
        },
        "20012": {
            "year_quarter": 20012,
            "year": 2001,
            "quarter": 2,
            "eps": -0.02,
            "eps_growth_year": -106.06,
            "eps_4q": 0.77,
            "eps_4q_growth_year": -40.36,
            "roe": -0.16,
            "roe_4q": 0.35,
            "gross_profit": 36693,
            "gross_margin": 12.87,
            "gross_margin_4q_avg": 13.07,
            "net_income": -1093,
            "net_income_4q": null,
            "revenue": 285079,
            "revenue_4q": null,
            "common_shares": 502000,
            "book_valuer_per_share": 13.16,
            "book_valuer_per_share_4q_avg": 13.26,
            "equity": 660660,
            "current_ratio": 119.14,
            "debt_ratio": 51.79,
            "inventory_turnover_ratio": 2.43,
            "account_receivable_turnover_ratio": null,
            "reinvestment_rate": null,
            "research_to_sale_ratio": null,
            "price_fair": 0,
            "eps_avg_yearly": 0,
            "eps_latest_yearly": 0,
            "eps_growth_yearly": 0
        },
        "20013": {
            "year_quarter": 20013,
            "year": 2001,
            "quarter": 3,
            "eps": 0.03,
            "eps_growth_year": -93.62,
            "eps_4q": 0.3,
            "eps_4q_growth_year": -79.31,
            "roe": 0.26,
            "roe_4q": 0.61,
            "gross_profit": 33759,
            "gross_margin": 14.96,
            "gross_margin_4q_avg": 13.7,
            "net_income": 1708,
            "net_income_4q": null,
            "revenue": 225654,
            "revenue_4q": null,
            "common_shares": 572657,
            "book_valuer_per_share": 11.57,
            "book_valuer_per_share_4q_avg": 12.7,
            "equity": 662368,
            "current_ratio": 116.77,
            "debt_ratio": 50.14,
            "inventory_turnover_ratio": 2.41,
            "account_receivable_turnover_ratio": null,
            "reinvestment_rate": null,
            "research_to_sale_ratio": null,
            "price_fair": 0,
            "eps_avg_yearly": 0,
            "eps_latest_yearly": 0,
            "eps_growth_yearly": 0
        },
        "20014": {
            "year_quarter": 20014,
            "year": 2001,
            "quarter": 4,
            "eps": -0.05,
            "eps_growth_year": -119.23,
            "eps_4q": 0.02,
            "eps_4q_growth_year": -98.58,
            "roe": -0.41,
            "roe_4q": 0.20000000000000007,
            "gross_profit": 21290,
            "gross_margin": 10.84,
            "gross_margin_4q_avg": 12.98,
            "net_income": -2727,
            "net_income_4q": null,
            "revenue": 196427,
            "revenue_4q": null,
            "common_shares": 572657,
            "book_valuer_per_share": 11.52,
            "book_valuer_per_share_4q_avg": 12.4,
            "equity": 659641,
            "current_ratio": 150.14,
            "debt_ratio": 46.36,
            "inventory_turnover_ratio": 2.7,
            "account_receivable_turnover_ratio": null,
            "reinvestment_rate": null,
            "research_to_sale_ratio": null,
            "price_fair": 0,
            "eps_avg_yearly": 0,
            "eps_latest_yearly": 0,
            "eps_growth_yearly": 0
        },
        "20021": {
            "year_quarter": 20021,
            "year": 2002,
            "quarter": 1,
            "eps": 0.04,
            "eps_growth_year": -42.86,
            "eps_4q": 0,
            "eps_4q_growth_year": -99.65,
            "roe": 0.36,
            "roe_4q": 0.05000000000000002,
            "gross_profit": 33205,
            "gross_margin": 16.38,
            "gross_margin_4q_avg": 13.76,
            "net_income": 2352,
            "net_income_4q": null,
            "revenue": 202737,
            "revenue_4q": null,
            "common_shares": 572657,
            "book_valuer_per_share": 11.56,
            "book_valuer_per_share_4q_avg": 11.95,
            "equity": 661812,
            "current_ratio": 127.42,
            "debt_ratio": 45.11,
            "inventory_turnover_ratio": 2.76,
            "account_receivable_turnover_ratio": null,
            "reinvestment_rate": null,
            "research_to_sale_ratio": null,
            "price_fair": 0,
            "eps_avg_yearly": 0,
            "eps_latest_yearly": 0,
            "eps_growth_yearly": 0
        },
        "20022": {
            "year_quarter": 20022,
            "year": 2002,
            "quarter": 2,
            "eps": 0.02,
            "eps_growth_year": null,
            "eps_4q": 0.04,
            "eps_4q_growth_year": -95.01,
            "roe": 0.22,
            "roe_4q": 0.43,
            "gross_profit": 32751,
            "gross_margin": 16.23,
            "gross_margin_4q_avg": 14.6,
            "net_income": 1451,
            "net_income_4q": null,
            "revenue": 201737,
            "revenue_4q": null,
            "common_shares": 572657,
            "book_valuer_per_share": 11.55,
            "book_valuer_per_share_4q_avg": 11.55,
            "equity": 661683,
            "current_ratio": 122.31,
            "debt_ratio": 44.15,
            "inventory_turnover_ratio": 2.81,
            "account_receivable_turnover_ratio": null,
            "reinvestment_rate": null,
            "research_to_sale_ratio": null,
            "price_fair": 0.24,
            "eps_avg_yearly": 0.08,
            "eps_latest_yearly": 0.08,
            "eps_growth_yearly": -200
        },
        "20023": {
            "year_quarter": 20023,
            "year": 2002,
            "quarter": 3,
            "eps": 0.14,
            "eps_growth_year": 366.67,
            "eps_4q": 0.16,
            "eps_4q_growth_year": -46.63,
            "roe": 1.22,
            "roe_4q": 1.39,
            "gross_profit": 36374,
            "gross_margin": 18.52,
            "gross_margin_4q_avg": 15.49,
            "net_income": 8106,
            "net_income_4q": null,
            "revenue": 196442,
            "revenue_4q": null,
            "common_shares": 589837,
            "book_valuer_per_share": 11.38,
            "book_valuer_per_share_4q_avg": 11.5,
            "equity": 671441,
            "current_ratio": 128.75,
            "debt_ratio": 41.2,
            "inventory_turnover_ratio": 2.61,
            "account_receivable_turnover_ratio": null,
            "reinvestment_rate": null,
            "research_to_sale_ratio": null,
            "price_fair": 11.2,
            "eps_avg_yearly": 0.32,
            "eps_latest_yearly": 0.56,
            "eps_growth_yearly": 1100
        },
        "20024": {
            "year_quarter": 20024,
            "year": 2002,
            "quarter": 4,
            "eps": 0.79,
            "eps_growth_year": null,
            "eps_4q": 0.99,
            "eps_4q_growth_year": 4861.71,
            "roe": 6.58,
            "roe_4q": 8.379999999999999,
            "gross_profit": 65273,
            "gross_margin": 27.08,
            "gross_margin_4q_avg": 19.55,
            "net_income": 46496,
            "net_income_4q": null,
            "revenue": 241061,
            "revenue_4q": null,
            "common_shares": 589836,
            "book_valuer_per_share": 12.17,
            "book_valuer_per_share_4q_avg": 11.67,
            "equity": 741286,
            "current_ratio": 153.92,
            "debt_ratio": 40.58,
            "inventory_turnover_ratio": 2.48,
            "account_receivable_turnover_ratio": null,
            "reinvestment_rate": 8.56,
            "research_to_sale_ratio": null,
            "price_fair": 44.33,
            "eps_avg_yearly": 1.27,
            "eps_latest_yearly": 3.16,
            "eps_growth_yearly": 1352.38
        },
        "20031": {
            "year_quarter": 20031,
            "year": 2003,
            "quarter": 1,
            "eps": 0.34,
            "eps_growth_year": 750,
            "eps_4q": 1.3,
            "eps_4q_growth_year": 31665.8,
            "roe": 2.7,
            "roe_4q": 10.720000000000002,
            "gross_profit": 54593,
            "gross_margin": 26.02,
            "gross_margin_4q_avg": 21.96,
            "net_income": 19921,
            "net_income_4q": null,
            "revenue": 209794,
            "revenue_4q": null,
            "common_shares": 589836,
            "book_valuer_per_share": 12.48,
            "book_valuer_per_share_4q_avg": 11.9,
            "equity": 736223,
            "current_ratio": 168.29,
            "debt_ratio": 36.84,
            "inventory_turnover_ratio": 2.02,
            "account_receivable_turnover_ratio": null,
            "reinvestment_rate": -27.32,
            "research_to_sale_ratio": null,
            "price_fair": 45.15,
            "eps_avg_yearly": 1.29,
            "eps_latest_yearly": 1.36,
            "eps_growth_yearly": 957.32
        },
        "20032": {
            "year_quarter": 20032,
            "year": 2003,
            "quarter": 2,
            "eps": 0.3,
            "eps_growth_year": 1400,
            "eps_4q": 1.57,
            "eps_4q_growth_year": 3986.78,
            "roe": 2.41,
            "roe_4q": 12.910000000000002,
            "gross_profit": 48831,
            "gross_margin": 23.54,
            "gross_margin_4q_avg": 23.79,
            "net_income": 17628,
            "net_income_4q": null,
            "revenue": 207461,
            "revenue_4q": null,
            "common_shares": 589837,
            "book_valuer_per_share": 12.28,
            "book_valuer_per_share_4q_avg": 12.08,
            "equity": 724188,
            "current_ratio": 163.74,
            "debt_ratio": 37.11,
            "inventory_turnover_ratio": 2.27,
            "account_receivable_turnover_ratio": null,
            "reinvestment_rate": -35.79,
            "research_to_sale_ratio": null,
            "price_fair": 44.52,
            "eps_avg_yearly": 1.27,
            "eps_latest_yearly": 1.2,
            "eps_growth_yearly": 756.45
        },
        "20033": {
            "year_quarter": 20033,
            "year": 2003,
            "quarter": 3,
            "eps": 0.4,
            "eps_growth_year": 185.71,
            "eps_4q": 1.81,
            "eps_4q_growth_year": 1042.49,
            "roe": 3.24,
            "roe_4q": 14.930000000000001,
            "gross_profit": 58943,
            "gross_margin": 23.8,
            "gross_margin_4q_avg": 25.11,
            "net_income": 23812,
            "net_income_4q": null,
            "revenue": 247610,
            "revenue_4q": null,
            "common_shares": 595735,
            "book_valuer_per_share": 12.53,
            "book_valuer_per_share_4q_avg": 12.37,
            "equity": 746703,
            "current_ratio": 162.05,
            "debt_ratio": 37.41,
            "inventory_turnover_ratio": 2.73,
            "account_receivable_turnover_ratio": null,
            "reinvestment_rate": -37.44,
            "research_to_sale_ratio": null,
            "price_fair": 46.43,
            "eps_avg_yearly": 1.33,
            "eps_latest_yearly": 1.6,
            "eps_growth_yearly": 652.59
        },
        "20034": {
            "year_quarter": 20034,
            "year": 2003,
            "quarter": 4,
            "eps": 0.26,
            "eps_growth_year": -67.09,
            "eps_4q": 1.31,
            "eps_4q_growth_year": 31.58,
            "roe": 2,
            "roe_4q": 10.350000000000001,
            "gross_profit": 52943,
            "gross_margin": 21.01,
            "gross_margin_4q_avg": 23.59,
            "net_income": 15257,
            "net_income_4q": null,
            "revenue": 251984,
            "revenue_4q": null,
            "common_shares": 595734,
            "book_valuer_per_share": 12.8,
            "book_valuer_per_share_4q_avg": 12.52,
            "equity": 779145,
            "current_ratio": 138.63,
            "debt_ratio": 43.51,
            "inventory_turnover_ratio": 2.08,
            "account_receivable_turnover_ratio": null,
            "reinvestment_rate": -3.37,
            "research_to_sale_ratio": null,
            "price_fair": 45,
            "eps_avg_yearly": 1.29,
            "eps_latest_yearly": 1.04,
            "eps_growth_yearly": 539.37
        },
        "20041": {
            "year_quarter": 20041,
            "year": 2004,
            "quarter": 1,
            "eps": 0.14,
            "eps_growth_year": -58.82,
            "eps_4q": 1.09,
            "eps_4q_growth_year": -15.96,
            "roe": 1.08,
            "roe_4q": 8.73,
            "gross_profit": 33087,
            "gross_margin": 14.13,
            "gross_margin_4q_avg": 20.62,
            "net_income": 8358,
            "net_income_4q": null,
            "revenue": 234110,
            "revenue_4q": null,
            "common_shares": 595734,
            "book_valuer_per_share": 12.92,
            "book_valuer_per_share_4q_avg": 12.63,
            "equity": 769553,
            "current_ratio": 153.17,
            "debt_ratio": 37.56,
            "inventory_turnover_ratio": 1.74,
            "account_receivable_turnover_ratio": null,
            "reinvestment_rate": -29.36,
            "research_to_sale_ratio": null,
            "price_fair": 41.83,
            "eps_avg_yearly": 1.2,
            "eps_latest_yearly": 0.56,
            "eps_growth_yearly": 448.87
        },
        "20042": {
            "year_quarter": 20042,
            "year": 2004,
            "quarter": 2,
            "eps": 0.17,
            "eps_growth_year": -43.33,
            "eps_4q": 0.92,
            "eps_4q_growth_year": -41.62,
            "roe": 1.43,
            "roe_4q": 7.75,
            "gross_profit": 38602,
            "gross_margin": 14.17,
            "gross_margin_4q_avg": 18.28,
            "net_income": 10815,
            "net_income_4q": null,
            "revenue": 272507,
            "revenue_4q": null,
            "common_shares": 595734,
            "book_valuer_per_share": 12.5,
            "book_valuer_per_share_4q_avg": 12.69,
            "equity": 744409,
            "current_ratio": 136.83,
            "debt_ratio": 40.8,
            "inventory_turnover_ratio": 1.84,
            "account_receivable_turnover_ratio": null,
            "reinvestment_rate": -27.5,
            "research_to_sale_ratio": null,
            "price_fair": 39.82,
            "eps_avg_yearly": 1.14,
            "eps_latest_yearly": 0.68,
            "eps_growth_yearly": 408.52
        },
        "20043": {
            "year_quarter": 20043,
            "year": 2004,
            "quarter": 3,
            "eps": 0.04,
            "eps_growth_year": -90,
            "eps_4q": 0.62,
            "eps_4q_growth_year": -65.96,
            "roe": 0.32,
            "roe_4q": 4.83,
            "gross_profit": 26763,
            "gross_margin": 10.45,
            "gross_margin_4q_avg": 14.94,
            "net_income": 2388,
            "net_income_4q": null,
            "revenue": 256158,
            "revenue_4q": null,
            "common_shares": 634879,
            "book_valuer_per_share": 11.77,
            "book_valuer_per_share_4q_avg": 12.5,
            "equity": 746970,
            "current_ratio": 133.83,
            "debt_ratio": 40.65,
            "inventory_turnover_ratio": 1.65,
            "account_receivable_turnover_ratio": null,
            "reinvestment_rate": -24.3,
            "research_to_sale_ratio": null,
            "price_fair": 36.4,
            "eps_avg_yearly": 1.04,
            "eps_latest_yearly": 0.16,
            "eps_growth_yearly": 337.08
        },
        "20044": {
            "year_quarter": 20044,
            "year": 2004,
            "quarter": 4,
            "eps": 0.31,
            "eps_growth_year": 19.23,
            "eps_4q": 0.65,
            "eps_4q_growth_year": -49.98,
            "roe": 2.6,
            "roe_4q": 5.43,
            "gross_profit": 47798,
            "gross_margin": 16.11,
            "gross_margin_4q_avg": 13.72,
            "net_income": 19480,
            "net_income_4q": null,
            "revenue": 296609,
            "revenue_4q": null,
            "common_shares": 634879,
            "book_valuer_per_share": 11.67,
            "book_valuer_per_share_4q_avg": 12.22,
            "equity": 751227,
            "current_ratio": 123.94,
            "debt_ratio": 46.74,
            "inventory_turnover_ratio": 1.76,
            "account_receivable_turnover_ratio": null,
            "reinvestment_rate": -10.16,
            "research_to_sale_ratio": null,
            "price_fair": 37.04,
            "eps_avg_yearly": 1.06,
            "eps_latest_yearly": 1.24,
            "eps_growth_yearly": 551.89
        },
        "20051": {
            "year_quarter": 20051,
            "year": 2005,
            "quarter": 1,
            "eps": 0.2,
            "eps_growth_year": 42.86,
            "eps_4q": 0.73,
            "eps_4q_growth_year": -33.45,
            "roe": 1.66,
            "roe_4q": 6.01,
            "gross_profit": 48284,
            "gross_margin": 17.65,
            "gross_margin_4q_avg": 14.6,
            "net_income": 12446,
            "net_income_4q": null,
            "revenue": 273511,
            "revenue_4q": null,
            "common_shares": 610499,
            "book_valuer_per_share": 12.29,
            "book_valuer_per_share_4q_avg": 12.06,
            "equity": 750579,
            "current_ratio": 152.66,
            "debt_ratio": 41.62,
            "inventory_turnover_ratio": 1.7,
            "account_receivable_turnover_ratio": null,
            "reinvestment_rate": -42.84,
            "research_to_sale_ratio": null,
            "price_fair": 36.28,
            "eps_avg_yearly": 1.04,
            "eps_latest_yearly": 0.8,
            "eps_growth_yearly": 494.07
        },
        "20052": {
            "year_quarter": 20052,
            "year": 2005,
            "quarter": 2,
            "eps": 0.68,
            "eps_growth_year": 300,
            "eps_4q": 1.24,
            "eps_4q_growth_year": 35.66,
            "roe": 5.54,
            "roe_4q": 10.120000000000001,
            "gross_profit": 55011,
            "gross_margin": 19.05,
            "gross_margin_4q_avg": 15.82,
            "net_income": 41518,
            "net_income_4q": null,
            "revenue": 288700,
            "revenue_4q": null,
            "common_shares": 610499,
            "book_valuer_per_share": 12.27,
            "book_valuer_per_share_4q_avg": 12,
            "equity": 749319,
            "current_ratio": 149.76,
            "debt_ratio": 40.9,
            "inventory_turnover_ratio": 2.12,
            "account_receivable_turnover_ratio": null,
            "reinvestment_rate": -37.01,
            "research_to_sale_ratio": null,
            "price_fair": 40.82,
            "eps_avg_yearly": 1.17,
            "eps_latest_yearly": 2.72,
            "eps_growth_yearly": 529.91
        },
        "20053": {
            "year_quarter": 20053,
            "year": 2005,
            "quarter": 3,
            "eps": 0.71,
            "eps_growth_year": 1675,
            "eps_4q": 1.92,
            "eps_4q_growth_year": 211.73,
            "roe": 5.58,
            "roe_4q": 15.38,
            "gross_profit": 66532,
            "gross_margin": 22.24,
            "gross_margin_4q_avg": 18.76,
            "net_income": 43007,
            "net_income_4q": null,
            "revenue": 299154,
            "revenue_4q": null,
            "common_shares": 601239,
            "book_valuer_per_share": 13.18,
            "book_valuer_per_share_4q_avg": 12.35,
            "equity": 792604,
            "current_ratio": 157.39,
            "debt_ratio": 39.88,
            "inventory_turnover_ratio": 2.27,
            "account_receivable_turnover_ratio": null,
            "reinvestment_rate": -32.96,
            "research_to_sale_ratio": null,
            "price_fair": 45,
            "eps_avg_yearly": 1.29,
            "eps_latest_yearly": 2.84,
            "eps_growth_yearly": 493.32
        },
        "20054": {
            "year_quarter": 20054,
            "year": 2005,
            "quarter": 4,
            "eps": 0.83,
            "eps_growth_year": 167.74,
            "eps_4q": 2.43,
            "eps_4q_growth_year": 272.76,
            "roe": 6.1,
            "roe_4q": 18.88,
            "gross_profit": 75933,
            "gross_margin": 23.04,
            "gross_margin_4q_avg": 20.5,
            "net_income": 50160,
            "net_income_4q": null,
            "revenue": 329621,
            "revenue_4q": null,
            "common_shares": 601239,
            "book_valuer_per_share": 14.01,
            "book_valuer_per_share_4q_avg": 12.94,
            "equity": 851529,
            "current_ratio": 139.99,
            "debt_ratio": 45.27,
            "inventory_turnover_ratio": 1.95,
            "account_receivable_turnover_ratio": null,
            "reinvestment_rate": -4.44,
            "research_to_sale_ratio": null,
            "price_fair": 49.75,
            "eps_avg_yearly": 1.42,
            "eps_latest_yearly": 3.32,
            "eps_growth_yearly": 464.94
        },
        "20061": {
            "year_quarter": 20061,
            "year": 2006,
            "quarter": 1,
            "eps": 0.84,
            "eps_growth_year": 320,
            "eps_4q": 3.09,
            "eps_4q_growth_year": 326.46,
            "roe": 5.76,
            "roe_4q": 22.979999999999997,
            "gross_profit": 81563,
            "gross_margin": 23.31,
            "gross_margin_4q_avg": 21.91,
            "net_income": 50223,
            "net_income_4q": null,
            "revenue": 349962,
            "revenue_4q": null,
            "common_shares": 600429,
            "book_valuer_per_share": 14.87,
            "book_valuer_per_share_4q_avg": 13.58,
            "equity": 892565,
            "current_ratio": 170.4,
            "debt_ratio": 37.5,
            "inventory_turnover_ratio": 1.83,
            "account_receivable_turnover_ratio": null,
            "reinvestment_rate": -19.16,
            "research_to_sale_ratio": null,
            "price_fair": 53.99,
            "eps_avg_yearly": 1.54,
            "eps_latest_yearly": 3.36,
            "eps_growth_yearly": 436.18
        },
        "20062": {
            "year_quarter": 20062,
            "year": 2006,
            "quarter": 2,
            "eps": 1.2,
            "eps_growth_year": 76.47,
            "eps_4q": 3.25,
            "eps_4q_growth_year": 161.41,
            "roe": 9.2,
            "roe_4q": 26.64,
            "gross_profit": 132743,
            "gross_margin": 25.76,
            "gross_margin_4q_avg": 23.59,
            "net_income": 84069,
            "net_income_4q": null,
            "revenue": 515261,
            "revenue_4q": null,
            "common_shares": 600429,
            "book_valuer_per_share": 15.58,
            "book_valuer_per_share_4q_avg": 14.41,
            "equity": 935747,
            "current_ratio": 148.42,
            "debt_ratio": 45.47,
            "inventory_turnover_ratio": 2.51,
            "account_receivable_turnover_ratio": null,
            "reinvestment_rate": -20.37,
            "research_to_sale_ratio": null,
            "price_fair": 64.31,
            "eps_avg_yearly": 1.84,
            "eps_latest_yearly": 4.8,
            "eps_growth_yearly": 459.4
        },
        "20063": {
            "year_quarter": 20063,
            "year": 2006,
            "quarter": 3,
            "eps": 1.14,
            "eps_growth_year": 60.56,
            "eps_4q": 3.78,
            "eps_4q_growth_year": 96.72,
            "roe": 8.16,
            "roe_4q": 29.22,
            "gross_profit": 116764,
            "gross_margin": 22.94,
            "gross_margin_4q_avg": 23.76,
            "net_income": 79590,
            "net_income_4q": null,
            "revenue": 509026,
            "revenue_4q": null,
            "common_shares": 697698,
            "book_valuer_per_share": 14.56,
            "book_valuer_per_share_4q_avg": 14.76,
            "equity": 1015784,
            "current_ratio": 153.02,
            "debt_ratio": 42.06,
            "inventory_turnover_ratio": 2.5,
            "account_receivable_turnover_ratio": null,
            "reinvestment_rate": -3.27,
            "research_to_sale_ratio": null,
            "price_fair": 73.06,
            "eps_avg_yearly": 2.09,
            "eps_latest_yearly": 4.56,
            "eps_growth_yearly": 308.15
        },
        "20064": {
            "year_quarter": 20064,
            "year": 2006,
            "quarter": 4,
            "eps": 0.32,
            "eps_growth_year": -61.45,
            "eps_4q": 3.34,
            "eps_4q_growth_year": 37.31,
            "roe": 2.2,
            "roe_4q": 25.32,
            "gross_profit": 53641,
            "gross_margin": 13,
            "gross_margin_4q_avg": 21.25,
            "net_income": 22641,
            "net_income_4q": null,
            "revenue": 412727,
            "revenue_4q": null,
            "common_shares": 697698,
            "book_valuer_per_share": 14.88,
            "book_valuer_per_share_4q_avg": 14.97,
            "equity": 1043912,
            "current_ratio": 141.13,
            "debt_ratio": 45.16,
            "inventory_turnover_ratio": 2.17,
            "account_receivable_turnover_ratio": null,
            "reinvestment_rate": 14.46,
            "research_to_sale_ratio": null,
            "price_fair": 68.95,
            "eps_avg_yearly": 1.97,
            "eps_latest_yearly": 1.28,
            "eps_growth_yearly": 174.09
        },
        "20071": {
            "year_quarter": 20071,
            "year": 2007,
            "quarter": 1,
            "eps": 0.73,
            "eps_growth_year": -13.1,
            "eps_4q": 3.41,
            "eps_4q_growth_year": 10.42,
            "roe": 4.75,
            "roe_4q": 24.31,
            "gross_profit": 75562,
            "gross_margin": 18.81,
            "gross_margin_4q_avg": 20.13,
            "net_income": 50653,
            "net_income_4q": null,
            "revenue": 401764,
            "revenue_4q": null,
            "common_shares": 697698,
            "book_valuer_per_share": 15.61,
            "book_valuer_per_share_4q_avg": 15.16,
            "equity": 1088936,
            "current_ratio": 177.37,
            "debt_ratio": 36.01,
            "inventory_turnover_ratio": 2.04,
            "account_receivable_turnover_ratio": null,
            "reinvestment_rate": 17.32,
            "research_to_sale_ratio": null,
            "price_fair": 72.36,
            "eps_avg_yearly": 2.07,
            "eps_latest_yearly": 2.92,
            "eps_growth_yearly": 220.36
        },
        "20072": {
            "year_quarter": 20072,
            "year": 2007,
            "quarter": 2,
            "eps": 0.44,
            "eps_growth_year": -63.33,
            "eps_4q": 2.53,
            "eps_4q_growth_year": -22.23,
            "roe": 3.15,
            "roe_4q": 18.26,
            "gross_profit": 60389,
            "gross_margin": 12.78,
            "gross_margin_4q_avg": 16.88,
            "net_income": 32261,
            "net_income_4q": null,
            "revenue": 472494,
            "revenue_4q": null,
            "common_shares": 697698,
            "book_valuer_per_share": 13.72,
            "book_valuer_per_share_4q_avg": 14.69,
            "equity": 956946,
            "current_ratio": 129.57,
            "debt_ratio": 48.36,
            "inventory_turnover_ratio": 3.1,
            "account_receivable_turnover_ratio": null,
            "reinvestment_rate": 23.7,
            "research_to_sale_ratio": null,
            "price_fair": 73.59,
            "eps_avg_yearly": 2.1,
            "eps_latest_yearly": 1.76,
            "eps_growth_yearly": 213.37
        },
        "20073": {
            "year_quarter": 20073,
            "year": 2007,
            "quarter": 3,
            "eps": 0.68,
            "eps_growth_year": -40.35,
            "eps_4q": 2.11,
            "eps_4q_growth_year": -44.32,
            "roe": 5.13,
            "roe_4q": 15.23,
            "gross_profit": 86083,
            "gross_margin": 16.53,
            "gross_margin_4q_avg": 15.28,
            "net_income": 50344,
            "net_income_4q": null,
            "revenue": 520908,
            "revenue_4q": null,
            "common_shares": 738739,
            "book_valuer_per_share": 13.64,
            "book_valuer_per_share_4q_avg": 14.46,
            "equity": 1007280,
            "current_ratio": 130.51,
            "debt_ratio": 47.73,
            "inventory_turnover_ratio": 2.89,
            "account_receivable_turnover_ratio": null,
            "reinvestment_rate": 29.25,
            "research_to_sale_ratio": null,
            "price_fair": 76.04,
            "eps_avg_yearly": 2.17,
            "eps_latest_yearly": 2.72,
            "eps_growth_yearly": 218.68
        },
        "20074": {
            "year_quarter": 20074,
            "year": 2007,
            "quarter": 4,
            "eps": 0.73,
            "eps_growth_year": 128.12,
            "eps_4q": 2.54,
            "eps_4q_growth_year": -23.91,
            "roe": 5.19,
            "roe_4q": 18.22,
            "gross_profit": 113660,
            "gross_margin": 17.97,
            "gross_margin_4q_avg": 16.52,
            "net_income": 53634,
            "net_income_4q": null,
            "revenue": 632349,
            "revenue_4q": null,
            "common_shares": 738739,
            "book_valuer_per_share": 14.34,
            "book_valuer_per_share_4q_avg": 14.33,
            "equity": 1061322,
            "current_ratio": 125.56,
            "debt_ratio": 50.28,
            "inventory_turnover_ratio": 2.88,
            "account_receivable_turnover_ratio": null,
            "reinvestment_rate": 27.05,
            "research_to_sale_ratio": null,
            "price_fair": 80.15,
            "eps_avg_yearly": 2.29,
            "eps_latest_yearly": 2.92,
            "eps_growth_yearly": 229.27
        },
        "20081": {
            "year_quarter": 20081,
            "year": 2008,
            "quarter": 1,
            "eps": 0.37,
            "eps_growth_year": -49.32,
            "eps_4q": 2.23,
            "eps_4q_growth_year": -34.62,
            "roe": 2.53,
            "roe_4q": 16,
            "gross_profit": 93200,
            "gross_margin": 16.3,
            "gross_margin_4q_avg": 15.9,
            "net_income": 27165,
            "net_income_4q": null,
            "revenue": 571606,
            "revenue_4q": null,
            "common_shares": 738739,
            "book_valuer_per_share": 14.7,
            "book_valuer_per_share_4q_avg": 14.1,
            "equity": 1087592,
            "current_ratio": 134.13,
            "debt_ratio": 48.56,
            "inventory_turnover_ratio": 2.39,
            "account_receivable_turnover_ratio": null,
            "reinvestment_rate": 35.27,
            "research_to_sale_ratio": null,
            "price_fair": 82.16,
            "eps_avg_yearly": 2.35,
            "eps_latest_yearly": 1.48,
            "eps_growth_yearly": 228.48
        },
        "20082": {
            "year_quarter": 20082,
            "year": 2008,
            "quarter": 2,
            "eps": 0.26,
            "eps_growth_year": -40.91,
            "eps_4q": 2.12,
            "eps_4q_growth_year": -16.01,
            "roe": 1.81,
            "roe_4q": 14.66,
            "gross_profit": 86484,
            "gross_margin": 16.18,
            "gross_margin_4q_avg": 16.75,
            "net_income": 18582,
            "net_income_4q": null,
            "revenue": 534355,
            "revenue_4q": null,
            "common_shares": 738739,
            "book_valuer_per_share": 13.08,
            "book_valuer_per_share_4q_avg": 13.94,
            "equity": 966371,
            "current_ratio": 114.92,
            "debt_ratio": 52.92,
            "inventory_turnover_ratio": 2.24,
            "account_receivable_turnover_ratio": null,
            "reinvestment_rate": 39.39,
            "research_to_sale_ratio": null,
            "price_fair": 82.95,
            "eps_avg_yearly": 2.37,
            "eps_latest_yearly": 1.04,
            "eps_growth_yearly": 215.69
        },
        "20083": {
            "year_quarter": 20083,
            "year": 2008,
            "quarter": 3,
            "eps": 0.65,
            "eps_growth_year": -4.41,
            "eps_4q": 2.01,
            "eps_4q_growth_year": -4.69,
            "roe": 4.91,
            "roe_4q": 14.440000000000001,
            "gross_profit": 101349,
            "gross_margin": 17.07,
            "gross_margin_4q_avg": 16.88,
            "net_income": 48579,
            "net_income_4q": null,
            "revenue": 593675,
            "revenue_4q": null,
            "common_shares": 755252,
            "book_valuer_per_share": 13.4,
            "book_valuer_per_share_4q_avg": 13.88,
            "equity": 1012301,
            "current_ratio": 131.01,
            "debt_ratio": 51.64,
            "inventory_turnover_ratio": 2.6,
            "account_receivable_turnover_ratio": null,
            "reinvestment_rate": 35.09,
            "research_to_sale_ratio": null,
            "price_fair": 88.29,
            "eps_avg_yearly": 2.52,
            "eps_latest_yearly": 2.6,
            "eps_growth_yearly": 272.3
        },
        "20084": {
            "year_quarter": 20084,
            "year": 2008,
            "quarter": 4,
            "eps": -0.37,
            "eps_growth_year": -150.68,
            "eps_4q": 0.94,
            "eps_4q_growth_year": -63.1,
            "roe": -2.84,
            "roe_4q": 6.41,
            "gross_profit": 57412,
            "gross_margin": 16.26,
            "gross_margin_4q_avg": 16.45,
            "net_income": -28178,
            "net_income_4q": null,
            "revenue": 353030,
            "revenue_4q": null,
            "common_shares": 755252,
            "book_valuer_per_share": 12.91,
            "book_valuer_per_share_4q_avg": 13.52,
            "equity": 975068,
            "current_ratio": 147.19,
            "debt_ratio": 45.5,
            "inventory_turnover_ratio": 1.82,
            "account_receivable_turnover_ratio": 1.2,
            "reinvestment_rate": 17.19,
            "research_to_sale_ratio": null,
            "price_fair": 91.28,
            "eps_avg_yearly": 2.61,
            "eps_latest_yearly": 2.6,
            "eps_growth_yearly": 110.46
        },
        "20091": {
            "year_quarter": 20091,
            "year": 2009,
            "quarter": 1,
            "eps": 0.12,
            "eps_growth_year": -67.57,
            "eps_4q": 0.65,
            "eps_4q_growth_year": -70.7,
            "roe": 0.93,
            "roe_4q": 4.8100000000000005,
            "gross_profit": 32106,
            "gross_margin": 11.05,
            "gross_margin_4q_avg": 15.14,
            "net_income": 9105,
            "net_income_4q": null,
            "revenue": 290582,
            "revenue_4q": null,
            "common_shares": 743732,
            "book_valuer_per_share": 13.17,
            "book_valuer_per_share_4q_avg": 13.14,
            "equity": 979126,
            "current_ratio": 165.35,
            "debt_ratio": 39.13,
            "inventory_turnover_ratio": 2.13,
            "account_receivable_turnover_ratio": 0.59,
            "reinvestment_rate": 22.13,
            "research_to_sale_ratio": null,
            "price_fair": 95.8,
            "eps_avg_yearly": 2.74,
            "eps_latest_yearly": 2.6,
            "eps_growth_yearly": 128.49
        },
        "20092": {
            "year_quarter": 20092,
            "year": 2009,
            "quarter": 2,
            "eps": 0.18,
            "eps_growth_year": -30.77,
            "eps_4q": 0.57,
            "eps_4q_growth_year": -72.97,
            "roe": 1.41,
            "roe_4q": 4.41,
            "gross_profit": 43558,
            "gross_margin": 14.02,
            "gross_margin_4q_avg": 14.6,
            "net_income": 13606,
            "net_income_4q": null,
            "revenue": 310769,
            "revenue_4q": null,
            "common_shares": 742202,
            "book_valuer_per_share": 12.81,
            "book_valuer_per_share_4q_avg": 13.07,
            "equity": 950880,
            "current_ratio": 157.81,
            "debt_ratio": 40.37,
            "inventory_turnover_ratio": 2.83,
            "account_receivable_turnover_ratio": 0.8,
            "reinvestment_rate": 15.9,
            "research_to_sale_ratio": null,
            "price_fair": 90.8,
            "eps_avg_yearly": 2.59,
            "eps_latest_yearly": 0.72,
            "eps_growth_yearly": 74.2
        },
        "20093": {
            "year_quarter": 20093,
            "year": 2009,
            "quarter": 3,
            "eps": 0.47,
            "eps_growth_year": -27.69,
            "eps_4q": 0.4,
            "eps_4q_growth_year": -80.14,
            "roe": 3.69,
            "roe_4q": 3.1899999999999995,
            "gross_profit": 82649,
            "gross_margin": 22.81,
            "gross_margin_4q_avg": 16.04,
            "net_income": 35769,
            "net_income_4q": null,
            "revenue": 362397,
            "revenue_4q": null,
            "common_shares": 757046,
            "book_valuer_per_share": 13.03,
            "book_valuer_per_share_4q_avg": 12.98,
            "equity": 986283,
            "current_ratio": 170.04,
            "debt_ratio": 37.8,
            "inventory_turnover_ratio": 3.24,
            "account_receivable_turnover_ratio": 0.89,
            "reinvestment_rate": 13.93,
            "research_to_sale_ratio": null,
            "price_fair": 88.4,
            "eps_avg_yearly": 2.53,
            "eps_latest_yearly": 1.88,
            "eps_growth_yearly": 118.97
        },
        "20094": {
            "year_quarter": 20094,
            "year": 2009,
            "quarter": 4,
            "eps": 0.69,
            "eps_growth_year": null,
            "eps_4q": 1.46,
            "eps_4q_growth_year": 55.54,
            "roe": 5.14,
            "roe_4q": 11.17,
            "gross_profit": 103291,
            "gross_margin": 25.86,
            "gross_margin_4q_avg": 18.44,
            "net_income": 52037,
            "net_income_4q": null,
            "revenue": 399457,
            "revenue_4q": null,
            "common_shares": 757046,
            "book_valuer_per_share": 13.71,
            "book_valuer_per_share_4q_avg": 13.18,
            "equity": 1038246,
            "current_ratio": 175.78,
            "debt_ratio": 37.4,
            "inventory_turnover_ratio": 2.99,
            "account_receivable_turnover_ratio": 1.5,
            "reinvestment_rate": 1.29,
            "research_to_sale_ratio": null,
            "price_fair": 87,
            "eps_avg_yearly": 2.49,
            "eps_latest_yearly": 2.76,
            "eps_growth_yearly": 127.52
        },
        "20101": {
            "year_quarter": 20101,
            "year": 2010,
            "quarter": 1,
            "eps": 0.79,
            "eps_growth_year": 558.33,
            "eps_4q": 2.12,
            "eps_4q_growth_year": 224.77,
            "roe": 5.57,
            "roe_4q": 15.81,
            "gross_profit": 104624,
            "gross_margin": 24.41,
            "gross_margin_4q_avg": 21.78,
            "net_income": 59448,
            "net_income_4q": null,
            "revenue": 428557,
            "revenue_4q": null,
            "common_shares": 757046,
            "book_valuer_per_share": 14.5,
            "book_valuer_per_share_4q_avg": 13.51,
            "equity": 1097678,
            "current_ratio": 181.89,
            "debt_ratio": 36.87,
            "inventory_turnover_ratio": 2.85,
            "account_receivable_turnover_ratio": 0.78,
            "reinvestment_rate": 7.16,
            "research_to_sale_ratio": null,
            "price_fair": 86.5,
            "eps_avg_yearly": 2.47,
            "eps_latest_yearly": 3.16,
            "eps_growth_yearly": 131.31
        },
        "20102": {
            "year_quarter": 20102,
            "year": 2010,
            "quarter": 2,
            "eps": 1.21,
            "eps_growth_year": 569.63,
            "eps_4q": 3.15,
            "eps_4q_growth_year": 449.55,
            "roe": 8.34,
            "roe_4q": 22.740000000000002,
            "gross_profit": 140279,
            "gross_margin": 26.26,
            "gross_margin_4q_avg": 24.84,
            "net_income": 91249,
            "net_income_4q": null,
            "revenue": 534160,
            "revenue_4q": null,
            "common_shares": 757046,
            "book_valuer_per_share": 14.41,
            "book_valuer_per_share_4q_avg": 13.91,
            "equity": 1090554,
            "current_ratio": 158.37,
            "debt_ratio": 43.86,
            "inventory_turnover_ratio": 2.8,
            "account_receivable_turnover_ratio": 0.86,
            "reinvestment_rate": 11.79,
            "research_to_sale_ratio": null,
            "price_fair": 86.6,
            "eps_avg_yearly": 2.47,
            "eps_latest_yearly": 4.84,
            "eps_growth_yearly": 134.26
        },
        "20103": {
            "year_quarter": 20103,
            "year": 2010,
            "quarter": 3,
            "eps": 1.23,
            "eps_growth_year": 162.33,
            "eps_4q": 3.91,
            "eps_4q_growth_year": 881.2,
            "roe": 8.21,
            "roe_4q": 27.26,
            "gross_profit": 159406,
            "gross_margin": 26.1,
            "gross_margin_4q_avg": 25.66,
            "net_income": 93341,
            "net_income_4q": null,
            "revenue": 610802,
            "revenue_4q": null,
            "common_shares": 757046,
            "book_valuer_per_share": 15.64,
            "book_valuer_per_share_4q_avg": 14.57,
            "equity": 1183777,
            "current_ratio": 169.27,
            "debt_ratio": 40.98,
            "inventory_turnover_ratio": 2.78,
            "account_receivable_turnover_ratio": 0.87,
            "reinvestment_rate": 4.54,
            "research_to_sale_ratio": null,
            "price_fair": 87.5,
            "eps_avg_yearly": 2.5,
            "eps_latest_yearly": 4.92,
            "eps_growth_yearly": 136.16
        },
        "20104": {
            "year_quarter": 20104,
            "year": 2010,
            "quarter": 4,
            "eps": 0.7,
            "eps_growth_year": 1.93,
            "eps_4q": 3.93,
            "eps_4q_growth_year": 168.99,
            "roe": 4.4,
            "roe_4q": 26.520000000000003,
            "gross_profit": 101716,
            "gross_margin": 20.7,
            "gross_margin_4q_avg": 24.37,
            "net_income": 53246,
            "net_income_4q": null,
            "revenue": 491453,
            "revenue_4q": null,
            "common_shares": 757046,
            "book_valuer_per_share": 16.34,
            "book_valuer_per_share_4q_avg": 15.22,
            "equity": 1236763,
            "current_ratio": 183.83,
            "debt_ratio": 37.21,
            "inventory_turnover_ratio": 2.54,
            "account_receivable_turnover_ratio": 0.71,
            "reinvestment_rate": -13.36,
            "research_to_sale_ratio": null,
            "price_fair": 91.3,
            "eps_avg_yearly": 2.61,
            "eps_latest_yearly": 2.8,
            "eps_growth_yearly": 144.4
        },
        "20111": {
            "year_quarter": 20111,
            "year": 2011,
            "quarter": 1,
            "eps": 0.67,
            "eps_growth_year": -15.19,
            "eps_4q": 3.81,
            "eps_4q_growth_year": 79.24,
            "roe": 4,
            "roe_4q": 24.95,
            "gross_profit": 88673,
            "gross_margin": 19.03,
            "gross_margin_4q_avg": 23.02,
            "net_income": 50485,
            "net_income_4q": null,
            "revenue": 465902,
            "revenue_4q": null,
            "common_shares": 757046,
            "book_valuer_per_share": 17,
            "book_valuer_per_share_4q_avg": 15.85,
            "equity": 1287284,
            "current_ratio": 192.94,
            "debt_ratio": 35.11,
            "inventory_turnover_ratio": 2.65,
            "account_receivable_turnover_ratio": 0.74,
            "reinvestment_rate": -3.8,
            "research_to_sale_ratio": null,
            "price_fair": 90.7,
            "eps_avg_yearly": 2.59,
            "eps_latest_yearly": 2.68,
            "eps_growth_yearly": 106.57
        },
        "20112": {
            "year_quarter": 20112,
            "year": 2011,
            "quarter": 2,
            "eps": 0.83,
            "eps_growth_year": -31.41,
            "eps_4q": 3.43,
            "eps_4q_growth_year": 8.87,
            "roe": 5.19,
            "roe_4q": 21.800000000000004,
            "gross_profit": 117558,
            "gross_margin": 21.87,
            "gross_margin_4q_avg": 21.93,
            "net_income": 62591,
            "net_income_4q": null,
            "revenue": 537546,
            "revenue_4q": null,
            "common_shares": 757046,
            "book_valuer_per_share": 14.83,
            "book_valuer_per_share_4q_avg": 15.95,
            "equity": 1122673,
            "current_ratio": 147.16,
            "debt_ratio": 45.99,
            "inventory_turnover_ratio": 2.83,
            "account_receivable_turnover_ratio": 0.84,
            "reinvestment_rate": -8.07,
            "research_to_sale_ratio": null,
            "price_fair": 94.6,
            "eps_avg_yearly": 2.7,
            "eps_latest_yearly": 3.32,
            "eps_growth_yearly": 124.74
        },
        "20113": {
            "year_quarter": 20113,
            "year": 2011,
            "quarter": 3,
            "eps": 0.97,
            "eps_growth_year": -21.17,
            "eps_4q": 3.17,
            "eps_4q_growth_year": -18.97,
            "roe": 6.35,
            "roe_4q": 19.939999999999998,
            "gross_profit": 111209,
            "gross_margin": 20.86,
            "gross_margin_4q_avg": 20.62,
            "net_income": 73584,
            "net_income_4q": null,
            "revenue": 533178,
            "revenue_4q": null,
            "common_shares": 757046,
            "book_valuer_per_share": 15.8,
            "book_valuer_per_share_4q_avg": 15.99,
            "equity": 1196483,
            "current_ratio": 175.88,
            "debt_ratio": 36.96,
            "inventory_turnover_ratio": 2.84,
            "account_receivable_turnover_ratio": 0.77,
            "reinvestment_rate": -10.88,
            "research_to_sale_ratio": null,
            "price_fair": 97.5,
            "eps_avg_yearly": 2.79,
            "eps_latest_yearly": 3.88,
            "eps_growth_yearly": 113.97
        },
        "20114": {
            "year_quarter": 20114,
            "year": 2011,
            "quarter": 4,
            "eps": 0.69,
            "eps_growth_year": -1.41,
            "eps_4q": 3.16,
            "eps_4q_growth_year": -19.55,
            "roe": 4.28,
            "roe_4q": 19.82,
            "gross_profit": 85538,
            "gross_margin": 18.2,
            "gross_margin_4q_avg": 19.99,
            "net_income": 52494,
            "net_income_4q": null,
            "revenue": 469971,
            "revenue_4q": null,
            "common_shares": 757046,
            "book_valuer_per_share": 0,
            "book_valuer_per_share_4q_avg": 11.91,
            "equity": 1256547,
            "current_ratio": 197.78,
            "debt_ratio": 34.2,
            "inventory_turnover_ratio": 2.74,
            "account_receivable_turnover_ratio": 0.67,
            "reinvestment_rate": -21.14,
            "research_to_sale_ratio": null,
            "price_fair": 97.1,
            "eps_avg_yearly": 2.77,
            "eps_latest_yearly": 2.76,
            "eps_growth_yearly": 103.63
        },
        "20121": {
            "year_quarter": 20121,
            "year": 2012,
            "quarter": 1,
            "eps": 0.39,
            "eps_growth_year": -41.79,
            "eps_4q": 2.88,
            "eps_4q_growth_year": -24.33,
            "roe": 2.32,
            "roe_4q": 18.14,
            "gross_profit": 70276,
            "gross_margin": 16.88,
            "gross_margin_4q_avg": 19.45,
            "net_income": 29498,
            "net_income_4q": null,
            "revenue": 416220,
            "revenue_4q": null,
            "common_shares": 757046,
            "book_valuer_per_share": 16.99,
            "book_valuer_per_share_4q_avg": 11.91,
            "equity": 1286045,
            "current_ratio": 211.91,
            "debt_ratio": 32.29,
            "inventory_turnover_ratio": 2.21,
            "account_receivable_turnover_ratio": 0.65,
            "reinvestment_rate": -23.5,
            "research_to_sale_ratio": null,
            "price_fair": 97.3,
            "eps_avg_yearly": 2.78,
            "eps_latest_yearly": 1.56,
            "eps_growth_yearly": 105.29
        },
        "20122": {
            "year_quarter": 20122,
            "year": 2012,
            "quarter": 2,
            "eps": 0.57,
            "eps_growth_year": -31.24,
            "eps_4q": 2.56,
            "eps_4q_growth_year": -25.26,
            "roe": 3.62,
            "roe_4q": 16.57,
            "gross_profit": 81521,
            "gross_margin": 17.72,
            "gross_margin_4q_avg": 18.42,
            "net_income": 44330,
            "net_income_4q": null,
            "revenue": 460096,
            "revenue_4q": null,
            "common_shares": 757046,
            "book_valuer_per_share": 15.37,
            "book_valuer_per_share_4q_avg": 12.04,
            "equity": 1163825,
            "current_ratio": 172.45,
            "debt_ratio": 39.52,
            "inventory_turnover_ratio": 2.39,
            "account_receivable_turnover_ratio": 0.77,
            "reinvestment_rate": -28.36,
            "research_to_sale_ratio": null,
            "price_fair": 100.4,
            "eps_avg_yearly": 2.87,
            "eps_latest_yearly": 2.28,
            "eps_growth_yearly": 126.97
        },
        "20123": {
            "year_quarter": 20123,
            "year": 2012,
            "quarter": 3,
            "eps": 0.44,
            "eps_growth_year": -54.78,
            "eps_4q": 2.06,
            "eps_4q_growth_year": -35.01,
            "roe": 2.9,
            "roe_4q": 13.120000000000001,
            "gross_profit": 77288,
            "gross_margin": 18.17,
            "gross_margin_4q_avg": 17.74,
            "net_income": 34275,
            "net_income_4q": null,
            "revenue": 425391,
            "revenue_4q": null,
            "common_shares": 779757,
            "book_valuer_per_share": 15.37,
            "book_valuer_per_share_4q_avg": 11.93,
            "equity": 1198100,
            "current_ratio": 211.91,
            "debt_ratio": 31.09,
            "inventory_turnover_ratio": 2.35,
            "account_receivable_turnover_ratio": 0.73,
            "reinvestment_rate": -27.82,
            "research_to_sale_ratio": null,
            "price_fair": 98.3,
            "eps_avg_yearly": 2.81,
            "eps_latest_yearly": 1.76,
            "eps_growth_yearly": 77.6
        },
        "20124": {
            "year_quarter": 20124,
            "year": 2012,
            "quarter": 4,
            "eps": 0.26,
            "eps_growth_year": -62.13,
            "eps_4q": 1.65,
            "eps_4q_growth_year": -47.8,
            "roe": 1.7,
            "roe_4q": 10.54,
            "gross_profit": 55284,
            "gross_margin": 14.69,
            "gross_margin_4q_avg": 16.87,
            "net_income": 20478,
            "net_income_4q": null,
            "revenue": 376394,
            "revenue_4q": null,
            "common_shares": 779757,
            "book_valuer_per_share": 15.57,
            "book_valuer_per_share_4q_avg": 15.83,
            "equity": 1213883,
            "current_ratio": 225.45,
            "debt_ratio": 29.31,
            "inventory_turnover_ratio": 2.19,
            "account_receivable_turnover_ratio": 0.71,
            "reinvestment_rate": -15.67,
            "research_to_sale_ratio": null,
            "price_fair": 94.17,
            "eps_avg_yearly": 2.69,
            "eps_latest_yearly": 1.04,
            "eps_growth_yearly": 61.52
        },
        "20131": {
            "year_quarter": 20131,
            "year": 2013,
            "quarter": 1,
            "eps": 0.3,
            "eps_growth_year": -23.08,
            "eps_4q": 1.57,
            "eps_4q_growth_year": -45.64,
            "roe": 1.89,
            "roe_4q": 10.11,
            "gross_profit": 50166,
            "gross_margin": 14.24,
            "gross_margin_4q_avg": 16.21,
            "net_income": 23069,
            "net_income_4q": null,
            "revenue": 352298,
            "revenue_4q": null,
            "common_shares": 779757,
            "book_valuer_per_share": 15.77,
            "book_valuer_per_share_4q_avg": 15.52,
            "equity": 1230010,
            "current_ratio": 231.79,
            "debt_ratio": 28.73,
            "inventory_turnover_ratio": 2.02,
            "account_receivable_turnover_ratio": 0.72,
            "reinvestment_rate": -13.35,
            "research_to_sale_ratio": null,
            "price_fair": 90.91,
            "eps_avg_yearly": 2.6,
            "eps_latest_yearly": 1.2,
            "eps_growth_yearly": 61.52
        },
        "20132": {
            "year_quarter": 20132,
            "year": 2013,
            "quarter": 2,
            "eps": 0.35,
            "eps_growth_year": -38.44,
            "eps_4q": 1.34,
            "eps_4q_growth_year": -47.55,
            "roe": 2.28,
            "roe_4q": 8.77,
            "gross_profit": 61486,
            "gross_margin": 14.96,
            "gross_margin_4q_avg": 15.52,
            "net_income": 27026,
            "net_income_4q": null,
            "revenue": 410907,
            "revenue_4q": null,
            "common_shares": 779757,
            "book_valuer_per_share": 14.62,
            "book_valuer_per_share_4q_avg": 15.33,
            "equity": 1140072,
            "current_ratio": 184.27,
            "debt_ratio": 36.19,
            "inventory_turnover_ratio": 2.14,
            "account_receivable_turnover_ratio": 0.8,
            "reinvestment_rate": -10.16,
            "research_to_sale_ratio": null,
            "price_fair": 92.4,
            "eps_avg_yearly": 2.64,
            "eps_latest_yearly": 1.4,
            "eps_growth_yearly": 53.19
        },
        "20133": {
            "year_quarter": 20133,
            "year": 2013,
            "quarter": 3,
            "eps": 0.45,
            "eps_growth_year": 2.38,
            "eps_4q": 1.36,
            "eps_4q_growth_year": -34.09,
            "roe": 3.05,
            "roe_4q": 8.92,
            "gross_profit": 72828,
            "gross_margin": 16.32,
            "gross_margin_4q_avg": 15.05,
            "net_income": 35275,
            "net_income_4q": null,
            "revenue": 446213,
            "revenue_4q": null,
            "common_shares": 779757,
            "book_valuer_per_share": 15.07,
            "book_valuer_per_share_4q_avg": 15.26,
            "equity": 1175347,
            "current_ratio": 194.43,
            "debt_ratio": 32.23,
            "inventory_turnover_ratio": 2.18,
            "account_receivable_turnover_ratio": 0.83,
            "reinvestment_rate": -0.66,
            "research_to_sale_ratio": null,
            "price_fair": 79.19,
            "eps_avg_yearly": 2.64,
            "eps_latest_yearly": 1.8,
            "eps_growth_yearly": 20.05
        },
        "20134": {
            "year_quarter": 20134,
            "year": 2013,
            "quarter": 4,
            "eps": 0.19,
            "eps_growth_year": -26.54,
            "eps_4q": 1.29,
            "eps_4q_growth_year": -21.91,
            "roe": 1.27,
            "roe_4q": 8.49,
            "gross_profit": 41457,
            "gross_margin": 10.8,
            "gross_margin_4q_avg": 14.08,
            "net_income": 15044,
            "net_income_4q": null,
            "revenue": 383779,
            "revenue_4q": null,
            "common_shares": 779757,
            "book_valuer_per_share": 15.27,
            "book_valuer_per_share_4q_avg": 15.18,
            "equity": 1190959,
            "current_ratio": 209.91,
            "debt_ratio": 29.88,
            "inventory_turnover_ratio": 2.02,
            "account_receivable_turnover_ratio": 0.75,
            "reinvestment_rate": 0.35,
            "research_to_sale_ratio": null,
            "price_fair": 7.53,
            "eps_avg_yearly": 2.51,
            "eps_latest_yearly": 0.76,
            "eps_growth_yearly": -6.09
        },
        "20141": {
            "year_quarter": 20141,
            "year": 2014,
            "quarter": 1,
            "eps": 0.45,
            "eps_growth_year": 50,
            "eps_4q": 1.45,
            "eps_4q_growth_year": -7.69,
            "roe": 2.93,
            "roe_4q": 9.53,
            "gross_profit": 60874,
            "gross_margin": 14.97,
            "gross_margin_4q_avg": 14.26,
            "net_income": 35412,
            "net_income_4q": null,
            "revenue": 406573,
            "revenue_4q": null,
            "common_shares": 779757,
            "book_valuer_per_share": 15.73,
            "book_valuer_per_share_4q_avg": 15.17,
            "equity": 1226371,
            "current_ratio": 205.82,
            "debt_ratio": 30.57,
            "inventory_turnover_ratio": 1.82,
            "account_receivable_turnover_ratio": 0.79,
            "reinvestment_rate": 3.22,
            "research_to_sale_ratio": null,
            "price_fair": 83.64,
            "eps_avg_yearly": 2.43,
            "eps_latest_yearly": 1.8,
            "eps_growth_yearly": 24.49
        },
        "20142": {
            "year_quarter": 20142,
            "year": 2014,
            "quarter": 2,
            "eps": 0.53,
            "eps_growth_year": 51.43,
            "eps_4q": 1.63,
            "eps_4q_growth_year": 21.33,
            "roe": 3.49,
            "roe_4q": 10.739999999999998,
            "gross_profit": 85463,
            "gross_margin": 17.06,
            "gross_margin_4q_avg": 14.79,
            "net_income": 41485,
            "net_income_4q": null,
            "revenue": 500882,
            "revenue_4q": null,
            "common_shares": 779757,
            "book_valuer_per_share": 14.76,
            "book_valuer_per_share_4q_avg": 15.21,
            "equity": 1150892,
            "current_ratio": 164.51,
            "debt_ratio": 38.04,
            "inventory_turnover_ratio": 1.88,
            "account_receivable_turnover_ratio": 0.9,
            "reinvestment_rate": 0.68,
            "research_to_sale_ratio": null,
            "price_fair": 57.83,
            "eps_avg_yearly": 2.26,
            "eps_latest_yearly": 2.12,
            "eps_growth_yearly": 15.65
        },
        "20143": {
            "year_quarter": 20143,
            "year": 2014,
            "quarter": 3,
            "eps": 0.54,
            "eps_growth_year": 20,
            "eps_4q": 1.72,
            "eps_4q_growth_year": 26.58,
            "roe": 3.59,
            "roe_4q": 11.28,
            "gross_profit": 68237,
            "gross_margin": 14.48,
            "gross_margin_4q_avg": 14.33,
            "net_income": 42042,
            "net_income_4q": null,
            "revenue": 471260,
            "revenue_4q": null,
            "common_shares": 779757,
            "book_valuer_per_share": 15.3,
            "book_valuer_per_share_4q_avg": 15.27,
            "equity": 1192934,
            "current_ratio": 183.36,
            "debt_ratio": 33.78,
            "inventory_turnover_ratio": 1.78,
            "account_receivable_turnover_ratio": 0.8,
            "reinvestment_rate": -2.73,
            "research_to_sale_ratio": null,
            "price_fair": 53.53,
            "eps_avg_yearly": 2.08,
            "eps_latest_yearly": 2.16,
            "eps_growth_yearly": 15.7
        },
        "20144": {
            "year_quarter": 20144,
            "year": 2014,
            "quarter": 4,
            "eps": 0.51,
            "eps_growth_year": 164.6,
            "eps_4q": 2.04,
            "eps_4q_growth_year": 58.09,
            "roe": 3.29,
            "roe_4q": 13.3,
            "gross_profit": 73510,
            "gross_margin": 16.07,
            "gross_margin_4q_avg": 15.65,
            "net_income": 39807,
            "net_income_4q": null,
            "revenue": 457536,
            "revenue_4q": null,
            "common_shares": 779757,
            "book_valuer_per_share": 15.76,
            "book_valuer_per_share_4q_avg": 15.39,
            "equity": 1228619,
            "current_ratio": 196.9,
            "debt_ratio": 31.88,
            "inventory_turnover_ratio": 1.73,
            "account_receivable_turnover_ratio": 0.76,
            "reinvestment_rate": -4.8,
            "research_to_sale_ratio": null,
            "price_fair": 71.23,
            "eps_avg_yearly": 2.04,
            "eps_latest_yearly": 2.04,
            "eps_growth_yearly": 25.09
        },
        "20151": {
            "year_quarter": 20151,
            "year": 2015,
            "quarter": 1,
            "eps": 0.45,
            "eps_growth_year": 0,
            "eps_4q": 2.03,
            "eps_4q_growth_year": 40.57,
            "roe": 2.82,
            "roe_4q": 13.19,
            "gross_profit": 76629,
            "gross_margin": 17.23,
            "gross_margin_4q_avg": 16.21,
            "net_income": 35166,
            "net_income_4q": null,
            "revenue": 444830,
            "revenue_4q": null,
            "common_shares": 779757,
            "book_valuer_per_share": 16.21,
            "book_valuer_per_share_4q_avg": 15.51,
            "equity": 1263785,
            "current_ratio": 203.23,
            "debt_ratio": 31.41,
            "inventory_turnover_ratio": 1.67,
            "account_receivable_turnover_ratio": 0.76,
            "reinvestment_rate": -9.69,
            "research_to_sale_ratio": null,
            "price_fair": 65.77,
            "eps_avg_yearly": 1.98,
            "eps_latest_yearly": 1.8,
            "eps_growth_yearly": 23.22
        },
        "20152": {
            "year_quarter": 20152,
            "year": 2015,
            "quarter": 2,
            "eps": 0.32,
            "eps_growth_year": -39.62,
            "eps_4q": 1.82,
            "eps_4q_growth_year": 11.49,
            "roe": 2.04,
            "roe_4q": 11.739999999999998,
            "gross_profit": 69252,
            "gross_margin": 14.94,
            "gross_margin_4q_avg": 15.68,
            "net_income": 24819,
            "net_income_4q": null,
            "revenue": 463639,
            "revenue_4q": null,
            "common_shares": 779757,
            "book_valuer_per_share": 14.93,
            "book_valuer_per_share_4q_avg": 15.55,
            "equity": 1163843,
            "current_ratio": 176.24,
            "debt_ratio": 36.04,
            "inventory_turnover_ratio": 1.78,
            "account_receivable_turnover_ratio": 0.82,
            "reinvestment_rate": -12.27,
            "research_to_sale_ratio": null,
            "price_fair": 37.1,
            "eps_avg_yearly": 1.85,
            "eps_latest_yearly": 1.28,
            "eps_growth_yearly": 10.03
        },
        "20153": {
            "year_quarter": 20153,
            "year": 2015,
            "quarter": 3,
            "eps": 0.6,
            "eps_growth_year": 11.11,
            "eps_4q": 1.88,
            "eps_4q_growth_year": 9.36,
            "roe": 3.94,
            "roe_4q": 12.09,
            "gross_profit": 73279,
            "gross_margin": 15.55,
            "gross_margin_4q_avg": 15.95,
            "net_income": 46728,
            "net_income_4q": null,
            "revenue": 471309,
            "revenue_4q": null,
            "common_shares": 779757,
            "book_valuer_per_share": 15.52,
            "book_valuer_per_share_4q_avg": 15.61,
            "equity": 1210571,
            "current_ratio": 216.02,
            "debt_ratio": 31.14,
            "inventory_turnover_ratio": 1.78,
            "account_receivable_turnover_ratio": 0.8,
            "reinvestment_rate": -15.26,
            "research_to_sale_ratio": null,
            "price_fair": 61.6,
            "eps_avg_yearly": 1.76,
            "eps_latest_yearly": 2.4,
            "eps_growth_yearly": 27.68
        },
        "20154": {
            "year_quarter": 20154,
            "year": 2015,
            "quarter": 4,
            "eps": 0.25,
            "eps_growth_year": -50.93,
            "eps_4q": 1.62,
            "eps_4q_growth_year": -20.47,
            "roe": 1.61,
            "roe_4q": 10.41,
            "gross_profit": 79054,
            "gross_margin": 16.91,
            "gross_margin_4q_avg": 16.16,
            "net_income": 19534,
            "net_income_4q": null,
            "revenue": 467598,
            "revenue_4q": null,
            "common_shares": 779757,
            "book_valuer_per_share": 15.67,
            "book_valuer_per_share_4q_avg": 15.58,
            "equity": 1221992,
            "current_ratio": 208.87,
            "debt_ratio": 33.06,
            "inventory_turnover_ratio": 1.66,
            "account_receivable_turnover_ratio": 0.8,
            "reinvestment_rate": -15.31,
            "research_to_sale_ratio": null,
            "price_fair": 50.02,
            "eps_avg_yearly": 1.65,
            "eps_latest_yearly": 1,
            "eps_growth_yearly": 20.32
        },
        "20161": {
            "year_quarter": 20161,
            "year": 2016,
            "quarter": 1,
            "eps": 0.61,
            "eps_growth_year": 35.56,
            "eps_4q": 1.78,
            "eps_4q_growth_year": -12.66,
            "roe": 3.8,
            "roe_4q": 11.39,
            "gross_profit": 95479,
            "gross_margin": 19.13,
            "gross_margin_4q_avg": 16.63,
            "net_income": 47352,
            "net_income_4q": null,
            "revenue": 499195,
            "revenue_4q": null,
            "common_shares": 779757,
            "book_valuer_per_share": 16.28,
            "book_valuer_per_share_4q_avg": 15.6,
            "equity": 1269344,
            "current_ratio": 217.29,
            "debt_ratio": 32.29,
            "inventory_turnover_ratio": 1.62,
            "account_receivable_turnover_ratio": 0.89,
            "reinvestment_rate": -13.49,
            "research_to_sale_ratio": null,
            "price_fair": 59.68,
            "eps_avg_yearly": 1.71,
            "eps_latest_yearly": 2.44,
            "eps_growth_yearly": 67.19
        },
        "20162": {
            "year_quarter": 20162,
            "year": 2016,
            "quarter": 2,
            "eps": 0.81,
            "eps_growth_year": 153.12,
            "eps_4q": 2.27,
            "eps_4q_growth_year": 24.74,
            "roe": 5.1,
            "roe_4q": 14.449999999999998,
            "gross_profit": 100848,
            "gross_margin": 19.77,
            "gross_margin_4q_avg": 17.84,
            "net_income": 63316,
            "net_income_4q": null,
            "revenue": 510016,
            "revenue_4q": null,
            "common_shares": 779757,
            "book_valuer_per_share": 15.59,
            "book_valuer_per_share_4q_avg": 15.77,
            "equity": 1215696,
            "current_ratio": 191.86,
            "debt_ratio": 36.57,
            "inventory_turnover_ratio": 1.68,
            "account_receivable_turnover_ratio": 0.89,
            "reinvestment_rate": -11.4,
            "research_to_sale_ratio": null,
            "price_fair": 61.78,
            "eps_avg_yearly": 1.77,
            "eps_latest_yearly": 3.24,
            "eps_growth_yearly": 63.84
        },
        "20163": {
            "year_quarter": 20163,
            "year": 2016,
            "quarter": 3,
            "eps": 0.46,
            "eps_growth_year": -23.33,
            "eps_4q": 2.13,
            "eps_4q_growth_year": 13.25,
            "roe": 2.9,
            "roe_4q": 13.41,
            "gross_profit": 77824,
            "gross_margin": 16.57,
            "gross_margin_4q_avg": 18.1,
            "net_income": 35737,
            "net_income_4q": null,
            "revenue": 469672,
            "revenue_4q": null,
            "common_shares": 779757,
            "book_valuer_per_share": 16.05,
            "book_valuer_per_share_4q_avg": 15.9,
            "equity": 1251433,
            "current_ratio": 220.62,
            "debt_ratio": 31.11,
            "inventory_turnover_ratio": 1.66,
            "account_receivable_turnover_ratio": 0.82,
            "reinvestment_rate": -10.15,
            "research_to_sale_ratio": null,
            "price_fair": 61.95,
            "eps_avg_yearly": 1.77,
            "eps_latest_yearly": 1.84,
            "eps_growth_yearly": 58.74
        },
        "20164": {
            "year_quarter": 20164,
            "year": 2016,
            "quarter": 4,
            "eps": 0.67,
            "eps_growth_year": 168.72,
            "eps_4q": 2.55,
            "eps_4q_growth_year": 57.55,
            "roe": 4.12,
            "roe_4q": 15.919999999999998,
            "gross_profit": 80600,
            "gross_margin": 16.07,
            "gross_margin_4q_avg": 17.89,
            "net_income": 52491,
            "net_income_4q": null,
            "revenue": 501527,
            "revenue_4q": null,
            "common_shares": 779757,
            "book_valuer_per_share": 16.59,
            "book_valuer_per_share_4q_avg": 16.13,
            "equity": 1293878,
            "current_ratio": 211.01,
            "debt_ratio": 33.84,
            "inventory_turnover_ratio": 1.66,
            "account_receivable_turnover_ratio": 0.84,
            "reinvestment_rate": -9.95,
            "research_to_sale_ratio": null,
            "price_fair": 65.54,
            "eps_avg_yearly": 1.87,
            "eps_latest_yearly": 2.68,
            "eps_growth_yearly": 80.38
        },
        "20171": {
            "year_quarter": 20171,
            "year": 2017,
            "quarter": 1,
            "eps": 0.52,
            "eps_growth_year": -14.75,
            "eps_4q": 2.46,
            "eps_4q_growth_year": 38.65,
            "roe": 3.07,
            "roe_4q": 15.19,
            "gross_profit": 96780,
            "gross_margin": 18.35,
            "gross_margin_4q_avg": 17.69,
            "net_income": 40398,
            "net_income_4q": null,
            "revenue": 527456,
            "revenue_4q": null,
            "common_shares": 779757,
            "book_valuer_per_share": 17.16,
            "book_valuer_per_share_4q_avg": 16.35,
            "equity": 1337844,
            "current_ratio": 203.56,
            "debt_ratio": 33.87,
            "inventory_turnover_ratio": 1.53,
            "account_receivable_turnover_ratio": 0.85,
            "reinvestment_rate": 1,
            "research_to_sale_ratio": null,
            "price_fair": 67.46,
            "eps_avg_yearly": 1.93,
            "eps_latest_yearly": 2.08,
            "eps_growth_yearly": 70.94
        },
        "20172": {
            "year_quarter": 20172,
            "year": 2017,
            "quarter": 2,
            "eps": 0.69,
            "eps_growth_year": -14.81,
            "eps_4q": 2.17,
            "eps_4q_growth_year": -4.25,
            "roe": 4.16,
            "roe_4q": 14.250000000000002,
            "gross_profit": 93497,
            "gross_margin": 17.23,
            "gross_margin_4q_avg": 17.06,
            "net_income": 58157,
            "net_income_4q": null,
            "revenue": 542510,
            "revenue_4q": null,
            "common_shares": 859757,
            "book_valuer_per_share": 16.98,
            "book_valuer_per_share_4q_avg": 16.7,
            "equity": 1460050,
            "current_ratio": 190.03,
            "debt_ratio": 36.45,
            "inventory_turnover_ratio": 1.48,
            "account_receivable_turnover_ratio": 0.86,
            "reinvestment_rate": 14.42,
            "research_to_sale_ratio": null,
            "price_fair": 70.44,
            "eps_avg_yearly": 2.01,
            "eps_latest_yearly": 2.76,
            "eps_growth_yearly": 74.95
        },
        "20173": {
            "year_quarter": 20173,
            "year": 2017,
            "quarter": 3,
            "eps": 0.64,
            "eps_growth_year": 39.13,
            "eps_4q": 2.4,
            "eps_4q_growth_year": 12.62,
            "roe": 3.7,
            "roe_4q": 15.05,
            "gross_profit": 99364,
            "gross_margin": 18.67,
            "gross_margin_4q_avg": 17.58,
            "net_income": 55015,
            "net_income_4q": null,
            "revenue": 532250,
            "revenue_4q": null,
            "common_shares": 859757,
            "book_valuer_per_share": 17.62,
            "book_valuer_per_share_4q_avg": 17.09,
            "equity": 1515065,
            "current_ratio": 209.19,
            "debt_ratio": 31.67,
            "inventory_turnover_ratio": 1.43,
            "account_receivable_turnover_ratio": 0.82,
            "reinvestment_rate": 13.52,
            "research_to_sale_ratio": null,
            "price_fair": 72.1,
            "eps_avg_yearly": 2.06,
            "eps_latest_yearly": 2.56,
            "eps_growth_yearly": 65.99
        },
        "20174": {
            "year_quarter": 20174,
            "year": 2017,
            "quarter": 4,
            "eps": 0.47,
            "eps_growth_year": -30.43,
            "eps_4q": 2.25,
            "eps_4q_growth_year": -11.61,
            "roe": 2.63,
            "roe_4q": 13.56,
            "gross_profit": 88655,
            "gross_margin": 18.78,
            "gross_margin_4q_avg": 18.26,
            "net_income": 40267,
            "net_income_4q": null,
            "revenue": 471962,
            "revenue_4q": null,
            "common_shares": 859757,
            "book_valuer_per_share": 18.05,
            "book_valuer_per_share_4q_avg": 17.45,
            "equity": 1552130,
            "current_ratio": 218.17,
            "debt_ratio": 30.01,
            "inventory_turnover_ratio": 1.28,
            "account_receivable_turnover_ratio": 0.76,
            "reinvestment_rate": 17.64,
            "research_to_sale_ratio": null,
            "price_fair": 74.55,
            "eps_avg_yearly": 2.13,
            "eps_latest_yearly": 1.88,
            "eps_growth_yearly": 73.8
        },
        "20181": {
            "year_quarter": 20181,
            "year": 2018,
            "quarter": 1,
            "eps": 0.66,
            "eps_growth_year": 26.92,
            "eps_4q": 2.44,
            "eps_4q_growth_year": -0.85,
            "roe": 3.57,
            "roe_4q": 14.059999999999999,
            "gross_profit": 104476,
            "gross_margin": 18.82,
            "gross_margin_4q_avg": 18.38,
            "net_income": 56391,
            "net_income_4q": null,
            "revenue": 555084,
            "revenue_4q": null,
            "common_shares": 859757,
            "book_valuer_per_share": 18.72,
            "book_valuer_per_share_4q_avg": 17.84,
            "equity": 1609424,
            "current_ratio": 210.61,
            "debt_ratio": 31.69,
            "inventory_turnover_ratio": 1.39,
            "account_receivable_turnover_ratio": 0.86,
            "reinvestment_rate": 17.57,
            "research_to_sale_ratio": null,
            "price_fair": 76.39,
            "eps_avg_yearly": 2.18,
            "eps_latest_yearly": 2.64,
            "eps_growth_yearly": 49.69
        },
        "20182": {
            "year_quarter": 20182,
            "year": 2018,
            "quarter": 2,
            "eps": 0.99,
            "eps_growth_year": 43.48,
            "eps_4q": 2.75,
            "eps_4q_growth_year": 26.65,
            "roe": 5.42,
            "roe_4q": 15.32,
            "gross_profit": 116775,
            "gross_margin": 19.81,
            "gross_margin_4q_avg": 19.02,
            "net_income": 84884,
            "net_income_4q": null,
            "revenue": 589599,
            "revenue_4q": null,
            "common_shares": 859757,
            "book_valuer_per_share": 17.71,
            "book_valuer_per_share_4q_avg": 18.03,
            "equity": 1522356,
            "current_ratio": 180.36,
            "debt_ratio": 37.16,
            "inventory_turnover_ratio": 1.35,
            "account_receivable_turnover_ratio": 0.81,
            "reinvestment_rate": 16.96,
            "research_to_sale_ratio": null,
            "price_fair": 80.41,
            "eps_avg_yearly": 2.3,
            "eps_latest_yearly": 3.96,
            "eps_growth_yearly": 57.75
        },
        "20183": {
            "year_quarter": 20183,
            "year": 2018,
            "quarter": 3,
            "eps": 0.87,
            "eps_growth_year": 35.94,
            "eps_4q": 2.98,
            "eps_4q_growth_year": 24.42,
            "roe": 4.8,
            "roe_4q": 16.419999999999998,
            "gross_profit": 128435,
            "gross_margin": 21.93,
            "gross_margin_4q_avg": 19.84,
            "net_income": 74834,
            "net_income_4q": null,
            "revenue": 585751,
            "revenue_4q": null,
            "common_shares": 859757,
            "book_valuer_per_share": 18.58,
            "book_valuer_per_share_4q_avg": 18.27,
            "equity": 1597190,
            "current_ratio": 213.29,
            "debt_ratio": 31.04,
            "inventory_turnover_ratio": 1.4,
            "account_receivable_turnover_ratio": 0.77,
            "reinvestment_rate": 16.75,
            "research_to_sale_ratio": null,
            "price_fair": 83.3,
            "eps_avg_yearly": 2.38,
            "eps_latest_yearly": 3.48,
            "eps_growth_yearly": 54.25
        },
        "20184": {
            "year_quarter": 20184,
            "year": 2018,
            "quarter": 4,
            "eps": 0.89,
            "eps_growth_year": 90.37,
            "eps_4q": 3.41,
            "eps_4q_growth_year": 51.04,
            "roe": 4.68,
            "roe_4q": 18.47,
            "gross_profit": 128385,
            "gross_margin": 22.73,
            "gross_margin_4q_avg": 20.82,
            "net_income": 76657,
            "net_income_4q": null,
            "revenue": 564714,
            "revenue_4q": null,
            "common_shares": 859757,
            "book_valuer_per_share": 19.51,
            "book_valuer_per_share_4q_avg": 18.63,
            "equity": 1677814,
            "current_ratio": 236.84,
            "debt_ratio": 27.76,
            "inventory_turnover_ratio": 1.49,
            "account_receivable_turnover_ratio": 0.77,
            "reinvestment_rate": 16.38,
            "research_to_sale_ratio": null,
            "price_fair": 86.63,
            "eps_avg_yearly": 2.48,
            "eps_latest_yearly": 3.56,
            "eps_growth_yearly": 56.21
        },
        "20191": {
            "year_quarter": 20191,
            "year": 2019,
            "quarter": 1,
            "eps": 0.68,
            "eps_growth_year": 3.03,
            "eps_4q": 3.43,
            "eps_4q_growth_year": 40.47,
            "roe": 3.42,
            "roe_4q": 18.32,
            "gross_profit": 103361,
            "gross_margin": 19.61,
            "gross_margin_4q_avg": 21.02,
            "net_income": 58371,
            "net_income_4q": null,
            "revenue": 527160,
            "revenue_4q": null,
            "common_shares": 859757,
            "book_valuer_per_share": 20.19,
            "book_valuer_per_share_4q_avg": 19,
            "equity": 1736185,
            "current_ratio": 248.76,
            "debt_ratio": 26.74,
            "inventory_turnover_ratio": 1.54,
            "account_receivable_turnover_ratio": 0.76,
            "reinvestment_rate": 17.28,
            "research_to_sale_ratio": null,
            "price_fair": 88.64,
            "eps_avg_yearly": 2.53,
            "eps_latest_yearly": 2.72,
            "eps_growth_yearly": 53.25
        },
        "20192": {
            "year_quarter": 20192,
            "year": 2019,
            "quarter": 2,
            "eps": 0.75,
            "eps_growth_year": -24.24,
            "eps_4q": 3.19,
            "eps_4q_growth_year": 15.92,
            "roe": 3.9,
            "roe_4q": 16.8,
            "gross_profit": 109379,
            "gross_margin": 19.6,
            "gross_margin_4q_avg": 20.97,
            "net_income": 64352,
            "net_income_4q": null,
            "revenue": 558174,
            "revenue_4q": null,
            "common_shares": 859757,
            "book_valuer_per_share": 18.14,
            "book_valuer_per_share_4q_avg": 19.11,
            "equity": 1559805,
            "current_ratio": 188.17,
            "debt_ratio": 35.1,
            "inventory_turnover_ratio": 1.78,
            "account_receivable_turnover_ratio": 0.79,
            "reinvestment_rate": 18.02,
            "research_to_sale_ratio": null,
            "price_fair": 92.4,
            "eps_avg_yearly": 2.64,
            "eps_latest_yearly": 3,
            "eps_growth_yearly": 63.05
        },
        "20193": {
            "year_quarter": 20193,
            "year": 2019,
            "quarter": 3,
            "eps": 0.59,
            "eps_growth_year": -32.18,
            "eps_4q": 2.91,
            "eps_4q_growth_year": -2.33,
            "roe": 3.22,
            "roe_4q": 15.219999999999999,
            "gross_profit": 104098,
            "gross_margin": 19.58,
            "gross_margin_4q_avg": 20.38,
            "net_income": 51025,
            "net_income_4q": null,
            "revenue": 531645,
            "revenue_4q": null,
            "common_shares": 859757,
            "book_valuer_per_share": 18.74,
            "book_valuer_per_share_4q_avg": 19.15,
            "equity": 1610830,
            "current_ratio": 244.29,
            "debt_ratio": 27.09,
            "inventory_turnover_ratio": 1.78,
            "account_receivable_turnover_ratio": 0.75,
            "reinvestment_rate": 20.4,
            "research_to_sale_ratio": null,
            "price_fair": 92.31,
            "eps_avg_yearly": 2.64,
            "eps_latest_yearly": 2.36,
            "eps_growth_yearly": 35.84
        },
        "20194": {
            "year_quarter": 20194,
            "year": 2019,
            "quarter": 4,
            "eps": 0.55,
            "eps_growth_year": -37.84,
            "eps_4q": 2.58,
            "eps_4q_growth_year": -24.38,
            "roe": 2.92,
            "roe_4q": 13.46,
            "gross_profit": 110519,
            "gross_margin": 19.21,
            "gross_margin_4q_avg": 19.5,
            "net_income": 47649,
            "net_income_4q": null,
            "revenue": 575406,
            "revenue_4q": null,
            "common_shares": 859757,
            "book_valuer_per_share": 19.2,
            "book_valuer_per_share_4q_avg": 19.07,
            "equity": 1651161,
            "current_ratio": 222.41,
            "debt_ratio": 29.87,
            "inventory_turnover_ratio": 1.86,
            "account_receivable_turnover_ratio": 0.82,
            "reinvestment_rate": 25.41,
            "research_to_sale_ratio": null,
            "price_fair": 94.94,
            "eps_avg_yearly": 2.71,
            "eps_latest_yearly": 2.2,
            "eps_growth_yearly": 48.73
        },
        "20201": {
            "year_quarter": 20201,
            "year": 2020,
            "quarter": 1,
            "eps": 0.87,
            "eps_growth_year": 27.94,
            "eps_4q": 2.77,
            "eps_4q_growth_year": -19.25,
            "roe": 4.72,
            "roe_4q": 14.76,
            "gross_profit": 125081,
            "gross_margin": 21.87,
            "gross_margin_4q_avg": 20.07,
            "net_income": 74988,
            "net_income_4q": null,
            "revenue": 572016,
            "revenue_4q": null,
            "common_shares": 859757,
            "book_valuer_per_share": 17.78,
            "book_valuer_per_share_4q_avg": 18.47,
            "equity": 1528405,
            "current_ratio": 168.97,
            "debt_ratio": 39.63,
            "inventory_turnover_ratio": 1.48,
            "account_receivable_turnover_ratio": 0.8,
            "reinvestment_rate": 26.59,
            "research_to_sale_ratio": null,
            "price_fair": 97.21,
            "eps_avg_yearly": 2.78,
            "eps_latest_yearly": 3.48,
            "eps_growth_yearly": 27.27
        },
        "20202": {
            "year_quarter": 20202,
            "year": 2020,
            "quarter": 2,
            "eps": 0.93,
            "eps_growth_year": 24,
            "eps_4q": 2.95,
            "eps_4q_growth_year": -7.66,
            "roe": 5.07,
            "roe_4q": 15.93,
            "gross_profit": 145721,
            "gross_margin": 21.83,
            "gross_margin_4q_avg": 20.62,
            "net_income": 79561,
            "net_income_4q": null,
            "revenue": 667482,
            "revenue_4q": null,
            "common_shares": 859757,
            "book_valuer_per_share": 18.7,
            "book_valuer_per_share_4q_avg": 18.61,
            "equity": 1607966,
            "current_ratio": 177.22,
            "debt_ratio": 38.39,
            "inventory_turnover_ratio": 1.47,
            "account_receivable_turnover_ratio": 0.89,
            "reinvestment_rate": 25.63,
            "research_to_sale_ratio": null,
            "price_fair": 86.47,
            "eps_avg_yearly": 2.81,
            "eps_latest_yearly": 3.72,
            "eps_growth_yearly": 20.8
        },
        "20203": {
            "year_quarter": 20203,
            "year": 2020,
            "quarter": 3,
            "eps": 0.71,
            "eps_growth_year": 20.34,
            "eps_4q": 3.06,
            "eps_4q_growth_year": 5.22,
            "roe": 3.74,
            "roe_4q": 16.450000000000003,
            "gross_profit": 123734,
            "gross_margin": 20.88,
            "gross_margin_4q_avg": 20.95,
            "net_income": 61285,
            "net_income_4q": null,
            "revenue": 592653,
            "revenue_4q": null,
            "common_shares": 859757,
            "book_valuer_per_share": 19.42,
            "book_valuer_per_share_4q_avg": 18.78,
            "equity": 1669251,
            "current_ratio": 215.01,
            "debt_ratio": 30.53,
            "inventory_turnover_ratio": 1.35,
            "account_receivable_turnover_ratio": 0.77,
            "reinvestment_rate": 25.24,
            "research_to_sale_ratio": null,
            "price_fair": 100.45,
            "eps_avg_yearly": 2.87,
            "eps_latest_yearly": 2.84,
            "eps_growth_yearly": 25.69
        },
        "20204": {
            "year_quarter": 20204,
            "year": 2020,
            "quarter": 4,
            "eps": 0.92,
            "eps_growth_year": 65.95,
            "eps_4q": 3.43,
            "eps_4q_growth_year": 33.2,
            "roe": 4.62,
            "roe_4q": 18.15,
            "gross_profit": 151793,
            "gross_margin": 22.95,
            "gross_margin_4q_avg": 21.88,
            "net_income": 79073,
            "net_income_4q": null,
            "revenue": 661395,
            "revenue_4q": null,
            "common_shares": 859757,
            "book_valuer_per_share": 20.42,
            "book_valuer_per_share_4q_avg": 19.08,
            "equity": 1756028,
            "current_ratio": 197.78,
            "debt_ratio": 34.14,
            "inventory_turnover_ratio": 1.33,
            "account_receivable_turnover_ratio": 0.86,
            "reinvestment_rate": 25.1,
            "research_to_sale_ratio": null,
            "price_fair": 92.88,
            "eps_avg_yearly": 2.93,
            "eps_latest_yearly": 3.68,
            "eps_growth_yearly": 21.67
        },
        "20211": {
            "year_quarter": 20211,
            "year": 2021,
            "quarter": 1,
            "eps": 1.13,
            "eps_growth_year": 29.89,
            "eps_4q": 3.69,
            "eps_4q_growth_year": 33.12,
            "roe": 5.37,
            "roe_4q": 18.8,
            "gross_profit": 166744,
            "gross_margin": 21.36,
            "gross_margin_4q_avg": 21.76,
            "net_income": 96930,
            "net_income_4q": null,
            "revenue": 780739,
            "revenue_4q": null,
            "common_shares": 859757,
            "book_valuer_per_share": 21.55,
            "book_valuer_per_share_4q_avg": 20.02,
            "equity": 1852958,
            "current_ratio": 184.02,
            "debt_ratio": 41.06,
            "inventory_turnover_ratio": 1.26,
            "account_receivable_turnover_ratio": 0.9,
            "reinvestment_rate": 21.15,
            "research_to_sale_ratio": null,
            "price_fair": 107.98,
            "eps_avg_yearly": 3.09,
            "eps_latest_yearly": 4.52,
            "eps_growth_yearly": 32.97
        },
        "20212": {
            "year_quarter": 20212,
            "year": 2021,
            "quarter": 2,
            "eps": 1.34,
            "eps_growth_year": 44.09,
            "eps_4q": 4.1,
            "eps_4q_growth_year": 39.36,
            "roe": 6.05,
            "roe_4q": 19.78,
            "gross_profit": 200543,
            "gross_margin": 23.32,
            "gross_margin_4q_avg": 22.13,
            "net_income": 115605,
            "net_income_4q": null,
            "revenue": 860026,
            "revenue_4q": null,
            "common_shares": 859757,
            "book_valuer_per_share": 22.9,
            "book_valuer_per_share_4q_avg": 21.07,
            "equity": 1968563,
            "current_ratio": 170.86,
            "debt_ratio": 42.27,
            "inventory_turnover_ratio": 1.1,
            "account_receivable_turnover_ratio": 0.85,
            "reinvestment_rate": 27.46,
            "research_to_sale_ratio": null,
            "price_fair": 113.66,
            "eps_avg_yearly": 3.25,
            "eps_latest_yearly": 5.36,
            "eps_growth_yearly": 29.45
        },
        "20213": {
            "year_quarter": 20213,
            "year": 2021,
            "quarter": 3,
            "eps": 1.12,
            "eps_growth_year": 57.75,
            "eps_4q": 4.2,
            "eps_4q_growth_year": 37.15,
            "roe": 4.7,
            "roe_4q": 20.740000000000002,
            "gross_profit": 188719,
            "gross_margin": 20.64,
            "gross_margin_4q_avg": 22.07,
            "net_income": 99170,
            "net_income_4q": null,
            "revenue": 914447,
            "revenue_4q": null,
            "common_shares": 929757,
            "book_valuer_per_share": 24.25,
            "book_valuer_per_share_4q_avg": 22.28,
            "equity": 2254699,
            "current_ratio": 174.43,
            "debt_ratio": 40.77,
            "inventory_turnover_ratio": 0.99,
            "account_receivable_turnover_ratio": 0.86,
            "reinvestment_rate": 35.48,
            "research_to_sale_ratio": null,
            "price_fair": 117.86,
            "eps_avg_yearly": 3.37,
            "eps_latest_yearly": 4.48,
            "eps_growth_yearly": 27.15
        },
        "20214": {
            "year_quarter": 20214,
            "year": 2021,
            "quarter": 4,
            "eps": 1.02,
            "eps_growth_year": 11.44,
            "eps_4q": 4.38,
            "eps_4q_growth_year": 27.62,
            "roe": 4.16,
            "roe_4q": 20.28,
            "gross_profit": 168585,
            "gross_margin": 20.63,
            "gross_margin_4q_avg": 21.49,
            "net_income": 95297,
            "net_income_4q": null,
            "revenue": 817029,
            "revenue_4q": null,
            "common_shares": 929757,
            "book_valuer_per_share": 25.08,
            "book_valuer_per_share_4q_avg": 23.45,
            "equity": 2331922,
            "current_ratio": 189.53,
            "debt_ratio": 37.71,
            "inventory_turnover_ratio": 0.8,
            "account_receivable_turnover_ratio": 0.75,
            "reinvestment_rate": 34.25,
            "research_to_sale_ratio": null,
            "price_fair": 122.68,
            "eps_avg_yearly": 3.51,
            "eps_latest_yearly": 4.08,
            "eps_growth_yearly": 31.56
        },
        "20221": {
            "year_quarter": 20221,
            "year": 2022,
            "quarter": 1,
            "eps": 1.12,
            "eps_growth_year": -0.88,
            "eps_4q": 4.46,
            "eps_4q_growth_year": 20.9,
            "roe": 4.37,
            "roe_4q": 19.28,
            "gross_profit": 160580,
            "gross_margin": 19.54,
            "gross_margin_4q_avg": 21.03,
            "net_income": 104171,
            "net_income_4q": null,
            "revenue": 821972,
            "revenue_4q": null,
            "common_shares": 929757,
            "book_valuer_per_share": 26.2,
            "book_valuer_per_share_4q_avg": 24.61,
            "equity": 2436093,
            "current_ratio": 191.8,
            "debt_ratio": 37.59,
            "inventory_turnover_ratio": 0.79,
            "account_receivable_turnover_ratio": 0.75,
            "reinvestment_rate": 33.5,
            "research_to_sale_ratio": null,
            "price_fair": 122.75,
            "eps_avg_yearly": 3.62,
            "eps_latest_yearly": 4.48,
            "eps_growth_yearly": 23.91
        },
        "20222": {
            "year_quarter": 20222,
            "year": 2022,
            "quarter": 2,
            "eps": 1.05,
            "eps_growth_year": -21.64,
            "eps_4q": 4.26,
            "eps_4q_growth_year": 3.9,
            "roe": 4.22,
            "roe_4q": 17.45,
            "gross_profit": 131238,
            "gross_margin": 18.1,
            "gross_margin_4q_avg": 19.73,
            "net_income": 97853,
            "net_income_4q": null,
            "revenue": 725049,
            "revenue_4q": null,
            "common_shares": 929757,
            "book_valuer_per_share": 23.65,
            "book_valuer_per_share_4q_avg": 24.8,
            "equity": 2199233,
            "current_ratio": 173.79,
            "debt_ratio": 40.46,
            "inventory_turnover_ratio": 0.74,
            "account_receivable_turnover_ratio": 0.7,
            "reinvestment_rate": 31.83,
            "research_to_sale_ratio": null,
            "price_fair": 72.14,
            "eps_avg_yearly": 3.64,
            "eps_latest_yearly": 4.2,
            "eps_growth_yearly": 9.85
        },
        "20223": {
            "year_quarter": 20223,
            "year": 2022,
            "quarter": 3,
            "eps": 1.03,
            "eps_growth_year": -8.04,
            "eps_4q": 4.23,
            "eps_4q_growth_year": 0.62,
            "roe": 4.27,
            "roe_4q": 17.02,
            "gross_profit": 129020,
            "gross_margin": 16.59,
            "gross_margin_4q_avg": 18.72,
            "net_income": 95891,
            "net_income_4q": null,
            "revenue": 777701,
            "revenue_4q": null,
            "common_shares": 929757,
            "book_valuer_per_share": 24.69,
            "book_valuer_per_share_4q_avg": 24.91,
            "equity": 2295124,
            "current_ratio": 194,
            "debt_ratio": 36.57,
            "inventory_turnover_ratio": 0.86,
            "account_receivable_turnover_ratio": 0.78,
            "reinvestment_rate": 31.07,
            "research_to_sale_ratio": null,
            "price_fair": 82.32,
            "eps_avg_yearly": 3.68,
            "eps_latest_yearly": 4.12,
            "eps_growth_yearly": 12.4
        },
        "20224": {
            "year_quarter": 20224,
            "year": 2022,
            "quarter": 4,
            "eps": 0.78,
            "eps_growth_year": -24.1,
            "eps_4q": 3.98,
            "eps_4q_growth_year": -9.03,
            "roe": 3.11,
            "roe_4q": 15.969999999999999,
            "gross_profit": 158880,
            "gross_margin": 17.66,
            "gross_margin_4q_avg": 17.97,
            "net_income": 72330,
            "net_income_4q": null,
            "revenue": 899856,
            "revenue_4q": null,
            "common_shares": 929757,
            "book_valuer_per_share": 25.42,
            "book_valuer_per_share_4q_avg": 24.99,
            "equity": 2363420,
            "current_ratio": 191.09,
            "debt_ratio": 38.19,
            "inventory_turnover_ratio": 0.95,
            "account_receivable_turnover_ratio": 0.86,
            "reinvestment_rate": 29.29,
            "research_to_sale_ratio": null,
            "price_fair": 57.47,
            "eps_avg_yearly": 3.65,
            "eps_latest_yearly": 3.12,
            "eps_growth_yearly": 5.76
        },
        "20231": {
            "year_quarter": 20231,
            "year": 2023,
            "quarter": 1,
            "eps": 1.21,
            "eps_growth_year": 8.04,
            "eps_4q": 4.07,
            "eps_4q_growth_year": -8.65,
            "roe": 4.64,
            "roe_4q": 16.24,
            "gross_profit": 210151,
            "gross_margin": 20.7,
            "gross_margin_4q_avg": 18.26,
            "net_income": 112337,
            "net_income_4q": null,
            "revenue": 1015407,
            "revenue_4q": null,
            "common_shares": 929757,
            "book_valuer_per_share": 26.63,
            "book_valuer_per_share_4q_avg": 25.1,
            "equity": 2475757,
            "current_ratio": 180.45,
            "debt_ratio": 41.46,
            "inventory_turnover_ratio": 0.86,
            "account_receivable_turnover_ratio": 0.88,
            "reinvestment_rate": 27.82,
            "research_to_sale_ratio": null,
            "price_fair": 132.3,
            "eps_avg_yearly": 3.78,
            "eps_latest_yearly": 4.84,
            "eps_growth_yearly": 25.44
        },
        "20232": {
            "year_quarter": 20232,
            "year": 2023,
            "quarter": 2,
            "eps": 1.51,
            "eps_growth_year": 43.81,
            "eps_4q": 4.53,
            "eps_4q_growth_year": 6.32,
            "roe": 5.89,
            "roe_4q": 17.909999999999997,
            "gross_profit": 220752,
            "gross_margin": 20.05,
            "gross_margin_4q_avg": 18.75,
            "net_income": 140975,
            "net_income_4q": null,
            "revenue": 1100751,
            "revenue_4q": null,
            "common_shares": 929757,
            "book_valuer_per_share": 24.84,
            "book_valuer_per_share_4q_avg": 25.4,
            "equity": 2309912,
            "current_ratio": 161.18,
            "debt_ratio": 46.12,
            "inventory_turnover_ratio": 0.83,
            "account_receivable_turnover_ratio": 0.85,
            "reinvestment_rate": 26.25,
            "research_to_sale_ratio": null,
            "price_fair": 138.95,
            "eps_avg_yearly": 3.97,
            "eps_latest_yearly": 6.04,
            "eps_growth_yearly": 29.06
        },
        "20233": {
            "year_quarter": 20233,
            "year": 2023,
            "quarter": 3,
            "eps": 1.61,
            "eps_growth_year": 56.31,
            "eps_4q": 5.11,
            "eps_4q_growth_year": 20.91,
            "roe": 6.28,
            "roe_4q": 19.919999999999998,
            "gross_profit": 211903,
            "gross_margin": 19.2,
            "gross_margin_4q_avg": 19.4,
            "net_income": 149802,
            "net_income_4q": null,
            "revenue": 1103380,
            "revenue_4q": null,
            "common_shares": 929757,
            "book_valuer_per_share": 26.46,
            "book_valuer_per_share_4q_avg": 25.84,
            "equity": 2459714,
            "current_ratio": 170.26,
            "debt_ratio": 43.41,
            "inventory_turnover_ratio": 0.86,
            "account_receivable_turnover_ratio": 0.77,
            "reinvestment_rate": 26.76,
            "research_to_sale_ratio": null,
            "price_fair": 147.88,
            "eps_avg_yearly": 4.23,
            "eps_latest_yearly": 6.44,
            "eps_growth_yearly": 36.05
        }
    },
    "months": {
        "2001-06": {
            "month": "2001-06",
            "price": "22.88",
            "revenue": 86884
        },
        "2001-07": {
            "month": "2001-07",
            "price": "13.31",
            "revenue": 95028
        },
        "2001-08": {
            "month": "2001-08",
            "price": "10.85",
            "revenue": 77890
        },
        "2001-09": {
            "month": "2001-09",
            "price": "8.04",
            "revenue": 52736
        },
        "2001-10": {
            "month": "2001-10",
            "price": "7.87",
            "revenue": 74456
        },
        "2001-11": {
            "month": "2001-11",
            "price": "8.15",
            "revenue": 61846
        },
        "2001-12": {
            "month": "2001-12",
            "price": "10.25",
            "revenue": 60125
        },
        "2002-01": {
            "month": "2002-01",
            "price": "15.92",
            "revenue": 73800
        },
        "2002-02": {
            "month": "2002-02",
            "price": "14.59",
            "revenue": 60015
        },
        "2002-03": {
            "month": "2002-03",
            "price": "15.39",
            "revenue": 68382
        },
        "2002-04": {
            "month": "2002-04",
            "price": "16.80",
            "revenue": 60178
        },
        "2002-05": {
            "month": "2002-05",
            "price": "14.27",
            "revenue": 74581
        },
        "2002-06": {
            "month": "2002-06",
            "price": "12.52",
            "revenue": 66981
        },
        "2002-07": {
            "month": "2002-07",
            "price": "11.31",
            "revenue": 66111
        },
        "2002-08": {
            "month": "2002-08",
            "price": "9.45",
            "revenue": 70638
        },
        "2002-09": {
            "month": "2002-09",
            "price": "9.06",
            "revenue": 59692
        },
        "2002-10": {
            "month": "2002-10",
            "price": "8.23",
            "revenue": 80738
        },
        "2002-11": {
            "month": "2002-11",
            "price": "9.32",
            "revenue": 82696
        },
        "2002-12": {
            "month": "2002-12",
            "price": "10.68",
            "revenue": 77628
        },
        "2003-01": {
            "month": "2003-01",
            "price": "13.91",
            "revenue": 79317
        },
        "2003-02": {
            "month": "2003-02",
            "price": "11.08",
            "revenue": 59708
        },
        "2003-03": {
            "month": "2003-03",
            "price": "11.85",
            "revenue": 70770
        },
        "2003-04": {
            "month": "2003-04",
            "price": "11.21",
            "revenue": 69589
        },
        "2003-05": {
            "month": "2003-05",
            "price": "11.22",
            "revenue": 68267
        },
        "2003-06": {
            "month": "2003-06",
            "price": "13.86",
            "revenue": 69704
        },
        "2003-07": {
            "month": "2003-07",
            "price": "15.75",
            "revenue": 72865
        },
        "2003-08": {
            "month": "2003-08",
            "price": "15.06",
            "revenue": 87684
        },
        "2003-09": {
            "month": "2003-09",
            "price": "13.96",
            "revenue": 87059
        },
        "2003-10": {
            "month": "2003-10",
            "price": "14.67",
            "revenue": 85607
        },
        "2003-11": {
            "month": "2003-11",
            "price": "16.10",
            "revenue": 82018
        },
        "2003-12": {
            "month": "2003-12",
            "price": "16.92",
            "revenue": 84360
        },
        "2004-01": {
            "month": "2004-01",
            "price": "16.27",
            "revenue": 72665
        },
        "2004-02": {
            "month": "2004-02",
            "price": "16.92",
            "revenue": 78367
        },
        "2004-03": {
            "month": "2004-03",
            "price": "15.77",
            "revenue": 83078
        },
        "2004-04": {
            "month": "2004-04",
            "price": "15.98",
            "revenue": 85088
        },
        "2004-05": {
            "month": "2004-05",
            "price": "14.77",
            "revenue": 86910
        },
        "2004-06": {
            "month": "2004-06",
            "price": "14.67",
            "revenue": 100509
        },
        "2004-07": {
            "month": "2004-07",
            "price": "13.75",
            "revenue": 88659
        },
        "2004-08": {
            "month": "2004-08",
            "price": "13.61",
            "revenue": 89653
        },
        "2004-09": {
            "month": "2004-09",
            "price": "13.73",
            "revenue": 77876
        },
        "2004-10": {
            "month": "2004-10",
            "price": "11.89",
            "revenue": 98369
        },
        "2004-11": {
            "month": "2004-11",
            "price": "10.64",
            "revenue": 112667
        },
        "2004-12": {
            "month": "2004-12",
            "price": "9.78",
            "revenue": 85573
        },
        "2005-01": {
            "month": "2005-01",
            "price": "9.17",
            "revenue": 99144
        },
        "2005-02": {
            "month": "2005-02",
            "price": "9.01",
            "revenue": 67968
        },
        "2005-03": {
            "month": "2005-03",
            "price": "10.53",
            "revenue": 106399
        },
        "2005-04": {
            "month": "2005-04",
            "price": "12.01",
            "revenue": 102650
        },
        "2005-05": {
            "month": "2005-05",
            "price": "10.02",
            "revenue": 91853
        },
        "2005-06": {
            "month": "2005-06",
            "price": "10.25",
            "revenue": 94199
        },
        "2005-07": {
            "month": "2005-07",
            "price": "10.61",
            "revenue": 92596
        },
        "2005-08": {
            "month": "2005-08",
            "price": "13.44",
            "revenue": 101685
        },
        "2005-09": {
            "month": "2005-09",
            "price": "15.24",
            "revenue": 104871
        },
        "2005-10": {
            "month": "2005-10",
            "price": "14.64",
            "revenue": 112393
        },
        "2005-11": {
            "month": "2005-11",
            "price": "16.27",
            "revenue": 120186
        },
        "2005-12": {
            "month": "2005-12",
            "price": "22.42",
            "revenue": 97057
        },
        "2006-01": {
            "month": "2006-01",
            "price": "22.42",
            "revenue": 114351
        },
        "2006-02": {
            "month": "2006-02",
            "price": "21.07",
            "revenue": 103129
        },
        "2006-03": {
            "month": "2006-03",
            "price": "23.19",
            "revenue": 132482
        },
        "2006-04": {
            "month": "2006-04",
            "price": "29.42",
            "revenue": 159581
        },
        "2006-05": {
            "month": "2006-05",
            "price": "40.19",
            "revenue": 175147
        },
        "2006-06": {
            "month": "2006-06",
            "price": "39.23",
            "revenue": 180541
        },
        "2006-07": {
            "month": "2006-07",
            "price": "40.76",
            "revenue": 176839
        },
        "2006-08": {
            "month": "2006-08",
            "price": "39.24",
            "revenue": 171765
        },
        "2006-09": {
            "month": "2006-09",
            "price": "38.16",
            "revenue": 160336
        },
        "2006-10": {
            "month": "2006-10",
            "price": "36.51",
            "revenue": 153778
        },
        "2006-11": {
            "month": "2006-11",
            "price": "35.47",
            "revenue": 150184
        },
        "2006-12": {
            "month": "2006-12",
            "price": "36.80",
            "revenue": 111432
        },
        "2007-01": {
            "month": "2007-01",
            "price": "38.34",
            "revenue": 138630
        },
        "2007-02": {
            "month": "2007-02",
            "price": "37.85",
            "revenue": 110029
        },
        "2007-03": {
            "month": "2007-03",
            "price": "35.95",
            "revenue": 150385
        },
        "2007-04": {
            "month": "2007-04",
            "price": "37.54",
            "revenue": 155043
        },
        "2007-05": {
            "month": "2007-05",
            "price": "36.52",
            "revenue": 160768
        },
        "2007-06": {
            "month": "2007-06",
            "price": "37.37",
            "revenue": 161945
        },
        "2007-07": {
            "month": "2007-07",
            "price": "38.19",
            "revenue": 169285
        },
        "2007-08": {
            "month": "2007-08",
            "price": "30.90",
            "revenue": 175101
        },
        "2007-09": {
            "month": "2007-09",
            "price": "28.06",
            "revenue": 178419
        },
        "2007-10": {
            "month": "2007-10",
            "price": "28.55",
            "revenue": 216128
        },
        "2007-11": {
            "month": "2007-11",
            "price": "27.05",
            "revenue": 219662
        },
        "2007-12": {
            "month": "2007-12",
            "price": "23.64",
            "revenue": 194261
        },
        "2008-01": {
            "month": "2008-01",
            "price": "20.57",
            "revenue": 190385
        },
        "2008-02": {
            "month": "2008-02",
            "price": "19.66",
            "revenue": 147372
        },
        "2008-03": {
            "month": "2008-03",
            "price": "22.90",
            "revenue": 165043
        },
        "2008-04": {
            "month": "2008-04",
            "price": "22.85",
            "revenue": 168060
        },
        "2008-05": {
            "month": "2008-05",
            "price": "22.98",
            "revenue": 139838
        },
        "2008-06": {
            "month": "2008-06",
            "price": "19.49",
            "revenue": 135213
        },
        "2008-07": {
            "month": "2008-07",
            "price": "16.24",
            "revenue": 161657
        },
        "2008-08": {
            "month": "2008-08",
            "price": "15.92",
            "revenue": 167365
        },
        "2008-09": {
            "month": "2008-09",
            "price": "12.15",
            "revenue": 168630
        },
        "2008-10": {
            "month": "2008-10",
            "price": "10.26",
            "revenue": 149028
        },
        "2008-11": {
            "month": "2008-11",
            "price": "8.91",
            "revenue": 102149
        },
        "2008-12": {
            "month": "2008-12",
            "price": "8.65",
            "revenue": 84087
        },
        "2009-01": {
            "month": "2009-01",
            "price": "8.79",
            "revenue": 79421
        },
        "2009-02": {
            "month": "2009-02",
            "price": "8.76",
            "revenue": 85039
        },
        "2009-03": {
            "month": "2009-03",
            "price": "9.93",
            "revenue": 93338
        },
        "2009-04": {
            "month": "2009-04",
            "price": "11.66",
            "revenue": 93267
        },
        "2009-05": {
            "month": "2009-05",
            "price": "11.53",
            "revenue": 94861
        },
        "2009-06": {
            "month": "2009-06",
            "price": "10.88",
            "revenue": 103115
        },
        "2009-07": {
            "month": "2009-07",
            "price": "11.53",
            "revenue": 115476
        },
        "2009-08": {
            "month": "2009-08",
            "price": "11.60",
            "revenue": 115499
        },
        "2009-09": {
            "month": "2009-09",
            "price": "13.26",
            "revenue": 125577
        },
        "2009-10": {
            "month": "2009-10",
            "price": "14.24",
            "revenue": 130269
        },
        "2009-11": {
            "month": "2009-11",
            "price": "15.20",
            "revenue": 140181
        },
        "2009-12": {
            "month": "2009-12",
            "price": "16.85",
            "revenue": 142775
        },
        "2010-01": {
            "month": "2010-01",
            "price": "18.01",
            "revenue": 152582
        },
        "2010-02": {
            "month": "2010-02",
            "price": "17.98",
            "revenue": 115620
        },
        "2010-03": {
            "month": "2010-03",
            "price": "23.42",
            "revenue": 160355
        },
        "2010-04": {
            "month": "2010-04",
            "price": "28.27",
            "revenue": 177095
        },
        "2010-05": {
            "month": "2010-05",
            "price": "29.75",
            "revenue": 181532
        },
        "2010-06": {
            "month": "2010-06",
            "price": "29.40",
            "revenue": 175534
        },
        "2010-07": {
            "month": "2010-07",
            "price": "32.38",
            "revenue": 214605
        },
        "2010-08": {
            "month": "2010-08",
            "price": "34.41",
            "revenue": 216288
        },
        "2010-09": {
            "month": "2010-09",
            "price": "37.05",
            "revenue": 180585
        },
        "2010-10": {
            "month": "2010-10",
            "price": "36.05",
            "revenue": 173118
        },
        "2010-11": {
            "month": "2010-11",
            "price": "32.39",
            "revenue": 174248
        },
        "2010-12": {
            "month": "2010-12",
            "price": "34.84",
            "revenue": 143409
        },
        "2011-01": {
            "month": "2011-01",
            "price": "34.18",
            "revenue": 157226
        },
        "2011-02": {
            "month": "2011-02",
            "price": "32.92",
            "revenue": 119801
        },
        "2011-03": {
            "month": "2011-03",
            "price": "32.02",
            "revenue": 188875
        },
        "2011-04": {
            "month": "2011-04",
            "price": "32.97",
            "revenue": 176319
        },
        "2011-05": {
            "month": "2011-05",
            "price": "32.64",
            "revenue": 190609
        },
        "2011-06": {
            "month": "2011-06",
            "price": "33.00",
            "revenue": 170618
        },
        "2011-07": {
            "month": "2011-07",
            "price": "28.88",
            "revenue": 171066
        },
        "2011-08": {
            "month": "2011-08",
            "price": "23.45",
            "revenue": 180546
        },
        "2011-09": {
            "month": "2011-09",
            "price": "22.25",
            "revenue": 181566
        },
        "2011-10": {
            "month": "2011-10",
            "price": "22.75",
            "revenue": 169158
        },
        "2011-11": {
            "month": "2011-11",
            "price": "22.74",
            "revenue": 151530
        },
        "2011-12": {
            "month": "2011-12",
            "price": "20.86",
            "revenue": 149283
        },
        "2012-01": {
            "month": "2012-01",
            "price": "21.53",
            "revenue": 113095
        },
        "2012-02": {
            "month": "2012-02",
            "price": "25.16",
            "revenue": 153014
        },
        "2012-03": {
            "month": "2012-03",
            "price": "27.45",
            "revenue": 150111
        },
        "2012-04": {
            "month": "2012-04",
            "price": "25.95",
            "revenue": 162742
        },
        "2012-05": {
            "month": "2012-05",
            "price": "24.08",
            "revenue": 151154
        },
        "2012-06": {
            "month": "2012-06",
            "price": "23.29",
            "revenue": 144170
        },
        "2012-07": {
            "month": "2012-07",
            "price": "22.91",
            "revenue": 147582
        },
        "2012-08": {
            "month": "2012-08",
            "price": "20.56",
            "revenue": 136796
        },
        "2012-09": {
            "month": "2012-09",
            "price": "20.62",
            "revenue": 141232
        },
        "2012-10": {
            "month": "2012-10",
            "price": "19.15",
            "revenue": 128169
        },
        "2012-11": {
            "month": "2012-11",
            "price": "17.53",
            "revenue": 124467
        },
        "2012-12": {
            "month": "2012-12",
            "price": "17.72",
            "revenue": 123174
        },
        "2013-01": {
            "month": "2013-01",
            "price": "18.01",
            "revenue": 108910
        },
        "2013-02": {
            "month": "2013-02",
            "price": "17.95",
            "revenue": 113189
        },
        "2013-03": {
            "month": "2013-03",
            "price": "18.60",
            "revenue": 130054
        },
        "2013-04": {
            "month": "2013-04",
            "price": "18.96",
            "revenue": 130208
        },
        "2013-05": {
            "month": "2013-05",
            "price": "18.95",
            "revenue": 139442
        },
        "2013-06": {
            "month": "2013-06",
            "price": "18.98",
            "revenue": 141214
        },
        "2013-07": {
            "month": "2013-07",
            "price": "18.33",
            "revenue": 153198
        },
        "2013-08": {
            "month": "2013-08",
            "price": "16.99",
            "revenue": 151422
        },
        "2013-09": {
            "month": "2013-09",
            "price": "17.83",
            "revenue": 141943
        },
        "2013-10": {
            "month": "2013-10",
            "price": "17.93",
            "revenue": 129285
        },
        "2013-11": {
            "month": "2013-11",
            "price": "17.81",
            "revenue": 124239
        },
        "2013-12": {
            "month": "2013-12",
            "price": "17.40",
            "revenue": 130094
        },
        "2014-01": {
            "month": "2014-01",
            "price": "18.01",
            "revenue": 130102
        },
        "2014-02": {
            "month": "2014-02",
            "price": "18.78",
            "revenue": 126908
        },
        "2014-03": {
            "month": "2014-03",
            "price": "19.85",
            "revenue": 150497
        },
        "2014-04": {
            "month": "2014-04",
            "price": "20.20",
            "revenue": 179477
        },
        "2014-05": {
            "month": "2014-05",
            "price": "22.90",
            "revenue": 150428
        },
        "2014-06": {
            "month": "2014-06",
            "price": "26.91",
            "revenue": 170094
        },
        "2014-07": {
            "month": "2014-07",
            "price": "24.84",
            "revenue": 164256
        },
        "2014-08": {
            "month": "2014-08",
            "price": "23.56",
            "revenue": 148912
        },
        "2014-09": {
            "month": "2014-09",
            "price": "22.23",
            "revenue": 158599
        },
        "2014-10": {
            "month": "2014-10",
            "price": "20.69",
            "revenue": 140811
        },
        "2014-11": {
            "month": "2014-11",
            "price": "20.96",
            "revenue": 155009
        },
        "2014-12": {
            "month": "2014-12",
            "price": "22.23",
            "revenue": 161399
        },
        "2015-01": {
            "month": "2015-01",
            "price": "23.26",
            "revenue": 158654
        },
        "2015-02": {
            "month": "2015-02",
            "price": "23.12",
            "revenue": 139388
        },
        "2015-03": {
            "month": "2015-03",
            "price": "24.31",
            "revenue": 146788
        },
        "2015-04": {
            "month": "2015-04",
            "price": "23.77",
            "revenue": 158359
        },
        "2015-05": {
            "month": "2015-05",
            "price": "22.52",
            "revenue": 151885
        },
        "2015-06": {
            "month": "2015-06",
            "price": "21.16",
            "revenue": 153395
        },
        "2015-07": {
            "month": "2015-07",
            "price": "18.96",
            "revenue": 151073
        },
        "2015-08": {
            "month": "2015-08",
            "price": "16.90",
            "revenue": 149872
        },
        "2015-09": {
            "month": "2015-09",
            "price": "16.91",
            "revenue": 170363
        },
        "2015-10": {
            "month": "2015-10",
            "price": "17.99",
            "revenue": 150721
        },
        "2015-11": {
            "month": "2015-11",
            "price": "18.73",
            "revenue": 160458
        },
        "2015-12": {
            "month": "2015-12",
            "price": "19.04",
            "revenue": 156419
        },
        "2016-01": {
            "month": "2016-01",
            "price": "18.34",
            "revenue": 172392
        },
        "2016-02": {
            "month": "2016-02",
            "price": "18.66",
            "revenue": 156814
        },
        "2016-03": {
            "month": "2016-03",
            "price": "20.45",
            "revenue": 169988
        },
        "2016-04": {
            "month": "2016-04",
            "price": "20.67",
            "revenue": 180573
        },
        "2016-05": {
            "month": "2016-05",
            "price": "22.95",
            "revenue": 169962
        },
        "2016-06": {
            "month": "2016-06",
            "price": "26.40",
            "revenue": 159481
        },
        "2016-07": {
            "month": "2016-07",
            "price": "28.42",
            "revenue": 161235
        },
        "2016-08": {
            "month": "2016-08",
            "price": "31.08",
            "revenue": 157897
        },
        "2016-09": {
            "month": "2016-09",
            "price": "28.47",
            "revenue": 150540
        },
        "2016-10": {
            "month": "2016-10",
            "price": "28.58",
            "revenue": 154743
        },
        "2016-11": {
            "month": "2016-11",
            "price": "26.50",
            "revenue": 176120
        },
        "2016-12": {
            "month": "2016-12",
            "price": "27.56",
            "revenue": 170665
        },
        "2017-01": {
            "month": "2017-01",
            "price": "28.53",
            "revenue": 181876
        },
        "2017-02": {
            "month": "2017-02",
            "price": "30.71",
            "revenue": 163286
        },
        "2017-03": {
            "month": "2017-03",
            "price": "31.69",
            "revenue": 182293
        },
        "2017-04": {
            "month": "2017-04",
            "price": "31.47",
            "revenue": 183714
        },
        "2017-05": {
            "month": "2017-05",
            "price": "32.46",
            "revenue": 183268
        },
        "2017-06": {
            "month": "2017-06",
            "price": "32.35",
            "revenue": 175528
        },
        "2017-07": {
            "month": "2017-07",
            "price": "32.03",
            "revenue": 182785
        },
        "2017-08": {
            "month": "2017-08",
            "price": "30.43",
            "revenue": 172814
        },
        "2017-09": {
            "month": "2017-09",
            "price": "31.33",
            "revenue": 176651
        },
        "2017-10": {
            "month": "2017-10",
            "price": "31.98",
            "revenue": 156478
        },
        "2017-11": {
            "month": "2017-11",
            "price": "31.29",
            "revenue": 154799
        },
        "2017-12": {
            "month": "2017-12",
            "price": "30.36",
            "revenue": 160717
        },
        "2018-01": {
            "month": "2018-01",
            "price": "31.72",
            "revenue": 186643
        },
        "2018-02": {
            "month": "2018-02",
            "price": "35.22",
            "revenue": 175942
        },
        "2018-03": {
            "month": "2018-03",
            "price": "38.79",
            "revenue": 192498
        },
        "2018-04": {
            "month": "2018-04",
            "price": "40.25",
            "revenue": 202179
        },
        "2018-05": {
            "month": "2018-05",
            "price": "39.97",
            "revenue": 206103
        },
        "2018-06": {
            "month": "2018-06",
            "price": "40.80",
            "revenue": 181317
        },
        "2018-07": {
            "month": "2018-07",
            "price": "38.39",
            "revenue": 205526
        },
        "2018-08": {
            "month": "2018-08",
            "price": "43.20",
            "revenue": 186862
        },
        "2018-09": {
            "month": "2018-09",
            "price": "43.14",
            "revenue": 193364
        },
        "2018-10": {
            "month": "2018-10",
            "price": "33.59",
            "revenue": 193078
        },
        "2018-11": {
            "month": "2018-11",
            "price": "34.37",
            "revenue": 185884
        },
        "2018-12": {
            "month": "2018-12",
            "price": "38.77",
            "revenue": 185751
        },
        "2019-01": {
            "month": "2019-01",
            "price": "41.19",
            "revenue": 191009
        },
        "2019-02": {
            "month": "2019-02",
            "price": "41.26",
            "revenue": 153293
        },
        "2019-03": {
            "month": "2019-03",
            "price": "45.96",
            "revenue": 182858
        },
        "2019-04": {
            "month": "2019-04",
            "price": "52.21",
            "revenue": 195959
        },
        "2019-05": {
            "month": "2019-05",
            "price": "44.81",
            "revenue": 170943
        },
        "2019-06": {
            "month": "2019-06",
            "price": "42.64",
            "revenue": 191272
        },
        "2019-07": {
            "month": "2019-07",
            "price": "46.02",
            "revenue": 184348
        },
        "2019-08": {
            "month": "2019-08",
            "price": "42.22",
            "revenue": 171973
        },
        "2019-09": {
            "month": "2019-09",
            "price": "43.07",
            "revenue": 175325
        },
        "2019-10": {
            "month": "2019-10",
            "price": "41.34",
            "revenue": 195784
        },
        "2019-11": {
            "month": "2019-11",
            "price": "41.25",
            "revenue": 193662
        },
        "2019-12": {
            "month": "2019-12",
            "price": "41.22",
            "revenue": 185959
        },
        "2020-01": {
            "month": "2020-01",
            "price": "39.89",
            "revenue": 184078
        },
        "2020-02": {
            "month": "2020-02",
            "price": "38.20",
            "revenue": 180510
        },
        "2020-03": {
            "month": "2020-03",
            "price": "33.76",
            "revenue": 207428
        },
        "2020-04": {
            "month": "2020-04",
            "price": "37.39",
            "revenue": 222223
        },
        "2020-05": {
            "month": "2020-05",
            "price": "46.30",
            "revenue": 231553
        },
        "2020-06": {
            "month": "2020-06",
            "price": "49.66",
            "revenue": 213705
        },
        "2020-07": {
            "month": "2020-07",
            "price": "47.78",
            "revenue": 200529
        },
        "2020-08": {
            "month": "2020-08",
            "price": "44.00",
            "revenue": 191461
        },
        "2020-09": {
            "month": "2020-09",
            "price": "43.78",
            "revenue": 200664
        },
        "2020-10": {
            "month": "2020-10",
            "price": "43.26",
            "revenue": 205837
        },
        "2020-11": {
            "month": "2020-11",
            "price": "46.82",
            "revenue": 221079
        },
        "2020-12": {
            "month": "2020-12",
            "price": "51.01",
            "revenue": 234479
        },
        "2021-01": {
            "month": "2021-01",
            "price": "53.82",
            "revenue": 252103
        },
        "2021-02": {
            "month": "2021-02",
            "price": "58.79",
            "revenue": 258563
        },
        "2021-03": {
            "month": "2021-03",
            "price": "65.03",
            "revenue": 270073
        },
        "2021-04": {
            "month": "2021-04",
            "price": "65.25",
            "revenue": 275678
        },
        "2021-05": {
            "month": "2021-05",
            "price": "57.66",
            "revenue": 287716
        },
        "2021-06": {
            "month": "2021-06",
            "price": "61.95",
            "revenue": 296632
        },
        "2021-07": {
            "month": "2021-07",
            "price": "69.78",
            "revenue": 313998
        },
        "2021-08": {
            "month": "2021-08",
            "price": "66.98",
            "revenue": 332448
        },
        "2021-09": {
            "month": "2021-09",
            "price": "65.87",
            "revenue": 268001
        },
        "2021-10": {
            "month": "2021-10",
            "price": "60.96",
            "revenue": 290750
        },
        "2021-11": {
            "month": "2021-11",
            "price": "63.81",
            "revenue": 301429
        },
        "2021-12": {
            "month": "2021-12",
            "price": "60.70",
            "revenue": 224902
        },
        "2022-01": {
            "month": "2022-01",
            "price": "57.50",
            "revenue": 283050
        },
        "2022-02": {
            "month": "2022-02",
            "price": "56.75",
            "revenue": 264417
        },
        "2022-03": {
            "month": "2022-03",
            "price": "54.26",
            "revenue": 274505
        },
        "2022-04": {
            "month": "2022-04",
            "price": "52.16",
            "revenue": 251033
        },
        "2022-05": {
            "month": "2022-05",
            "price": "47.73",
            "revenue": 232308
        },
        "2022-06": {
            "month": "2022-06",
            "price": "46.27",
            "revenue": 241708
        },
        "2022-07": {
            "month": "2022-07",
            "price": "40.86",
            "revenue": 262444
        },
        "2022-08": {
            "month": "2022-08",
            "price": "42.16",
            "revenue": 263216
        },
        "2022-09": {
            "month": "2022-09",
            "price": "42.55",
            "revenue": 252041
        },
        "2022-10": {
            "month": "2022-10",
            "price": "39.52",
            "revenue": 270678
        },
        "2022-11": {
            "month": "2022-11",
            "price": "44.09",
            "revenue": 307567
        },
        "2022-12": {
            "month": "2022-12",
            "price": "47.38",
            "revenue": 321611
        },
        "2023-01": {
            "month": "2023-01",
            "price": "49.02",
            "revenue": 302375
        },
        "2023-02": {
            "month": "2023-02",
            "price": "57.52",
            "revenue": 353084
        },
        "2023-03": {
            "month": "2023-03",
            "price": "65.70",
            "revenue": 359949
        },
        "2023-04": {
            "month": "2023-04",
            "price": "66.01",
            "revenue": 343681
        },
        "2023-05": {
            "month": "2023-05",
            "price": "74.39",
            "revenue": 375987
        },
        "2023-06": {
            "month": "2023-06",
            "price": "82.76",
            "revenue": 381082
        },
        "2023-07": {
            "month": "2023-07",
            "price": "101.27",
            "revenue": 401781
        },
        "2023-08": {
            "month": "2023-08",
            "price": "100.00",
            "revenue": 352978
        },
        "2023-09": {
            "month": "2023-09",
            "price": "87.61",
            "revenue": 348621
        },
        "2023-10": {
            "month": "2023-10",
            "price": "105.29",
            "revenue": 415880
        },
        "2023-11": {
            "month": "2023-11",
            "price": "121.43",
            "revenue": 411382
        },
        "2023-12": {
            "month": "2023-12",
            "price": "130.55",
            "revenue": 303682
        }
    }
}
