{
    "summary": {
        "stock_name": "均豪",
        "stock_id": "5443",
        "category": "光電",
        "main_business": "顯示器製程設備與智動化整合系統之設計製造買賣業務<br>半導體製程暨檢測設備之設計製造買賣業務<br>自動光學檢測設備之設計製造買賣業務",
        "website_url": "https://www.gpmcorp.com.tw/index.php",
        "ceo": "陳政興",
        "pe_ratio": 17,
        "report_year_from": 2001,
        "report_year_to": 2023,
        "age": 22,
        "eps_negative_percentage": 26,
        "eps_growth_avg": {
            "last_all": -0.86,
            "last_2y": 27.88,
            "last_4y": 26.84,
            "last_8y": 20.54,
            "last_12y": 1.27,
            "last_16y": -7.73,
            "last_20y": -0.86,
            "at_2006_last_3y": 86.55,
            "at_2007_last_3y": 24.37,
            "at_2008_last_3y": 24.37,
            "at_2009_last_3y": -40.76,
            "at_2010_last_3y": -100,
            "at_2011_last_3y": -85.43,
            "at_2012_last_3y": -90.29,
            "at_2013_last_3y": -85.43,
            "at_2014_last_3y": -76,
            "at_2015_last_3y": -19.05,
            "at_2016_last_3y": 24.48,
            "at_2017_last_3y": 12.66,
            "at_2018_last_3y": 47.85,
            "at_2019_last_3y": 14.59,
            "at_2020_last_3y": -2.39,
            "at_2021_last_3y": 19.27,
            "at_2022_last_3y": 12.65,
            "at_2023_last_3y": 12.65,
            "at_2006_last_all": 86.55,
            "at_2007_last_all": 24.37,
            "at_2008_last_all": 24.37,
            "at_2009_last_all": -6.73,
            "at_2010_last_all": -6.73,
            "at_2011_last_all": -19.55,
            "at_2012_last_all": -32.96,
            "at_2013_last_all": -32.96,
            "at_2014_last_all": -36.42,
            "at_2015_last_all": -19.36,
            "at_2016_last_all": -13.81,
            "at_2017_last_all": -14.71,
            "at_2018_last_all": -5.77,
            "at_2019_last_all": -8.05,
            "at_2020_last_all": -10.3,
            "at_2021_last_all": -5,
            "at_2022_last_all": -0.86,
            "at_2023_last_all": -0.86
        },
        "latest_eps": 1.96,
        "latest_price": 34.05,
        "latest_roe": 12.65,
        "latest_gross_margin": 30.17,
        "latest_equity": 3069789,
        "latest_revenue": 737986,
        "latest_gross_profit": 222657,
        "latest_net_income": 41789,
        "latest_debt_ratio": 58.31,
        "latest_current_ratio": 130.14,
        "latest_account_receivable_turnover_ratio": 0.35,
        "latest_inventory_turnover_ratio": 0.5,
        "latest_reinvestment_rate": 6.59,
        "latest_research_to_sale_ratio": 8.56
    },
    "eps_dividends": {
        "1997": {
            "cash": 0,
            "stock": 2.1,
            "eps": 0
        },
        "1998": {
            "cash": 0,
            "stock": 2.7,
            "eps": 0
        },
        "1999": {
            "cash": 0,
            "stock": 0.9,
            "eps": 0
        },
        "2000": {
            "cash": 0,
            "stock": 0.7,
            "eps": 0
        },
        "2001": {
            "cash": 0.14,
            "stock": 1.2,
            "eps": -0.7
        },
        "2002": {
            "cash": 0,
            "stock": 0,
            "eps": -1.98
        },
        "2003": {
            "cash": 0,
            "stock": 0,
            "eps": -1.22
        },
        "2004": {
            "cash": 0,
            "stock": 0,
            "eps": 1.08
        },
        "2005": {
            "cash": 0,
            "stock": 0,
            "eps": 2.11
        },
        "2006": {
            "cash": 0.7,
            "stock": 0.8,
            "eps": 3.75
        },
        "2007": {
            "cash": 0.3,
            "stock": 0.7,
            "eps": -1.42
        },
        "2008": {
            "cash": 0,
            "stock": 0,
            "eps": 0.76
        },
        "2009": {
            "cash": 0,
            "stock": 0,
            "eps": -1.72
        },
        "2010": {
            "cash": 0,
            "stock": 0,
            "eps": 1.51
        },
        "2011": {
            "cash": 0.71,
            "stock": 0,
            "eps": 0.44
        },
        "2012": {
            "cash": 0.3,
            "stock": 0,
            "eps": -1.53
        },
        "2013": {
            "cash": 0,
            "stock": 0,
            "eps": 0.98
        },
        "2014": {
            "cash": 0.7,
            "stock": 0,
            "eps": 0.42
        },
        "2015": {
            "cash": 0.8,
            "stock": 0,
            "eps": 1.21
        },
        "2016": {
            "cash": 1,
            "stock": 0,
            "eps": 1.58
        },
        "2017": {
            "cash": 1.8,
            "stock": 0,
            "eps": 1.22
        },
        "2018": {
            "cash": 1.22,
            "stock": 0,
            "eps": 2.24
        },
        "2019": {
            "cash": 1.3,
            "stock": 0,
            "eps": 1.5
        },
        "2020": {
            "cash": 1.5,
            "stock": 0,
            "eps": 0.94
        },
        "2021": {
            "cash": 1,
            "stock": 0,
            "eps": 1.54
        },
        "2022": {
            "cash": 1.5,
            "stock": 0,
            "eps": 2.42
        },
        "2023": {
            "cash": 1.8,
            "stock": 0,
            "eps": 0.24
        }
    },
    "dividends": {
        "1997-04-19": {
            "cash": 0,
            "stock": 2.1
        },
        "1998-05-23": {
            "cash": 0,
            "stock": 2.7
        },
        "1999-06-16": {
            "cash": 0,
            "stock": 0.9
        },
        "2000-05-10": {
            "cash": 0,
            "stock": 0.7
        },
        "2001-04-19": {
            "cash": 0.14,
            "stock": 1.2
        },
        "2006-03-07": {
            "cash": 0.7,
            "stock": 0.8
        },
        "2007-04-30": {
            "cash": 0.3,
            "stock": 0.7
        },
        "2011-04-28": {
            "cash": 0.71,
            "stock": 0
        },
        "2012-06-21": {
            "cash": 0.3,
            "stock": 0
        },
        "2014-08-15": {
            "cash": 0.7,
            "stock": 0
        },
        "2015-08-14": {
            "cash": 0.8,
            "stock": 0
        },
        "2016-08-05": {
            "cash": 1,
            "stock": 0
        },
        "2017-08-22": {
            "cash": 1.8,
            "stock": 0
        },
        "2018-08-07": {
            "cash": 1.22,
            "stock": 0
        },
        "2019-08-16": {
            "cash": 1.3,
            "stock": 0
        },
        "2020-08-14": {
            "cash": 1.5,
            "stock": 0
        },
        "2021-08-16": {
            "cash": 1,
            "stock": 0
        },
        "2022-08-12": {
            "cash": 1.5,
            "stock": 0
        },
        "2023-07-10": {
            "cash": 1.8,
            "stock": 0
        }
    },
    "prices": {
        "200101": "21.11",
        "200102": "25.90",
        "200103": "26.46",
        "200104": "27.00",
        "200105": "21.13",
        "200106": "18.29",
        "200107": "13.96",
        "200108": "12.96",
        "200109": "9.16",
        "200110": "7.05",
        "200111": "7.96",
        "200112": "10.90",
        "200201": "11.91",
        "200202": "11.72",
        "200203": "15.58",
        "200204": "18.15",
        "200205": "14.71",
        "200206": "12.68",
        "200207": "11.92",
        "200208": "10.83",
        "200209": "8.13",
        "200210": "7.44",
        "200211": "7.23",
        "200212": "7.33",
        "200301": "8.05",
        "200302": "8.29",
        "200303": "8.24",
        "200304": "8.42",
        "200305": "7.09",
        "200306": "7.94",
        "200307": "8.59",
        "200308": "8.23",
        "200309": "7.48",
        "200310": "7.20",
        "200311": "8.10",
        "200312": "10.51",
        "200401": "12.68",
        "200402": "12.81",
        "200403": "13.60",
        "200404": "14.38",
        "200405": "13.25",
        "200406": "10.83",
        "200407": "9.70",
        "200408": "9.84",
        "200409": "11.69",
        "200410": "10.90",
        "200411": "10.16",
        "200412": "9.99",
        "200501": "9.94",
        "200502": "10.78",
        "200503": "11.29",
        "200504": "11.19",
        "200505": "11.15",
        "200506": "15.10",
        "200507": "17.79",
        "200508": "17.77",
        "200509": "16.32",
        "200510": "14.48",
        "200511": "14.98",
        "200512": "17.98",
        "200601": "25.31",
        "200602": "33.58",
        "200603": "37.09",
        "200604": "45.27",
        "200605": "45.88",
        "200606": "35.00",
        "200607": "33.48",
        "200608": "36.12",
        "200609": "40.36",
        "200610": "33.94",
        "200611": "32.90",
        "200612": "34.61",
        "200701": "31.85",
        "200702": "31.42",
        "200703": "29.10",
        "200704": "31.47",
        "200705": "30.94",
        "200706": "30.06",
        "200707": "27.79",
        "200708": "20.49",
        "200709": "18.52",
        "200710": "21.70",
        "200711": "19.27",
        "200712": "18.35",
        "200801": "18.57",
        "200802": "18.05",
        "200803": "20.13",
        "200804": "21.84",
        "200805": "21.70",
        "200806": "17.73",
        "200807": "12.22",
        "200808": "12.59",
        "200809": "13.50",
        "200810": "15.31",
        "200811": "11.71",
        "200812": "9.47",
        "200901": "9.02",
        "200902": "9.06",
        "200903": "10.09",
        "200904": "10.92",
        "200905": "10.22",
        "200906": "9.79",
        "200907": "10.17",
        "200908": "11.82",
        "200909": "11.75",
        "200910": "14.08",
        "200911": "17.59",
        "200912": "24.21",
        "201001": "21.76",
        "201002": "19.02",
        "201003": "19.94",
        "201004": "18.99",
        "201005": "15.82",
        "201006": "15.32",
        "201007": "17.78",
        "201008": "18.18",
        "201009": "18.67",
        "201010": "19.04",
        "201011": "16.83",
        "201012": "18.45",
        "201101": "18.62",
        "201102": "16.65",
        "201103": "15.45",
        "201104": "14.65",
        "201105": "14.80",
        "201106": "13.91",
        "201107": "12.25",
        "201108": "10.23",
        "201109": "10.00",
        "201110": "9.93",
        "201111": "9.52",
        "201112": "8.33",
        "201201": "8.19",
        "201202": "10.56",
        "201203": "10.46",
        "201204": "9.52",
        "201205": "8.57",
        "201206": "8.23",
        "201207": "8.35",
        "201208": "8.67",
        "201209": "8.51",
        "201210": "7.80",
        "201211": "6.91",
        "201212": "7.91",
        "201301": "8.00",
        "201302": "7.76",
        "201303": "7.86",
        "201304": "7.50",
        "201305": "9.81",
        "201306": "11.99",
        "201307": "14.52",
        "201308": "13.46",
        "201309": "11.56",
        "201310": "12.23",
        "201311": "13.10",
        "201312": "12.46",
        "201401": "12.84",
        "201402": "12.56",
        "201403": "13.37",
        "201404": "13.34",
        "201405": "12.82",
        "201406": "13.10",
        "201407": "12.99",
        "201408": "12.50",
        "201409": "12.96",
        "201410": "11.81",
        "201411": "11.93",
        "201412": "11.81",
        "201501": "12.04",
        "201502": "11.95",
        "201503": "12.54",
        "201504": "13.62",
        "201505": "13.36",
        "201506": "12.78",
        "201507": "12.68",
        "201508": "10.73",
        "201509": "11.18",
        "201510": "12.90",
        "201511": "13.15",
        "201512": "16.12",
        "201601": "14.41",
        "201602": "14.83",
        "201603": "16.74",
        "201604": "15.12",
        "201605": "14.94",
        "201606": "15.99",
        "201607": "17.46",
        "201608": "21.52",
        "201609": "22.56",
        "201610": "20.67",
        "201611": "19.22",
        "201612": "20.34",
        "201701": "21.86",
        "201702": "23.39",
        "201703": "27.03",
        "201704": "25.05",
        "201705": "24.04",
        "201706": "24.14",
        "201707": "24.52",
        "201708": "21.78",
        "201709": "21.92",
        "201710": "23.42",
        "201711": "22.32",
        "201712": "20.95",
        "201801": "21.48",
        "201802": "20.92",
        "201803": "21.26",
        "201804": "22.83",
        "201805": "24.73",
        "201806": "28.42",
        "201807": "27.96",
        "201808": "28.53",
        "201809": "26.91",
        "201810": "24.26",
        "201811": "23.52",
        "201812": "22.77",
        "201901": "22.42",
        "201902": "23.18",
        "201903": "23.96",
        "201904": "25.02",
        "201905": "21.08",
        "201906": "19.84",
        "201907": "20.85",
        "201908": "20.10",
        "201909": "21.80",
        "201910": "20.61",
        "201911": "20.73",
        "201912": "21.48",
        "202001": "20.68",
        "202002": "18.88",
        "202003": "15.21",
        "202004": "17.84",
        "202005": "18.82",
        "202006": "19.69",
        "202007": "21.47",
        "202008": "21.54",
        "202009": "23.13",
        "202010": "29.48",
        "202011": "36.21",
        "202012": "39.33",
        "202101": "46.11",
        "202102": "42.30",
        "202103": "42.23",
        "202104": "43.03",
        "202105": "34.82",
        "202106": "38.60",
        "202107": "42.70",
        "202108": "36.76",
        "202109": "33.82",
        "202110": "31.42",
        "202111": "34.48",
        "202112": "33.89",
        "202201": "32.90",
        "202202": "32.34",
        "202203": "30.75",
        "202204": "30.57",
        "202205": "28.80",
        "202206": "28.31",
        "202207": "24.84",
        "202208": "26.23",
        "202209": "27.11",
        "202210": "25.57",
        "202211": "27.19",
        "202212": "28.81",
        "202301": "28.39",
        "202302": "29.19",
        "202303": "29.46",
        "202304": "28.72",
        "202305": "28.68",
        "202306": "32.35"
    },
    "quarters": {
        "20011": {
            "year_quarter": 20011,
            "year": 2001,
            "quarter": 1,
            "eps": 0.33,
            "eps_growth_year": -23.26,
            "eps_4q": 1.69,
            "eps_4q_growth_year": 114.36,
            "roe": 2.06,
            "roe_4q": 2.06,
            "gross_profit": 60883,
            "gross_margin": 24.74,
            "gross_margin_4q_avg": 24.74,
            "net_income": 30467,
            "revenue": 246044,
            "common_shares": 940023,
            "book_valuer_per_share": 15.43,
            "book_valuer_per_share_4q_avg": 15.43,
            "equity": 1450131,
            "current_ratio": 166.44,
            "debt_ratio": 33.24,
            "inventory_turnover_ratio": 0.44,
            "account_receivable_turnover_ratio": null,
            "reinvestment_rate": null,
            "research_to_sale_ratio": null,
            "price_fair": 0,
            "eps_avg_yearly": 0,
            "eps_latest_yearly": 0,
            "eps_growth_yearly": 0
        },
        "20012": {
            "year_quarter": 20012,
            "year": 2001,
            "quarter": 2,
            "eps": -0.16,
            "eps_growth_year": -130.77,
            "eps_4q": 1.04,
            "eps_4q_growth_year": 2.14,
            "roe": -1.18,
            "roe_4q": 0.8800000000000001,
            "gross_profit": 38345,
            "gross_margin": 23.84,
            "gross_margin_4q_avg": 24.29,
            "net_income": -17055,
            "revenue": 160839,
            "common_shares": 940023,
            "book_valuer_per_share": 15.21,
            "book_valuer_per_share_4q_avg": 15.32,
            "equity": 1430141,
            "current_ratio": 138.58,
            "debt_ratio": 38.16,
            "inventory_turnover_ratio": 0.33,
            "account_receivable_turnover_ratio": null,
            "reinvestment_rate": null,
            "research_to_sale_ratio": null,
            "price_fair": 0,
            "eps_avg_yearly": 0,
            "eps_latest_yearly": 0,
            "eps_growth_yearly": 0
        },
        "20013": {
            "year_quarter": 20013,
            "year": 2001,
            "quarter": 3,
            "eps": -0.34,
            "eps_growth_year": -150,
            "eps_4q": 0.05,
            "eps_4q_growth_year": -97.05,
            "roe": -2.57,
            "roe_4q": -1.69,
            "gross_profit": 19778,
            "gross_margin": 16.75,
            "gross_margin_4q_avg": 21.78,
            "net_income": -36410,
            "revenue": 118094,
            "common_shares": 1065900,
            "book_valuer_per_share": 13.18,
            "book_valuer_per_share_4q_avg": 14.61,
            "equity": 1404843,
            "current_ratio": 111.84,
            "debt_ratio": 37.23,
            "inventory_turnover_ratio": 0.28,
            "account_receivable_turnover_ratio": null,
            "reinvestment_rate": null,
            "research_to_sale_ratio": null,
            "price_fair": 0,
            "eps_avg_yearly": 0,
            "eps_latest_yearly": 0,
            "eps_growth_yearly": 0
        },
        "20014": {
            "year_quarter": 20014,
            "year": 2001,
            "quarter": 4,
            "eps": -0.53,
            "eps_growth_year": -260.61,
            "eps_4q": -0.85,
            "eps_4q_growth_year": -146.13,
            "roe": -3.97,
            "roe_4q": -5.66,
            "gross_profit": 17812,
            "gross_margin": 15.85,
            "gross_margin_4q_avg": 20.3,
            "net_income": -56113,
            "revenue": 112361,
            "common_shares": 1065900,
            "book_valuer_per_share": 12.41,
            "book_valuer_per_share_4q_avg": 14.06,
            "equity": 1422613,
            "current_ratio": 113.92,
            "debt_ratio": 45.33,
            "inventory_turnover_ratio": 0.26,
            "account_receivable_turnover_ratio": null,
            "reinvestment_rate": null,
            "research_to_sale_ratio": null,
            "price_fair": 0,
            "eps_avg_yearly": 0,
            "eps_latest_yearly": 0,
            "eps_growth_yearly": 0
        },
        "20021": {
            "year_quarter": 20021,
            "year": 2002,
            "quarter": 1,
            "eps": -0.05,
            "eps_growth_year": -115.15,
            "eps_4q": -1.07,
            "eps_4q_growth_year": -163.23,
            "roe": -0.39,
            "roe_4q": -8.11,
            "gross_profit": 14834,
            "gross_margin": 11.69,
            "gross_margin_4q_avg": 17.03,
            "net_income": -5382,
            "revenue": 126940,
            "common_shares": 1065900,
            "book_valuer_per_share": 12.26,
            "book_valuer_per_share_4q_avg": 13.27,
            "equity": 1307299,
            "current_ratio": 90.95,
            "debt_ratio": 42.02,
            "inventory_turnover_ratio": 0.33,
            "account_receivable_turnover_ratio": null,
            "reinvestment_rate": null,
            "research_to_sale_ratio": null,
            "price_fair": 0,
            "eps_avg_yearly": 0,
            "eps_latest_yearly": 0,
            "eps_growth_yearly": 0
        },
        "20022": {
            "year_quarter": 20022,
            "year": 2002,
            "quarter": 2,
            "eps": -0.18,
            "eps_growth_year": null,
            "eps_4q": -1.09,
            "eps_4q_growth_year": -205.2,
            "roe": -1.42,
            "roe_4q": -8.35,
            "gross_profit": 35498,
            "gross_margin": 20.57,
            "gross_margin_4q_avg": 16.22,
            "net_income": -18403,
            "revenue": 172567,
            "common_shares": 1065900,
            "book_valuer_per_share": 12.02,
            "book_valuer_per_share_4q_avg": 12.47,
            "equity": 1281670,
            "current_ratio": 107.5,
            "debt_ratio": 43.95,
            "inventory_turnover_ratio": 0.46,
            "account_receivable_turnover_ratio": null,
            "reinvestment_rate": null,
            "research_to_sale_ratio": null,
            "price_fair": 0,
            "eps_avg_yearly": 0,
            "eps_latest_yearly": 0,
            "eps_growth_yearly": 0
        },
        "20023": {
            "year_quarter": 20023,
            "year": 2002,
            "quarter": 3,
            "eps": -0.79,
            "eps_growth_year": null,
            "eps_4q": -1.14,
            "eps_4q_growth_year": -2418.92,
            "roe": -5.9,
            "roe_4q": -11.68,
            "gross_profit": 29931,
            "gross_margin": 21.81,
            "gross_margin_4q_avg": 17.48,
            "net_income": -85461,
            "revenue": 137213,
            "common_shares": 1451634,
            "book_valuer_per_share": 11.14,
            "book_valuer_per_share_4q_avg": 11.96,
            "equity": 1616879,
            "current_ratio": 132.17,
            "debt_ratio": 40.06,
            "inventory_turnover_ratio": 0.33,
            "account_receivable_turnover_ratio": null,
            "reinvestment_rate": null,
            "research_to_sale_ratio": null,
            "price_fair": 0,
            "eps_avg_yearly": 0,
            "eps_latest_yearly": 0,
            "eps_growth_yearly": 0
        },
        "20024": {
            "year_quarter": 20024,
            "year": 2002,
            "quarter": 4,
            "eps": -0.96,
            "eps_growth_year": null,
            "eps_4q": -1.86,
            "eps_4q_growth_year": null,
            "roe": -7.05,
            "roe_4q": -14.76,
            "gross_profit": 18320,
            "gross_margin": 9.31,
            "gross_margin_4q_avg": 15.85,
            "net_income": -112022,
            "revenue": 196782,
            "common_shares": 1451634,
            "book_valuer_per_share": 10.42,
            "book_valuer_per_share_4q_avg": 11.46,
            "equity": 1562917,
            "current_ratio": 105.62,
            "debt_ratio": 42.89,
            "inventory_turnover_ratio": 0.51,
            "account_receivable_turnover_ratio": null,
            "reinvestment_rate": null,
            "research_to_sale_ratio": null,
            "price_fair": 0,
            "eps_avg_yearly": 0,
            "eps_latest_yearly": 0,
            "eps_growth_yearly": 0
        },
        "20031": {
            "year_quarter": 20031,
            "year": 2003,
            "quarter": 1,
            "eps": -0.14,
            "eps_growth_year": null,
            "eps_4q": -1.68,
            "eps_4q_growth_year": null,
            "roe": -1.28,
            "roe_4q": -15.65,
            "gross_profit": 42641,
            "gross_margin": 23.28,
            "gross_margin_4q_avg": 18.74,
            "net_income": -19650,
            "revenue": 183131,
            "common_shares": 1451634,
            "book_valuer_per_share": 10.32,
            "book_valuer_per_share_4q_avg": 10.98,
            "equity": 1497367,
            "current_ratio": 104.6,
            "debt_ratio": 37.7,
            "inventory_turnover_ratio": 0.49,
            "account_receivable_turnover_ratio": null,
            "reinvestment_rate": null,
            "research_to_sale_ratio": null,
            "price_fair": 0,
            "eps_avg_yearly": 0,
            "eps_latest_yearly": 0,
            "eps_growth_yearly": 0
        },
        "20032": {
            "year_quarter": 20032,
            "year": 2003,
            "quarter": 2,
            "eps": -0.6,
            "eps_growth_year": null,
            "eps_4q": -2.09,
            "eps_4q_growth_year": null,
            "roe": -5.9,
            "roe_4q": -20.130000000000003,
            "gross_profit": 76613,
            "gross_margin": 36.47,
            "gross_margin_4q_avg": 22.72,
            "net_income": -85794,
            "revenue": 210079,
            "common_shares": 1451634,
            "book_valuer_per_share": 9.71,
            "book_valuer_per_share_4q_avg": 10.4,
            "equity": 1409678,
            "current_ratio": 154.5,
            "debt_ratio": 35.2,
            "inventory_turnover_ratio": 0.56,
            "account_receivable_turnover_ratio": null,
            "reinvestment_rate": null,
            "research_to_sale_ratio": null,
            "price_fair": 0,
            "eps_avg_yearly": 0,
            "eps_latest_yearly": 0,
            "eps_growth_yearly": 0
        },
        "20033": {
            "year_quarter": 20033,
            "year": 2003,
            "quarter": 3,
            "eps": -0.4,
            "eps_growth_year": null,
            "eps_4q": -1.89,
            "eps_4q_growth_year": null,
            "roe": -4.09,
            "roe_4q": -18.32,
            "gross_profit": 44447,
            "gross_margin": 26.4,
            "gross_margin_4q_avg": 23.87,
            "net_income": -56596,
            "revenue": 168330,
            "common_shares": 1451634,
            "book_valuer_per_share": 9.38,
            "book_valuer_per_share_4q_avg": 9.96,
            "equity": 1361055,
            "current_ratio": 145.39,
            "debt_ratio": 31.07,
            "inventory_turnover_ratio": 0.49,
            "account_receivable_turnover_ratio": null,
            "reinvestment_rate": null,
            "research_to_sale_ratio": null,
            "price_fair": 0,
            "eps_avg_yearly": 0,
            "eps_latest_yearly": 0,
            "eps_growth_yearly": 0
        },
        "20034": {
            "year_quarter": 20034,
            "year": 2003,
            "quarter": 4,
            "eps": -0.08,
            "eps_growth_year": null,
            "eps_4q": -1.18,
            "eps_4q_growth_year": null,
            "roe": -0.85,
            "roe_4q": -12.12,
            "gross_profit": 113186,
            "gross_margin": 29.88,
            "gross_margin_4q_avg": 29.01,
            "net_income": -11748,
            "revenue": 378818,
            "common_shares": 1451634,
            "book_valuer_per_share": 9.34,
            "book_valuer_per_share_4q_avg": 9.69,
            "equity": 1399026,
            "current_ratio": 158.3,
            "debt_ratio": 43.05,
            "inventory_turnover_ratio": 0.95,
            "account_receivable_turnover_ratio": null,
            "reinvestment_rate": null,
            "research_to_sale_ratio": null,
            "price_fair": 0,
            "eps_avg_yearly": 0,
            "eps_latest_yearly": 0,
            "eps_growth_yearly": 0
        },
        "20041": {
            "year_quarter": 20041,
            "year": 2004,
            "quarter": 1,
            "eps": 0.33,
            "eps_growth_year": null,
            "eps_4q": -0.72,
            "eps_4q_growth_year": null,
            "roe": 3.46,
            "roe_4q": -7.380000000000001,
            "gross_profit": 149632,
            "gross_margin": 43.63,
            "gross_margin_4q_avg": 34.1,
            "net_income": 48323,
            "revenue": 342956,
            "common_shares": 1451634,
            "book_valuer_per_share": 9.59,
            "book_valuer_per_share_4q_avg": 9.51,
            "equity": 1391840,
            "current_ratio": 143.74,
            "debt_ratio": 43.12,
            "inventory_turnover_ratio": 0.61,
            "account_receivable_turnover_ratio": null,
            "reinvestment_rate": null,
            "research_to_sale_ratio": null,
            "price_fair": 0,
            "eps_avg_yearly": 0,
            "eps_latest_yearly": 0,
            "eps_growth_yearly": 0
        },
        "20042": {
            "year_quarter": 20042,
            "year": 2004,
            "quarter": 2,
            "eps": 0.58,
            "eps_growth_year": null,
            "eps_4q": 0.44,
            "eps_4q_growth_year": null,
            "roe": 5.89,
            "roe_4q": 4.41,
            "gross_profit": 201082,
            "gross_margin": 41.93,
            "gross_margin_4q_avg": 35.46,
            "net_income": 84586,
            "revenue": 479553,
            "common_shares": 1451634,
            "book_valuer_per_share": 10.21,
            "book_valuer_per_share_4q_avg": 9.63,
            "equity": 1482168,
            "current_ratio": 172.57,
            "debt_ratio": 37.99,
            "inventory_turnover_ratio": 0.84,
            "account_receivable_turnover_ratio": null,
            "reinvestment_rate": null,
            "research_to_sale_ratio": null,
            "price_fair": 81.2,
            "eps_avg_yearly": 2.32,
            "eps_latest_yearly": 2.32,
            "eps_growth_yearly": 303.03
        },
        "20043": {
            "year_quarter": 20043,
            "year": 2004,
            "quarter": 3,
            "eps": 0.44,
            "eps_growth_year": null,
            "eps_4q": 1.27,
            "eps_4q_growth_year": null,
            "roe": 4.24,
            "roe_4q": 12.74,
            "gross_profit": 161045,
            "gross_margin": 35.63,
            "gross_margin_4q_avg": 37.77,
            "net_income": 63869,
            "revenue": 452003,
            "common_shares": 1451634,
            "book_valuer_per_share": 10.56,
            "book_valuer_per_share_4q_avg": 9.93,
            "equity": 1533476,
            "current_ratio": 177.67,
            "debt_ratio": 37.59,
            "inventory_turnover_ratio": 0.91,
            "account_receivable_turnover_ratio": null,
            "reinvestment_rate": null,
            "research_to_sale_ratio": null,
            "price_fair": 71.4,
            "eps_avg_yearly": 2.04,
            "eps_latest_yearly": 1.76,
            "eps_growth_yearly": 103.24
        },
        "20044": {
            "year_quarter": 20044,
            "year": 2004,
            "quarter": 4,
            "eps": -0.27,
            "eps_growth_year": null,
            "eps_4q": 1.03,
            "eps_4q_growth_year": null,
            "roe": -2.54,
            "roe_4q": 11.05,
            "gross_profit": 69557,
            "gross_margin": 21.5,
            "gross_margin_4q_avg": 35.67,
            "net_income": -39437,
            "revenue": 323458,
            "common_shares": 1451634,
            "book_valuer_per_share": 10.43,
            "book_valuer_per_share_4q_avg": 10.2,
            "equity": 1573675,
            "current_ratio": 209.86,
            "debt_ratio": 39.98,
            "inventory_turnover_ratio": 0.8,
            "account_receivable_turnover_ratio": null,
            "reinvestment_rate": null,
            "research_to_sale_ratio": null,
            "price_fair": 71.4,
            "eps_avg_yearly": 2.04,
            "eps_latest_yearly": 1.76,
            "eps_growth_yearly": 103.24
        },
        "20051": {
            "year_quarter": 20051,
            "year": 2005,
            "quarter": 1,
            "eps": -0.27,
            "eps_growth_year": -181.82,
            "eps_4q": 0.49,
            "eps_4q_growth_year": null,
            "roe": -2.54,
            "roe_4q": 5.05,
            "gross_profit": 50917,
            "gross_margin": 26.23,
            "gross_margin_4q_avg": 31.32,
            "net_income": -38680,
            "revenue": 194099,
            "common_shares": 1451634,
            "book_valuer_per_share": 10.14,
            "book_valuer_per_share_4q_avg": 10.34,
            "equity": 1472438,
            "current_ratio": 184.45,
            "debt_ratio": 37.47,
            "inventory_turnover_ratio": 0.42,
            "account_receivable_turnover_ratio": null,
            "reinvestment_rate": null,
            "research_to_sale_ratio": null,
            "price_fair": 71.4,
            "eps_avg_yearly": 2.04,
            "eps_latest_yearly": 1.76,
            "eps_growth_yearly": 103.24
        },
        "20052": {
            "year_quarter": 20052,
            "year": 2005,
            "quarter": 2,
            "eps": 1.02,
            "eps_growth_year": 75.86,
            "eps_4q": 0.92,
            "eps_4q_growth_year": 108.07,
            "roe": 9.51,
            "roe_4q": 8.67,
            "gross_profit": 272592,
            "gross_margin": 31.65,
            "gross_margin_4q_avg": 28.75,
            "net_income": 147037,
            "revenue": 861136,
            "common_shares": 1451634,
            "book_valuer_per_share": 11.16,
            "book_valuer_per_share_4q_avg": 10.57,
            "equity": 1620522,
            "current_ratio": 173.31,
            "debt_ratio": 42.94,
            "inventory_turnover_ratio": 1.49,
            "account_receivable_turnover_ratio": null,
            "reinvestment_rate": null,
            "research_to_sale_ratio": null,
            "price_fair": 71.4,
            "eps_avg_yearly": 2.04,
            "eps_latest_yearly": 1.76,
            "eps_growth_yearly": 103.24
        },
        "20053": {
            "year_quarter": 20053,
            "year": 2005,
            "quarter": 3,
            "eps": 0.84,
            "eps_growth_year": 90.91,
            "eps_4q": 1.32,
            "eps_4q_growth_year": 3.36,
            "roe": 7.14,
            "roe_4q": 11.57,
            "gross_profit": 195547,
            "gross_margin": 25.58,
            "gross_margin_4q_avg": 26.24,
            "net_income": 121226,
            "revenue": 764476,
            "common_shares": 1451634,
            "book_valuer_per_share": 12.24,
            "book_valuer_per_share_4q_avg": 10.99,
            "equity": 1776322,
            "current_ratio": 187.05,
            "debt_ratio": 36.6,
            "inventory_turnover_ratio": 1.61,
            "account_receivable_turnover_ratio": null,
            "reinvestment_rate": null,
            "research_to_sale_ratio": null,
            "price_fair": 86.8,
            "eps_avg_yearly": 2.48,
            "eps_latest_yearly": 3.36,
            "eps_growth_yearly": 45.3
        },
        "20054": {
            "year_quarter": 20054,
            "year": 2005,
            "quarter": 4,
            "eps": 0.52,
            "eps_growth_year": null,
            "eps_4q": 2.11,
            "eps_4q_growth_year": 105.62,
            "roe": 3.96,
            "roe_4q": 18.07,
            "gross_profit": 194508,
            "gross_margin": 31.88,
            "gross_margin_4q_avg": 28.84,
            "net_income": 75113,
            "revenue": 610038,
            "common_shares": 1451634,
            "book_valuer_per_share": 12.82,
            "book_valuer_per_share_4q_avg": 11.59,
            "equity": 2018392,
            "current_ratio": 196.77,
            "debt_ratio": 43.33,
            "inventory_turnover_ratio": 1.21,
            "account_receivable_turnover_ratio": null,
            "reinvestment_rate": -777.13,
            "research_to_sale_ratio": null,
            "price_fair": 7.14,
            "eps_avg_yearly": 2.38,
            "eps_latest_yearly": 2.08,
            "eps_growth_yearly": -4.12
        },
        "20061": {
            "year_quarter": 20061,
            "year": 2006,
            "quarter": 1,
            "eps": 0.49,
            "eps_growth_year": null,
            "eps_4q": 2.68,
            "eps_4q_growth_year": 445.34,
            "roe": 3.6,
            "roe_4q": 24.21,
            "gross_profit": 216405,
            "gross_margin": 27.25,
            "gross_margin_4q_avg": 29.09,
            "net_income": 76915,
            "revenue": 794224,
            "common_shares": 1721634,
            "book_valuer_per_share": 13.13,
            "book_valuer_per_share_4q_avg": 12.34,
            "equity": 2260184,
            "current_ratio": 147.32,
            "debt_ratio": 51.02,
            "inventory_turnover_ratio": 0.68,
            "account_receivable_turnover_ratio": null,
            "reinvestment_rate": -235.76,
            "research_to_sale_ratio": null,
            "price_fair": 6.89,
            "eps_avg_yearly": 2.3,
            "eps_latest_yearly": 1.96,
            "eps_growth_yearly": -7.91
        },
        "20062": {
            "year_quarter": 20062,
            "year": 2006,
            "quarter": 2,
            "eps": 1.42,
            "eps_growth_year": 39.22,
            "eps_4q": 2.93,
            "eps_4q_growth_year": 217.94,
            "roe": 11.07,
            "roe_4q": 25.77,
            "gross_profit": 459740,
            "gross_margin": 27.66,
            "gross_margin_4q_avg": 28.09,
            "net_income": 257188,
            "revenue": 1661962,
            "common_shares": 1721634,
            "book_valuer_per_share": 13.85,
            "book_valuer_per_share_4q_avg": 13.01,
            "equity": 2384852,
            "current_ratio": 146.04,
            "debt_ratio": 53.77,
            "inventory_turnover_ratio": 0.93,
            "account_receivable_turnover_ratio": null,
            "reinvestment_rate": -63.96,
            "research_to_sale_ratio": null,
            "price_fair": 100.1,
            "eps_avg_yearly": 2.86,
            "eps_latest_yearly": 5.68,
            "eps_growth_yearly": 119.94
        },
        "20063": {
            "year_quarter": 20063,
            "year": 2006,
            "quarter": 3,
            "eps": 1.8,
            "eps_growth_year": 114.29,
            "eps_4q": 4.02,
            "eps_4q_growth_year": 205.33,
            "roe": 12.95,
            "roe_4q": 31.580000000000002,
            "gross_profit": 481460,
            "gross_margin": 25.22,
            "gross_margin_4q_avg": 28,
            "net_income": 331370,
            "revenue": 1909343,
            "common_shares": 1886080,
            "book_valuer_per_share": 14.5,
            "book_valuer_per_share_4q_avg": 13.58,
            "equity": 2734035,
            "current_ratio": 162.33,
            "debt_ratio": 48.14,
            "inventory_turnover_ratio": 1.35,
            "account_receivable_turnover_ratio": null,
            "reinvestment_rate": -22.15,
            "research_to_sale_ratio": null,
            "price_fair": 121.8,
            "eps_avg_yearly": 3.48,
            "eps_latest_yearly": 7.2,
            "eps_growth_yearly": 118.09
        },
        "20064": {
            "year_quarter": 20064,
            "year": 2006,
            "quarter": 4,
            "eps": 0.04,
            "eps_growth_year": -92.31,
            "eps_4q": 3.24,
            "eps_4q_growth_year": 53.68,
            "roe": 0.29,
            "roe_4q": 27.91,
            "gross_profit": 231326,
            "gross_margin": 21.17,
            "gross_margin_4q_avg": 25.33,
            "net_income": 8314,
            "revenue": 1092467,
            "common_shares": 1886080,
            "book_valuer_per_share": 14.61,
            "book_valuer_per_share_4q_avg": 14.02,
            "equity": 2925089,
            "current_ratio": 183.73,
            "debt_ratio": 51.22,
            "inventory_turnover_ratio": 1,
            "account_receivable_turnover_ratio": null,
            "reinvestment_rate": 21.31,
            "research_to_sale_ratio": null,
            "price_fair": 107.28,
            "eps_avg_yearly": 3.07,
            "eps_latest_yearly": 0.16,
            "eps_growth_yearly": 54.44
        },
        "20071": {
            "year_quarter": 20071,
            "year": 2007,
            "quarter": 1,
            "eps": -0.67,
            "eps_growth_year": -236.73,
            "eps_4q": 2.33,
            "eps_4q_growth_year": -13,
            "roe": -4.36,
            "roe_4q": 19.95,
            "gross_profit": 99205,
            "gross_margin": 15.15,
            "gross_margin_4q_avg": 22.3,
            "net_income": -133321,
            "revenue": 654629,
            "common_shares": 2086080,
            "book_valuer_per_share": 15.28,
            "book_valuer_per_share_4q_avg": 14.56,
            "equity": 3187046,
            "current_ratio": 193.2,
            "debt_ratio": 40.77,
            "inventory_turnover_ratio": 0.63,
            "account_receivable_turnover_ratio": null,
            "reinvestment_rate": 17.64,
            "research_to_sale_ratio": null,
            "price_fair": 107.28,
            "eps_avg_yearly": 3.07,
            "eps_latest_yearly": 0.16,
            "eps_growth_yearly": 54.44
        },
        "20072": {
            "year_quarter": 20072,
            "year": 2007,
            "quarter": 2,
            "eps": 0.05,
            "eps_growth_year": -96.48,
            "eps_4q": 1.07,
            "eps_4q_growth_year": -63.54,
            "roe": 0.32,
            "roe_4q": 9.2,
            "gross_profit": 164295,
            "gross_margin": 19.17,
            "gross_margin_4q_avg": 20.18,
            "net_income": 10138,
            "revenue": 856883,
            "common_shares": 2086080,
            "book_valuer_per_share": 14.88,
            "book_valuer_per_share_4q_avg": 14.82,
            "equity": 3104556,
            "current_ratio": 196.55,
            "debt_ratio": 41.15,
            "inventory_turnover_ratio": 0.9,
            "account_receivable_turnover_ratio": null,
            "reinvestment_rate": 80.51,
            "research_to_sale_ratio": null,
            "price_fair": 107.28,
            "eps_avg_yearly": 3.07,
            "eps_latest_yearly": 0.16,
            "eps_growth_yearly": 54.44
        },
        "20073": {
            "year_quarter": 20073,
            "year": 2007,
            "quarter": 3,
            "eps": -0.17,
            "eps_growth_year": -109.44,
            "eps_4q": -0.67,
            "eps_4q_growth_year": -116.67,
            "roe": -1.21,
            "roe_4q": -4.96,
            "gross_profit": 122071,
            "gross_margin": 19.84,
            "gross_margin_4q_avg": 18.83,
            "net_income": -37552,
            "revenue": 615203,
            "common_shares": 2272602,
            "book_valuer_per_share": 13.58,
            "book_valuer_per_share_4q_avg": 14.59,
            "equity": 3086924,
            "current_ratio": 185.38,
            "debt_ratio": 41.14,
            "inventory_turnover_ratio": 0.73,
            "account_receivable_turnover_ratio": null,
            "reinvestment_rate": 95.46,
            "research_to_sale_ratio": null,
            "price_fair": 107.28,
            "eps_avg_yearly": 3.07,
            "eps_latest_yearly": 0.16,
            "eps_growth_yearly": 54.44
        },
        "20074": {
            "year_quarter": 20074,
            "year": 2007,
            "quarter": 4,
            "eps": -0.63,
            "eps_growth_year": -1675,
            "eps_4q": -1.48,
            "eps_4q_growth_year": -145.54,
            "roe": -4.62,
            "roe_4q": -9.870000000000001,
            "gross_profit": 141496,
            "gross_margin": 23.45,
            "gross_margin_4q_avg": 19.4,
            "net_income": -140144,
            "revenue": 603459,
            "common_shares": 2272602,
            "book_valuer_per_share": 12.69,
            "book_valuer_per_share_4q_avg": 14.11,
            "equity": 2983380,
            "current_ratio": 183.79,
            "debt_ratio": 43.02,
            "inventory_turnover_ratio": 0.59,
            "account_receivable_turnover_ratio": null,
            "reinvestment_rate": 125.13,
            "research_to_sale_ratio": null,
            "price_fair": 107.28,
            "eps_avg_yearly": 3.07,
            "eps_latest_yearly": 0.16,
            "eps_growth_yearly": 54.44
        },
        "20081": {
            "year_quarter": 20081,
            "year": 2008,
            "quarter": 1,
            "eps": 0.15,
            "eps_growth_year": null,
            "eps_4q": -0.46,
            "eps_4q_growth_year": -119.74,
            "roe": 1.47,
            "roe_4q": -4.04,
            "gross_profit": 354965,
            "gross_margin": 27.07,
            "gross_margin_4q_avg": 22.38,
            "net_income": 44034,
            "revenue": 1311342,
            "common_shares": 2272602,
            "book_valuer_per_share": 12.7,
            "book_valuer_per_share_4q_avg": 13.46,
            "equity": 2994347,
            "current_ratio": 193.89,
            "debt_ratio": 47.72,
            "inventory_turnover_ratio": 1.01,
            "account_receivable_turnover_ratio": null,
            "reinvestment_rate": 152.61,
            "research_to_sale_ratio": null,
            "price_fair": 107.28,
            "eps_avg_yearly": 3.07,
            "eps_latest_yearly": 0.16,
            "eps_growth_yearly": 54.44
        },
        "20082": {
            "year_quarter": 20082,
            "year": 2008,
            "quarter": 2,
            "eps": 0.22,
            "eps_growth_year": 340,
            "eps_4q": -0.36,
            "eps_4q_growth_year": -134.1,
            "roe": 1.91,
            "roe_4q": -2.45,
            "gross_profit": 269825,
            "gross_margin": 19.85,
            "gross_margin_4q_avg": 22.55,
            "net_income": 57880,
            "revenue": 1359281,
            "common_shares": 2272602,
            "book_valuer_per_share": 12.98,
            "book_valuer_per_share_4q_avg": 12.99,
            "equity": 3064612,
            "current_ratio": 196.21,
            "debt_ratio": 47.84,
            "inventory_turnover_ratio": 1.11,
            "account_receivable_turnover_ratio": null,
            "reinvestment_rate": 166.46,
            "research_to_sale_ratio": null,
            "price_fair": 100.98,
            "eps_avg_yearly": 2.89,
            "eps_latest_yearly": 0.88,
            "eps_growth_yearly": 39.9
        },
        "20083": {
            "year_quarter": 20083,
            "year": 2008,
            "quarter": 3,
            "eps": 0.42,
            "eps_growth_year": null,
            "eps_4q": 0.16,
            "eps_4q_growth_year": null,
            "roe": 3,
            "roe_4q": 1.7599999999999998,
            "gross_profit": 376680,
            "gross_margin": 25.15,
            "gross_margin_4q_avg": 23.88,
            "net_income": 94076,
            "revenue": 1497487,
            "common_shares": 2272602,
            "book_valuer_per_share": 13.54,
            "book_valuer_per_share_4q_avg": 12.98,
            "equity": 3198082,
            "current_ratio": 185.5,
            "debt_ratio": 50.83,
            "inventory_turnover_ratio": 1.08,
            "account_receivable_turnover_ratio": null,
            "reinvestment_rate": 167.51,
            "research_to_sale_ratio": null,
            "price_fair": 100.63,
            "eps_avg_yearly": 2.88,
            "eps_latest_yearly": 1.68,
            "eps_growth_yearly": 97.42
        },
        "20084": {
            "year_quarter": 20084,
            "year": 2008,
            "quarter": 4,
            "eps": -0.03,
            "eps_growth_year": null,
            "eps_4q": 0.69,
            "eps_4q_growth_year": null,
            "roe": -0.27,
            "roe_4q": 6.109999999999999,
            "gross_profit": 180514,
            "gross_margin": 16.23,
            "gross_margin_4q_avg": 22.08,
            "net_income": -8695,
            "revenue": 1112061,
            "common_shares": 2272602,
            "book_valuer_per_share": 13.56,
            "book_valuer_per_share_4q_avg": 13.2,
            "equity": 3202562,
            "current_ratio": 190.02,
            "debt_ratio": 50.13,
            "inventory_turnover_ratio": 0.87,
            "account_receivable_turnover_ratio": 0.95,
            "reinvestment_rate": 141.84,
            "research_to_sale_ratio": null,
            "price_fair": 100.63,
            "eps_avg_yearly": 2.88,
            "eps_latest_yearly": 1.68,
            "eps_growth_yearly": 97.42
        },
        "20091": {
            "year_quarter": 20091,
            "year": 2009,
            "quarter": 1,
            "eps": -0.28,
            "eps_growth_year": -286.67,
            "eps_4q": 0.33,
            "eps_4q_growth_year": null,
            "roe": -2.03,
            "roe_4q": 2.6100000000000003,
            "gross_profit": 133637,
            "gross_margin": 17.87,
            "gross_margin_4q_avg": 19.78,
            "net_income": -64903,
            "revenue": 747934,
            "common_shares": 2272602,
            "book_valuer_per_share": 13.47,
            "book_valuer_per_share_4q_avg": 13.39,
            "equity": 3183564,
            "current_ratio": 201.19,
            "debt_ratio": 47.94,
            "inventory_turnover_ratio": 0.67,
            "account_receivable_turnover_ratio": 0.35,
            "reinvestment_rate": 168.57,
            "research_to_sale_ratio": null,
            "price_fair": 100.63,
            "eps_avg_yearly": 2.88,
            "eps_latest_yearly": 1.68,
            "eps_growth_yearly": 97.42
        },
        "20092": {
            "year_quarter": 20092,
            "year": 2009,
            "quarter": 2,
            "eps": -1.12,
            "eps_growth_year": -609.09,
            "eps_4q": -0.98,
            "eps_4q_growth_year": null,
            "roe": -8.17,
            "roe_4q": -7.469999999999999,
            "gross_profit": 2792,
            "gross_margin": 0.72,
            "gross_margin_4q_avg": 14.99,
            "net_income": -249161,
            "revenue": 388878,
            "common_shares": 2272602,
            "book_valuer_per_share": 12.31,
            "book_valuer_per_share_4q_avg": 13.22,
            "equity": 2913579,
            "current_ratio": 189.57,
            "debt_ratio": 47.33,
            "inventory_turnover_ratio": 0.49,
            "account_receivable_turnover_ratio": 0.23,
            "reinvestment_rate": 312.18,
            "research_to_sale_ratio": null,
            "price_fair": 100.63,
            "eps_avg_yearly": 2.88,
            "eps_latest_yearly": 1.68,
            "eps_growth_yearly": 97.42
        },
        "20093": {
            "year_quarter": 20093,
            "year": 2009,
            "quarter": 3,
            "eps": -0.15,
            "eps_growth_year": -135.71,
            "eps_4q": -1.53,
            "eps_4q_growth_year": -1072.72,
            "roe": -0.92,
            "roe_4q": -11.389999999999999,
            "gross_profit": 121220,
            "gross_margin": 19.75,
            "gross_margin_4q_avg": 13.64,
            "net_income": -26680,
            "revenue": 613624,
            "common_shares": 2272602,
            "book_valuer_per_share": 12.06,
            "book_valuer_per_share_4q_avg": 12.85,
            "equity": 2860342,
            "current_ratio": 208.88,
            "debt_ratio": 45.52,
            "inventory_turnover_ratio": 0.69,
            "account_receivable_turnover_ratio": 0.4,
            "reinvestment_rate": 438.79,
            "research_to_sale_ratio": null,
            "price_fair": 98.2,
            "eps_avg_yearly": 2.81,
            "eps_latest_yearly": 1.68,
            "eps_growth_yearly": 121.42
        },
        "20094": {
            "year_quarter": 20094,
            "year": 2009,
            "quarter": 4,
            "eps": -0.17,
            "eps_growth_year": null,
            "eps_4q": -1.7,
            "eps_4q_growth_year": -347.04,
            "roe": -1.3,
            "roe_4q": -12.42,
            "gross_profit": 191511,
            "gross_margin": 25.53,
            "gross_margin_4q_avg": 15.97,
            "net_income": -37034,
            "revenue": 750098,
            "common_shares": 2284232,
            "book_valuer_per_share": 12.17,
            "book_valuer_per_share_4q_avg": 12.5,
            "equity": 2817090,
            "current_ratio": 217.31,
            "debt_ratio": 44.01,
            "inventory_turnover_ratio": 0.88,
            "account_receivable_turnover_ratio": 1.13,
            "reinvestment_rate": 464,
            "research_to_sale_ratio": null,
            "price_fair": 102.43,
            "eps_avg_yearly": 2.93,
            "eps_latest_yearly": 1.68,
            "eps_growth_yearly": 167.06
        },
        "20101": {
            "year_quarter": 20101,
            "year": 2010,
            "quarter": 1,
            "eps": -0.35,
            "eps_growth_year": null,
            "eps_4q": -1.75,
            "eps_4q_growth_year": -628.79,
            "roe": -2.74,
            "roe_4q": -13.129999999999999,
            "gross_profit": 134606,
            "gross_margin": 21.18,
            "gross_margin_4q_avg": 16.8,
            "net_income": -76971,
            "revenue": 635505,
            "common_shares": 2284932,
            "book_valuer_per_share": 11.96,
            "book_valuer_per_share_4q_avg": 12.13,
            "equity": 2799688,
            "current_ratio": 201.48,
            "debt_ratio": 44.2,
            "inventory_turnover_ratio": 0.76,
            "account_receivable_turnover_ratio": 0.52,
            "reinvestment_rate": 4109.04,
            "research_to_sale_ratio": 9.55,
            "price_fair": 109.2,
            "eps_avg_yearly": 3.12,
            "eps_latest_yearly": 1.68,
            "eps_growth_yearly": 205.08
        },
        "20102": {
            "year_quarter": 20102,
            "year": 2010,
            "quarter": 2,
            "eps": 0.77,
            "eps_growth_year": null,
            "eps_4q": 0.11,
            "eps_4q_growth_year": null,
            "roe": 6.29,
            "roe_4q": 1.33,
            "gross_profit": 232103,
            "gross_margin": 23.95,
            "gross_margin_4q_avg": 22.6,
            "net_income": 182685,
            "revenue": 969216,
            "common_shares": 2285012,
            "book_valuer_per_share": 12.81,
            "book_valuer_per_share_4q_avg": 12.25,
            "equity": 3012718,
            "current_ratio": 216.16,
            "debt_ratio": 42.72,
            "inventory_turnover_ratio": 1.04,
            "account_receivable_turnover_ratio": 0.82,
            "reinvestment_rate": null,
            "research_to_sale_ratio": 5.88,
            "price_fair": 86.8,
            "eps_avg_yearly": 2.48,
            "eps_latest_yearly": 1.68,
            "eps_growth_yearly": 66.56
        },
        "20103": {
            "year_quarter": 20103,
            "year": 2010,
            "quarter": 3,
            "eps": 0.3,
            "eps_growth_year": null,
            "eps_4q": 0.55,
            "eps_4q_growth_year": null,
            "roe": 2.53,
            "roe_4q": 4.78,
            "gross_profit": 283279,
            "gross_margin": 27.42,
            "gross_margin_4q_avg": 24.52,
            "net_income": 76621,
            "revenue": 1033072,
            "common_shares": 2285012,
            "book_valuer_per_share": 13.03,
            "book_valuer_per_share_4q_avg": 12.49,
            "equity": 3044971,
            "current_ratio": 201.36,
            "debt_ratio": 43.35,
            "inventory_turnover_ratio": 0.95,
            "account_receivable_turnover_ratio": 0.78,
            "reinvestment_rate": null,
            "research_to_sale_ratio": 2.76,
            "price_fair": 2.94,
            "eps_avg_yearly": 0.98,
            "eps_latest_yearly": 1.2,
            "eps_growth_yearly": -21.24
        },
        "20104": {
            "year_quarter": 20104,
            "year": 2010,
            "quarter": 4,
            "eps": 0.79,
            "eps_growth_year": null,
            "eps_4q": 1.51,
            "eps_4q_growth_year": null,
            "roe": 5.9,
            "roe_4q": 11.979999999999999,
            "gross_profit": 491218,
            "gross_margin": 32.63,
            "gross_margin_4q_avg": 26.3,
            "net_income": 183066,
            "revenue": 1505611,
            "common_shares": 2277822,
            "book_valuer_per_share": 13.55,
            "book_valuer_per_share_4q_avg": 12.84,
            "equity": 3161862,
            "current_ratio": 206.27,
            "debt_ratio": 44.35,
            "inventory_turnover_ratio": 1.36,
            "account_receivable_turnover_ratio": 0.98,
            "reinvestment_rate": null,
            "research_to_sale_ratio": 2.51,
            "price_fair": 60.55,
            "eps_avg_yearly": 1.73,
            "eps_latest_yearly": 3.16,
            "eps_growth_yearly": 239.87
        },
        "20111": {
            "year_quarter": 20111,
            "year": 2011,
            "quarter": 1,
            "eps": -0.07,
            "eps_growth_year": null,
            "eps_4q": 1.79,
            "eps_4q_growth_year": null,
            "roe": -0.2,
            "roe_4q": 14.52,
            "gross_profit": 150313,
            "gross_margin": 27.39,
            "gross_margin_4q_avg": 27.85,
            "net_income": -6223,
            "revenue": 548858,
            "common_shares": 2277862,
            "book_valuer_per_share": 13.55,
            "book_valuer_per_share_4q_avg": 13.24,
            "equity": 3173356,
            "current_ratio": 213.64,
            "debt_ratio": 43.08,
            "inventory_turnover_ratio": 0.53,
            "account_receivable_turnover_ratio": 0.36,
            "reinvestment_rate": null,
            "research_to_sale_ratio": 7,
            "price_fair": 60.55,
            "eps_avg_yearly": 1.73,
            "eps_latest_yearly": 3.16,
            "eps_growth_yearly": 239.87
        },
        "20112": {
            "year_quarter": 20112,
            "year": 2011,
            "quarter": 2,
            "eps": 0.59,
            "eps_growth_year": -23.44,
            "eps_4q": 1.61,
            "eps_4q_growth_year": 1419.69,
            "roe": 4.72,
            "roe_4q": 12.95,
            "gross_profit": 314105,
            "gross_margin": 29.49,
            "gross_margin_4q_avg": 29.23,
            "net_income": 149287,
            "revenue": 1065251,
            "common_shares": 2277862,
            "book_valuer_per_share": 13.38,
            "book_valuer_per_share_4q_avg": 13.38,
            "equity": 3151355,
            "current_ratio": 200.78,
            "debt_ratio": 46.16,
            "inventory_turnover_ratio": 0.84,
            "account_receivable_turnover_ratio": 0.68,
            "reinvestment_rate": 234.59,
            "research_to_sale_ratio": 3.22,
            "price_fair": 60.55,
            "eps_avg_yearly": 1.73,
            "eps_latest_yearly": 3.16,
            "eps_growth_yearly": 239.87
        },
        "20113": {
            "year_quarter": 20113,
            "year": 2011,
            "quarter": 3,
            "eps": 0.3,
            "eps_growth_year": -1.63,
            "eps_4q": 1.95,
            "eps_4q_growth_year": 252.78,
            "roe": 1.79,
            "roe_4q": 12.21,
            "gross_profit": 276085,
            "gross_margin": 27.07,
            "gross_margin_4q_avg": 29.15,
            "net_income": 53013,
            "revenue": 1019885,
            "common_shares": 1822289,
            "book_valuer_per_share": 15.04,
            "book_valuer_per_share_4q_avg": 13.88,
            "equity": 2770890,
            "current_ratio": 165.52,
            "debt_ratio": 53.72,
            "inventory_turnover_ratio": 0.79,
            "account_receivable_turnover_ratio": 0.56,
            "reinvestment_rate": 38.69,
            "research_to_sale_ratio": 4.49,
            "price_fair": 56.84,
            "eps_avg_yearly": 1.62,
            "eps_latest_yearly": 1.2,
            "eps_growth_yearly": 152.57
        },
        "20114": {
            "year_quarter": 20114,
            "year": 2011,
            "quarter": 4,
            "eps": -0.38,
            "eps_growth_year": -147.64,
            "eps_4q": 0.58,
            "eps_4q_growth_year": -61.52,
            "roe": -2.53,
            "roe_4q": 3.78,
            "gross_profit": 123516,
            "gross_margin": 18.46,
            "gross_margin_4q_avg": 25.6,
            "net_income": -69538,
            "revenue": 669240,
            "common_shares": 1787761,
            "book_valuer_per_share": 14.69,
            "book_valuer_per_share_4q_avg": 14.17,
            "equity": 2718849,
            "current_ratio": 191.96,
            "debt_ratio": 49.53,
            "inventory_turnover_ratio": 0.61,
            "account_receivable_turnover_ratio": 0.36,
            "reinvestment_rate": -200.11,
            "research_to_sale_ratio": 4.45,
            "price_fair": 56.84,
            "eps_avg_yearly": 1.62,
            "eps_latest_yearly": 1.2,
            "eps_growth_yearly": 152.57
        },
        "20121": {
            "year_quarter": 20121,
            "year": 2012,
            "quarter": 1,
            "eps": -0.36,
            "eps_growth_year": null,
            "eps_4q": 0.3,
            "eps_4q_growth_year": -83.13,
            "roe": -2.54,
            "roe_4q": 1.4399999999999995,
            "gross_profit": 135001,
            "gross_margin": 22.73,
            "gross_margin_4q_avg": 24.44,
            "net_income": -67858,
            "revenue": 594004,
            "common_shares": 1787761,
            "book_valuer_per_share": 14.15,
            "book_valuer_per_share_4q_avg": 14.32,
            "equity": 2632271,
            "current_ratio": 198.58,
            "debt_ratio": 48.76,
            "inventory_turnover_ratio": 0.59,
            "account_receivable_turnover_ratio": 0.35,
            "reinvestment_rate": -309.85,
            "research_to_sale_ratio": 5.37,
            "price_fair": 56.84,
            "eps_avg_yearly": 1.62,
            "eps_latest_yearly": 1.2,
            "eps_growth_yearly": 152.57
        },
        "20122": {
            "year_quarter": 20122,
            "year": 2012,
            "quarter": 2,
            "eps": -0.81,
            "eps_growth_year": -238.56,
            "eps_4q": -1.25,
            "eps_4q_growth_year": -177.73,
            "roe": -5.65,
            "roe_4q": -8.93,
            "gross_profit": 93111,
            "gross_margin": 20.12,
            "gross_margin_4q_avg": 22.1,
            "net_income": -146651,
            "revenue": 462814,
            "common_shares": 1787761,
            "book_valuer_per_share": 13.09,
            "book_valuer_per_share_4q_avg": 14.24,
            "equity": 2559775,
            "current_ratio": 195.09,
            "debt_ratio": 49.62,
            "inventory_turnover_ratio": 0.49,
            "account_receivable_turnover_ratio": 0.31,
            "reinvestment_rate": null,
            "research_to_sale_ratio": 5.48,
            "price_fair": 63.35,
            "eps_avg_yearly": 1.81,
            "eps_latest_yearly": 1.2,
            "eps_growth_yearly": 144.05
        },
        "20123": {
            "year_quarter": 20123,
            "year": 2012,
            "quarter": 3,
            "eps": 0.11,
            "eps_growth_year": -62.12,
            "eps_4q": -1.44,
            "eps_4q_growth_year": -173.94,
            "roe": 1.42,
            "roe_4q": -9.3,
            "gross_profit": 233615,
            "gross_margin": 30.2,
            "gross_margin_4q_avg": 22.88,
            "net_income": 36427,
            "revenue": 773643,
            "common_shares": 1787761,
            "book_valuer_per_share": 13.12,
            "book_valuer_per_share_4q_avg": 13.76,
            "equity": 2564151,
            "current_ratio": 203.74,
            "debt_ratio": 48.36,
            "inventory_turnover_ratio": 0.7,
            "account_receivable_turnover_ratio": 0.58,
            "reinvestment_rate": null,
            "research_to_sale_ratio": 3.96,
            "price_fair": 64.87,
            "eps_avg_yearly": 1.85,
            "eps_latest_yearly": 1.2,
            "eps_growth_yearly": 70.86
        },
        "20124": {
            "year_quarter": 20124,
            "year": 2012,
            "quarter": 4,
            "eps": -0.47,
            "eps_growth_year": null,
            "eps_4q": -1.56,
            "eps_4q_growth_year": -368.64,
            "roe": -3.29,
            "roe_4q": -10.06,
            "gross_profit": 134334,
            "gross_margin": 17.33,
            "gross_margin_4q_avg": 22.6,
            "net_income": -82450,
            "revenue": 775348,
            "common_shares": 1787761,
            "book_valuer_per_share": 12.75,
            "book_valuer_per_share_4q_avg": 13.28,
            "equity": 2445173,
            "current_ratio": 201.07,
            "debt_ratio": 48.94,
            "inventory_turnover_ratio": 1.03,
            "account_receivable_turnover_ratio": 0.6,
            "reinvestment_rate": null,
            "research_to_sale_ratio": 4.66,
            "price_fair": 64.87,
            "eps_avg_yearly": 1.85,
            "eps_latest_yearly": 1.2,
            "eps_growth_yearly": 70.86
        },
        "20131": {
            "year_quarter": 20131,
            "year": 2013,
            "quarter": 1,
            "eps": 0.47,
            "eps_growth_year": null,
            "eps_4q": -0.72,
            "eps_4q_growth_year": -339.83,
            "roe": 3.66,
            "roe_4q": -3.8600000000000003,
            "gross_profit": 188424,
            "gross_margin": 34.05,
            "gross_margin_4q_avg": 25.43,
            "net_income": 90924,
            "revenue": 553332,
            "common_shares": 1737761,
            "book_valuer_per_share": 13.2,
            "book_valuer_per_share_4q_avg": 13.04,
            "equity": 2524732,
            "current_ratio": 207.66,
            "debt_ratio": 46.36,
            "inventory_turnover_ratio": 0.78,
            "account_receivable_turnover_ratio": 0.42,
            "reinvestment_rate": null,
            "research_to_sale_ratio": 5.1,
            "price_fair": 64.87,
            "eps_avg_yearly": 1.85,
            "eps_latest_yearly": 1.2,
            "eps_growth_yearly": 70.86
        },
        "20132": {
            "year_quarter": 20132,
            "year": 2013,
            "quarter": 2,
            "eps": -0.19,
            "eps_growth_year": null,
            "eps_4q": -0.08,
            "eps_4q_growth_year": null,
            "roe": -1.28,
            "roe_4q": 0.5099999999999998,
            "gross_profit": 54040,
            "gross_margin": 10.05,
            "gross_margin_4q_avg": 22.91,
            "net_income": -32126,
            "revenue": 537758,
            "common_shares": 1737761,
            "book_valuer_per_share": 13.2,
            "book_valuer_per_share_4q_avg": 13.07,
            "equity": 2491588,
            "current_ratio": 194.48,
            "debt_ratio": 48.94,
            "inventory_turnover_ratio": 0.95,
            "account_receivable_turnover_ratio": 0.42,
            "reinvestment_rate": -404.64,
            "research_to_sale_ratio": 8.39,
            "price_fair": 64.87,
            "eps_avg_yearly": 1.85,
            "eps_latest_yearly": 1.2,
            "eps_growth_yearly": 70.86
        },
        "20133": {
            "year_quarter": 20133,
            "year": 2013,
            "quarter": 3,
            "eps": 0.41,
            "eps_growth_year": 264.21,
            "eps_4q": 0.22,
            "eps_4q_growth_year": null,
            "roe": 2.92,
            "roe_4q": 2.01,
            "gross_profit": 165456,
            "gross_margin": 23.89,
            "gross_margin_4q_avg": 21.33,
            "net_income": 73615,
            "revenue": 692628,
            "common_shares": 1731361,
            "book_valuer_per_share": 13.45,
            "book_valuer_per_share_4q_avg": 13.15,
            "equity": 2552424,
            "current_ratio": 212.08,
            "debt_ratio": 45.64,
            "inventory_turnover_ratio": 0.92,
            "account_receivable_turnover_ratio": 0.59,
            "reinvestment_rate": -222.33,
            "research_to_sale_ratio": 5.88,
            "price_fair": 64.87,
            "eps_avg_yearly": 1.85,
            "eps_latest_yearly": 1.2,
            "eps_growth_yearly": 70.86
        },
        "20134": {
            "year_quarter": 20134,
            "year": 2013,
            "quarter": 4,
            "eps": 0.29,
            "eps_growth_year": null,
            "eps_4q": 0.99,
            "eps_4q_growth_year": null,
            "roe": 1.93,
            "roe_4q": 7.2299999999999995,
            "gross_profit": 133156,
            "gross_margin": 17.13,
            "gross_margin_4q_avg": 21.28,
            "net_income": 50048,
            "revenue": 777307,
            "common_shares": 1731361,
            "book_valuer_per_share": 13.91,
            "book_valuer_per_share_4q_avg": 13.44,
            "equity": 2634968,
            "current_ratio": 228.44,
            "debt_ratio": 41.96,
            "inventory_turnover_ratio": 1.32,
            "account_receivable_turnover_ratio": 0.74,
            "reinvestment_rate": -135.76,
            "research_to_sale_ratio": 4.27,
            "price_fair": 56.91,
            "eps_avg_yearly": 1.68,
            "eps_latest_yearly": 1.16,
            "eps_growth_yearly": 23.87
        },
        "20141": {
            "year_quarter": 20141,
            "year": 2014,
            "quarter": 1,
            "eps": 0.04,
            "eps_growth_year": -91.49,
            "eps_4q": 0.56,
            "eps_4q_growth_year": null,
            "roe": 0.33,
            "roe_4q": 3.8999999999999995,
            "gross_profit": 62477,
            "gross_margin": 15.07,
            "gross_margin_4q_avg": 16.54,
            "net_income": 8800,
            "revenue": 414683,
            "common_shares": 1731361,
            "book_valuer_per_share": 13.93,
            "book_valuer_per_share_4q_avg": 13.62,
            "equity": 2639729,
            "current_ratio": 233.63,
            "debt_ratio": 40.52,
            "inventory_turnover_ratio": 0.81,
            "account_receivable_turnover_ratio": 0.42,
            "reinvestment_rate": -91.41,
            "research_to_sale_ratio": 8.47,
            "price_fair": 4.13,
            "eps_avg_yearly": 1.38,
            "eps_latest_yearly": 0.16,
            "eps_growth_yearly": -49.87
        },
        "20142": {
            "year_quarter": 20142,
            "year": 2014,
            "quarter": 2,
            "eps": 0.22,
            "eps_growth_year": null,
            "eps_4q": 0.96,
            "eps_4q_growth_year": null,
            "roe": 1.81,
            "roe_4q": 6.99,
            "gross_profit": 166635,
            "gross_margin": 24.55,
            "gross_margin_4q_avg": 20.16,
            "net_income": 48065,
            "revenue": 678834,
            "common_shares": 1731361,
            "book_valuer_per_share": 14.04,
            "book_valuer_per_share_4q_avg": 13.83,
            "equity": 2667100,
            "current_ratio": 223.66,
            "debt_ratio": 41.63,
            "inventory_turnover_ratio": 1.03,
            "account_receivable_turnover_ratio": 0.68,
            "reinvestment_rate": -103.63,
            "research_to_sale_ratio": 4.55,
            "price_fair": 45.27,
            "eps_avg_yearly": 1.29,
            "eps_latest_yearly": 0.88,
            "eps_growth_yearly": 258.44
        },
        "20143": {
            "year_quarter": 20143,
            "year": 2014,
            "quarter": 3,
            "eps": 0.17,
            "eps_growth_year": -58.54,
            "eps_4q": 0.72,
            "eps_4q_growth_year": 229.55,
            "roe": 1.65,
            "roe_4q": 5.72,
            "gross_profit": 189994,
            "gross_margin": 21,
            "gross_margin_4q_avg": 19.44,
            "net_income": 43525,
            "revenue": 904767,
            "common_shares": 1731361,
            "book_valuer_per_share": 13.66,
            "book_valuer_per_share_4q_avg": 13.89,
            "equity": 2602365,
            "current_ratio": 231.99,
            "debt_ratio": 42.85,
            "inventory_turnover_ratio": 1.58,
            "account_receivable_turnover_ratio": 0.79,
            "reinvestment_rate": -181.38,
            "research_to_sale_ratio": 5.27,
            "price_fair": 42.23,
            "eps_avg_yearly": 1.21,
            "eps_latest_yearly": 0.68,
            "eps_growth_yearly": 283.99
        },
        "20144": {
            "year_quarter": 20144,
            "year": 2014,
            "quarter": 4,
            "eps": -0.01,
            "eps_growth_year": -104.17,
            "eps_4q": 0.43,
            "eps_4q_growth_year": -56.71,
            "roe": 0.08,
            "roe_4q": 3.87,
            "gross_profit": 127894,
            "gross_margin": 19.69,
            "gross_margin_4q_avg": 20.08,
            "net_income": 2165,
            "revenue": 649553,
            "common_shares": 1731361,
            "book_valuer_per_share": 13.8,
            "book_valuer_per_share_4q_avg": 13.86,
            "equity": 2594498,
            "current_ratio": 245.9,
            "debt_ratio": 41.51,
            "inventory_turnover_ratio": 1.27,
            "account_receivable_turnover_ratio": 0.54,
            "reinvestment_rate": -405.51,
            "research_to_sale_ratio": 7.58,
            "price_fair": 28.56,
            "eps_avg_yearly": 0.82,
            "eps_latest_yearly": 0.68,
            "eps_growth_yearly": 210.12
        },
        "20151": {
            "year_quarter": 20151,
            "year": 2015,
            "quarter": 1,
            "eps": 0.15,
            "eps_growth_year": 275,
            "eps_4q": 0.53,
            "eps_4q_growth_year": -3.77,
            "roe": 1.42,
            "roe_4q": 4.96,
            "gross_profit": 173829,
            "gross_margin": 25.32,
            "gross_margin_4q_avg": 22.64,
            "net_income": 36843,
            "revenue": 686428,
            "common_shares": 1701361,
            "book_valuer_per_share": 13.87,
            "book_valuer_per_share_4q_avg": 13.84,
            "equity": 2595129,
            "current_ratio": 236.37,
            "debt_ratio": 42.65,
            "inventory_turnover_ratio": 1.05,
            "account_receivable_turnover_ratio": 0.58,
            "reinvestment_rate": -262.63,
            "research_to_sale_ratio": 5.66,
            "price_fair": 28.56,
            "eps_avg_yearly": 0.82,
            "eps_latest_yearly": 0.68,
            "eps_growth_yearly": 210.12
        },
        "20152": {
            "year_quarter": 20152,
            "year": 2015,
            "quarter": 2,
            "eps": 0.11,
            "eps_growth_year": -50,
            "eps_4q": 0.43,
            "eps_4q_growth_year": -55.52,
            "roe": 1.56,
            "roe_4q": 4.71,
            "gross_profit": 206320,
            "gross_margin": 24.31,
            "gross_margin_4q_avg": 22.58,
            "net_income": 38975,
            "revenue": 848608,
            "common_shares": 1651361,
            "book_valuer_per_share": 13.04,
            "book_valuer_per_share_4q_avg": 13.59,
            "equity": 2400035,
            "current_ratio": 184.75,
            "debt_ratio": 52.17,
            "inventory_turnover_ratio": 1,
            "account_receivable_turnover_ratio": 0.65,
            "reinvestment_rate": null,
            "research_to_sale_ratio": 4.8,
            "price_fair": 26.37,
            "eps_avg_yearly": 0.75,
            "eps_latest_yearly": 0.44,
            "eps_growth_yearly": 157.32
        },
        "20153": {
            "year_quarter": 20153,
            "year": 2015,
            "quarter": 3,
            "eps": 0.73,
            "eps_growth_year": 329.41,
            "eps_4q": 0.97,
            "eps_4q_growth_year": 35.48,
            "roe": 5.4,
            "roe_4q": 8.46,
            "gross_profit": 309633,
            "gross_margin": 26.74,
            "gross_margin_4q_avg": 24.02,
            "net_income": 134537,
            "revenue": 1157978,
            "common_shares": 1651361,
            "book_valuer_per_share": 13.99,
            "book_valuer_per_share_4q_avg": 13.68,
            "equity": 2578683,
            "current_ratio": 192.48,
            "debt_ratio": 50.14,
            "inventory_turnover_ratio": 1.18,
            "account_receivable_turnover_ratio": 0.74,
            "reinvestment_rate": -260.4,
            "research_to_sale_ratio": 4.38,
            "price_fair": 36.4,
            "eps_avg_yearly": 1.04,
            "eps_latest_yearly": 2.92,
            "eps_growth_yearly": 565.84
        },
        "20154": {
            "year_quarter": 20154,
            "year": 2015,
            "quarter": 4,
            "eps": 0.22,
            "eps_growth_year": null,
            "eps_4q": 1.21,
            "eps_4q_growth_year": 183.83,
            "roe": 0.99,
            "roe_4q": 9.370000000000001,
            "gross_profit": 241806,
            "gross_margin": 25.35,
            "gross_margin_4q_avg": 25.43,
            "net_income": 25532,
            "revenue": 953999,
            "common_shares": 1651361,
            "book_valuer_per_share": 14.02,
            "book_valuer_per_share_4q_avg": 13.73,
            "equity": 2567723,
            "current_ratio": 205.83,
            "debt_ratio": 47.58,
            "inventory_turnover_ratio": 1.12,
            "account_receivable_turnover_ratio": 0.56,
            "reinvestment_rate": 42.62,
            "research_to_sale_ratio": 5.97,
            "price_fair": 35.6,
            "eps_avg_yearly": 1.02,
            "eps_latest_yearly": 0.88,
            "eps_growth_yearly": 445.09
        },
        "20161": {
            "year_quarter": 20161,
            "year": 2016,
            "quarter": 1,
            "eps": 0.21,
            "eps_growth_year": 40,
            "eps_4q": 1.27,
            "eps_4q_growth_year": 136.72,
            "roe": 1.59,
            "roe_4q": 9.540000000000001,
            "gross_profit": 196070,
            "gross_margin": 32.3,
            "gross_margin_4q_avg": 27.18,
            "net_income": 41258,
            "revenue": 607029,
            "common_shares": 1651361,
            "book_valuer_per_share": 14.24,
            "book_valuer_per_share_4q_avg": 13.82,
            "equity": 2614019,
            "current_ratio": 205.09,
            "debt_ratio": 47.59,
            "inventory_turnover_ratio": 0.56,
            "account_receivable_turnover_ratio": 0.39,
            "reinvestment_rate": -8.86,
            "research_to_sale_ratio": 7.8,
            "price_fair": 34.83,
            "eps_avg_yearly": 1,
            "eps_latest_yearly": 0.84,
            "eps_growth_yearly": 387.18
        },
        "20162": {
            "year_quarter": 20162,
            "year": 2016,
            "quarter": 2,
            "eps": 1.27,
            "eps_growth_year": 1054.55,
            "eps_4q": 2.43,
            "eps_4q_growth_year": 469.58,
            "roe": 9.01,
            "roe_4q": 16.990000000000002,
            "gross_profit": 425457,
            "gross_margin": 32.07,
            "gross_margin_4q_avg": 29.12,
            "net_income": 236568,
            "revenue": 1326785,
            "common_shares": 1651361,
            "book_valuer_per_share": 14.26,
            "book_valuer_per_share_4q_avg": 14.13,
            "equity": 2639178,
            "current_ratio": 184.51,
            "debt_ratio": 52.05,
            "inventory_turnover_ratio": 1.15,
            "account_receivable_turnover_ratio": 0.82,
            "reinvestment_rate": 4.14,
            "research_to_sale_ratio": 3.15,
            "price_fair": 50.71,
            "eps_avg_yearly": 1.45,
            "eps_latest_yearly": 5.08,
            "eps_growth_yearly": 568.5
        },
        "20163": {
            "year_quarter": 20163,
            "year": 2016,
            "quarter": 3,
            "eps": 0.13,
            "eps_growth_year": -82.19,
            "eps_4q": 1.83,
            "eps_4q_growth_year": 87.83,
            "roe": 0.87,
            "roe_4q": 12.459999999999999,
            "gross_profit": 224727,
            "gross_margin": 26.41,
            "gross_margin_4q_avg": 29.03,
            "net_income": 22868,
            "revenue": 850959,
            "common_shares": 1651361,
            "book_valuer_per_share": 14.21,
            "book_valuer_per_share_4q_avg": 14.18,
            "equity": 2625822,
            "current_ratio": 179.66,
            "debt_ratio": 54.09,
            "inventory_turnover_ratio": 0.84,
            "account_receivable_turnover_ratio": 0.49,
            "reinvestment_rate": 9.03,
            "research_to_sale_ratio": 6.89,
            "price_fair": 47.46,
            "eps_avg_yearly": 1.36,
            "eps_latest_yearly": 0.52,
            "eps_growth_yearly": 475.74
        },
        "20164": {
            "year_quarter": 20164,
            "year": 2016,
            "quarter": 4,
            "eps": -0.03,
            "eps_growth_year": -112.65,
            "eps_4q": 1.58,
            "eps_4q_growth_year": 30.41,
            "roe": -0.06,
            "roe_4q": 11.41,
            "gross_profit": 242356,
            "gross_margin": 27.48,
            "gross_margin_4q_avg": 29.57,
            "net_income": -1635,
            "revenue": 881927,
            "common_shares": 1651361,
            "book_valuer_per_share": 14.1,
            "book_valuer_per_share_4q_avg": 14.2,
            "equity": 2607383,
            "current_ratio": 164.35,
            "debt_ratio": 58.28,
            "inventory_turnover_ratio": 0.64,
            "account_receivable_turnover_ratio": 0.53,
            "reinvestment_rate": 6.66,
            "research_to_sale_ratio": 6.34,
            "price_fair": 47.46,
            "eps_avg_yearly": 1.36,
            "eps_latest_yearly": 0.52,
            "eps_growth_yearly": 475.74
        },
        "20171": {
            "year_quarter": 20171,
            "year": 2017,
            "quarter": 1,
            "eps": 0.19,
            "eps_growth_year": -9.52,
            "eps_4q": 1.56,
            "eps_4q_growth_year": 23.02,
            "roe": 1.44,
            "roe_4q": 11.26,
            "gross_profit": 296112,
            "gross_margin": 23.89,
            "gross_margin_4q_avg": 27.46,
            "net_income": 37321,
            "revenue": 1239278,
            "common_shares": 1651361,
            "book_valuer_per_share": 13.99,
            "book_valuer_per_share_4q_avg": 14.14,
            "equity": 2586305,
            "current_ratio": 175.14,
            "debt_ratio": 55.38,
            "inventory_turnover_ratio": 0.75,
            "account_receivable_turnover_ratio": 0.74,
            "reinvestment_rate": -17.03,
            "research_to_sale_ratio": 5.87,
            "price_fair": 47.46,
            "eps_avg_yearly": 1.36,
            "eps_latest_yearly": 0.52,
            "eps_growth_yearly": 475.74
        },
        "20172": {
            "year_quarter": 20172,
            "year": 2017,
            "quarter": 2,
            "eps": 0.11,
            "eps_growth_year": -91.34,
            "eps_4q": 0.4,
            "eps_4q_growth_year": -83.46,
            "roe": 1.2,
            "roe_4q": 3.4499999999999997,
            "gross_profit": 341915,
            "gross_margin": 30.03,
            "gross_margin_4q_avg": 26.95,
            "net_income": 29304,
            "revenue": 1138593,
            "common_shares": 1651361,
            "book_valuer_per_share": 12.37,
            "book_valuer_per_share_4q_avg": 13.67,
            "equity": 2318334,
            "current_ratio": 156.14,
            "debt_ratio": 61.59,
            "inventory_turnover_ratio": 0.59,
            "account_receivable_turnover_ratio": 0.73,
            "reinvestment_rate": -2.83,
            "research_to_sale_ratio": 8.18,
            "price_fair": 44.55,
            "eps_avg_yearly": 1.27,
            "eps_latest_yearly": 0.44,
            "eps_growth_yearly": 417.18
        },
        "20173": {
            "year_quarter": 20173,
            "year": 2017,
            "quarter": 3,
            "eps": 0.13,
            "eps_growth_year": 0,
            "eps_4q": 0.4,
            "eps_4q_growth_year": -78.4,
            "roe": 1.19,
            "roe_4q": 3.7699999999999996,
            "gross_profit": 326153,
            "gross_margin": 28.03,
            "gross_margin_4q_avg": 27.36,
            "net_income": 28139,
            "revenue": 1163645,
            "common_shares": 1651361,
            "book_valuer_per_share": 12.65,
            "book_valuer_per_share_4q_avg": 13.28,
            "equity": 2404749,
            "current_ratio": 167.19,
            "debt_ratio": 58.84,
            "inventory_turnover_ratio": 0.58,
            "account_receivable_turnover_ratio": 0.79,
            "reinvestment_rate": -6.04,
            "research_to_sale_ratio": 8.4,
            "price_fair": 42.35,
            "eps_avg_yearly": 1.21,
            "eps_latest_yearly": 0.52,
            "eps_growth_yearly": 388.48
        },
        "20174": {
            "year_quarter": 20174,
            "year": 2017,
            "quarter": 4,
            "eps": 0.79,
            "eps_growth_year": null,
            "eps_4q": 1.21,
            "eps_4q_growth_year": -23.19,
            "roe": 5.5,
            "roe_4q": 9.33,
            "gross_profit": 348170,
            "gross_margin": 26.82,
            "gross_margin_4q_avg": 27.19,
            "net_income": 135917,
            "revenue": 1298371,
            "common_shares": 1651361,
            "book_valuer_per_share": 13.43,
            "book_valuer_per_share_4q_avg": 13.11,
            "equity": 2540707,
            "current_ratio": 166.02,
            "debt_ratio": 59.18,
            "inventory_turnover_ratio": 0.63,
            "account_receivable_turnover_ratio": 0.86,
            "reinvestment_rate": -16.3,
            "research_to_sale_ratio": 6.13,
            "price_fair": 48.18,
            "eps_avg_yearly": 1.38,
            "eps_latest_yearly": 3.16,
            "eps_growth_yearly": 567.46
        },
        "20181": {
            "year_quarter": 20181,
            "year": 2018,
            "quarter": 1,
            "eps": 0.64,
            "eps_growth_year": 236.84,
            "eps_4q": 1.67,
            "eps_4q_growth_year": 7.1,
            "roe": 3.91,
            "roe_4q": 11.799999999999999,
            "gross_profit": 330930,
            "gross_margin": 25.2,
            "gross_margin_4q_avg": 27.52,
            "net_income": 102771,
            "revenue": 1313104,
            "common_shares": 1651361,
            "book_valuer_per_share": 14.46,
            "book_valuer_per_share_4q_avg": 13.23,
            "equity": 2719094,
            "current_ratio": 167.03,
            "debt_ratio": 57.9,
            "inventory_turnover_ratio": 0.72,
            "account_receivable_turnover_ratio": 0.82,
            "reinvestment_rate": -26,
            "research_to_sale_ratio": 5.38,
            "price_fair": 55.18,
            "eps_avg_yearly": 1.58,
            "eps_latest_yearly": 2.56,
            "eps_growth_yearly": 589.87
        },
        "20182": {
            "year_quarter": 20182,
            "year": 2018,
            "quarter": 2,
            "eps": 1.04,
            "eps_growth_year": 845.45,
            "eps_4q": 2.6,
            "eps_4q_growth_year": 547.54,
            "roe": 7.23,
            "roe_4q": 17.830000000000002,
            "gross_profit": 423819,
            "gross_margin": 33.51,
            "gross_margin_4q_avg": 28.39,
            "net_income": 194872,
            "revenue": 1264829,
            "common_shares": 1651361,
            "book_valuer_per_share": 14.22,
            "book_valuer_per_share_4q_avg": 13.69,
            "equity": 2668599,
            "current_ratio": 170.06,
            "debt_ratio": 57.31,
            "inventory_turnover_ratio": 0.73,
            "account_receivable_turnover_ratio": 0.78,
            "reinvestment_rate": -23.45,
            "research_to_sale_ratio": 7.96,
            "price_fair": 64.75,
            "eps_avg_yearly": 1.85,
            "eps_latest_yearly": 4.16,
            "eps_growth_yearly": 460.7
        },
        "20183": {
            "year_quarter": 20183,
            "year": 2018,
            "quarter": 3,
            "eps": 0.28,
            "eps_growth_year": 115.38,
            "eps_4q": 2.75,
            "eps_4q_growth_year": 596.07,
            "roe": 2,
            "roe_4q": 18.64,
            "gross_profit": 271479,
            "gross_margin": 25.14,
            "gross_margin_4q_avg": 27.67,
            "net_income": 53778,
            "revenue": 1079897,
            "common_shares": 1651361,
            "book_valuer_per_share": 14.26,
            "book_valuer_per_share_4q_avg": 14.09,
            "equity": 2698632,
            "current_ratio": 187.03,
            "debt_ratio": 53.36,
            "inventory_turnover_ratio": 0.74,
            "account_receivable_turnover_ratio": 0.62,
            "reinvestment_rate": -25.56,
            "research_to_sale_ratio": 6.99,
            "price_fair": 66.03,
            "eps_avg_yearly": 1.89,
            "eps_latest_yearly": 1.12,
            "eps_growth_yearly": 443.92
        },
        "20184": {
            "year_quarter": 20184,
            "year": 2018,
            "quarter": 4,
            "eps": 0.28,
            "eps_growth_year": -64.73,
            "eps_4q": 2.24,
            "eps_4q_growth_year": 84.82,
            "roe": 1.97,
            "roe_4q": 15.11,
            "gross_profit": 260104,
            "gross_margin": 21.4,
            "gross_margin_4q_avg": 26.31,
            "net_income": 54846,
            "revenue": 1215323,
            "common_shares": 1651361,
            "book_valuer_per_share": 14.64,
            "book_valuer_per_share_4q_avg": 14.4,
            "equity": 2860531,
            "current_ratio": 183.52,
            "debt_ratio": 56.13,
            "inventory_turnover_ratio": 0.83,
            "account_receivable_turnover_ratio": 0.66,
            "reinvestment_rate": -22.19,
            "research_to_sale_ratio": 7.46,
            "price_fair": 63.97,
            "eps_avg_yearly": 1.83,
            "eps_latest_yearly": 1.12,
            "eps_growth_yearly": 409.77
        },
        "20191": {
            "year_quarter": 20191,
            "year": 2019,
            "quarter": 1,
            "eps": -0.31,
            "eps_growth_year": -148.44,
            "eps_4q": 1.29,
            "eps_4q_growth_year": -22.9,
            "roe": -1.7,
            "roe_4q": 9.5,
            "gross_profit": 170890,
            "gross_margin": 20.46,
            "gross_margin_4q_avg": 25.13,
            "net_income": -48517,
            "revenue": 835424,
            "common_shares": 1651361,
            "book_valuer_per_share": 14.49,
            "book_valuer_per_share_4q_avg": 14.4,
            "equity": 2835161,
            "current_ratio": 186.62,
            "debt_ratio": 56.73,
            "inventory_turnover_ratio": 0.54,
            "account_receivable_turnover_ratio": 0.47,
            "reinvestment_rate": -22.29,
            "research_to_sale_ratio": 9.22,
            "price_fair": 63.97,
            "eps_avg_yearly": 1.83,
            "eps_latest_yearly": 1.12,
            "eps_growth_yearly": 409.77
        },
        "20192": {
            "year_quarter": 20192,
            "year": 2019,
            "quarter": 2,
            "eps": 0.6,
            "eps_growth_year": -42.31,
            "eps_4q": 0.84,
            "eps_4q_growth_year": -67.53,
            "roe": 4.17,
            "roe_4q": 6.4399999999999995,
            "gross_profit": 304890,
            "gross_margin": 28.69,
            "gross_margin_4q_avg": 23.92,
            "net_income": 114148,
            "revenue": 1062764,
            "common_shares": 1651361,
            "book_valuer_per_share": 13.47,
            "book_valuer_per_share_4q_avg": 14.22,
            "equity": 2641261,
            "current_ratio": 175.82,
            "debt_ratio": 59.37,
            "inventory_turnover_ratio": 0.62,
            "account_receivable_turnover_ratio": 0.59,
            "reinvestment_rate": -15.34,
            "research_to_sale_ratio": 6.38,
            "price_fair": 68.02,
            "eps_avg_yearly": 1.94,
            "eps_latest_yearly": 1.12,
            "eps_growth_yearly": 452.81
        },
        "20193": {
            "year_quarter": 20193,
            "year": 2019,
            "quarter": 3,
            "eps": 0.86,
            "eps_growth_year": 207.14,
            "eps_4q": 1.43,
            "eps_4q_growth_year": -47.94,
            "roe": 5.91,
            "roe_4q": 10.350000000000001,
            "gross_profit": 414896,
            "gross_margin": 32.31,
            "gross_margin_4q_avg": 25.72,
            "net_income": 159398,
            "revenue": 1284179,
            "common_shares": 1651361,
            "book_valuer_per_share": 14.11,
            "book_valuer_per_share_4q_avg": 14.18,
            "equity": 2754377,
            "current_ratio": 183.4,
            "debt_ratio": 57.76,
            "inventory_turnover_ratio": 0.79,
            "account_receivable_turnover_ratio": 0.65,
            "reinvestment_rate": -18.62,
            "research_to_sale_ratio": 5.84,
            "price_fair": 69.53,
            "eps_avg_yearly": 1.99,
            "eps_latest_yearly": 3.44,
            "eps_growth_yearly": 279.38
        },
        "20194": {
            "year_quarter": 20194,
            "year": 2019,
            "quarter": 4,
            "eps": 0.35,
            "eps_growth_year": 27.34,
            "eps_4q": 1.51,
            "eps_4q_growth_year": -32.68,
            "roe": 2.33,
            "roe_4q": 10.71,
            "gross_profit": 339945,
            "gross_margin": 32.26,
            "gross_margin_4q_avg": 28.43,
            "net_income": 64877,
            "revenue": 1053648,
            "common_shares": 1651361,
            "book_valuer_per_share": 14.45,
            "book_valuer_per_share_4q_avg": 14.13,
            "equity": 2820436,
            "current_ratio": 188.92,
            "debt_ratio": 56.3,
            "inventory_turnover_ratio": 0.74,
            "account_receivable_turnover_ratio": 0.47,
            "reinvestment_rate": -19.03,
            "research_to_sale_ratio": 8.35,
            "price_fair": 71.05,
            "eps_avg_yearly": 2.03,
            "eps_latest_yearly": 1.4,
            "eps_growth_yearly": 282.9
        },
        "20201": {
            "year_quarter": 20201,
            "year": 2020,
            "quarter": 1,
            "eps": -0.15,
            "eps_growth_year": null,
            "eps_4q": 1.69,
            "eps_4q_growth_year": 31.45,
            "roe": -1.01,
            "roe_4q": 11.4,
            "gross_profit": 185409,
            "gross_margin": 29.03,
            "gross_margin_4q_avg": 30.57,
            "net_income": -28036,
            "revenue": 638643,
            "common_shares": 1651361,
            "book_valuer_per_share": 14.17,
            "book_valuer_per_share_4q_avg": 14.05,
            "equity": 2738071,
            "current_ratio": 192.93,
            "debt_ratio": 55.27,
            "inventory_turnover_ratio": 0.47,
            "account_receivable_turnover_ratio": 0.33,
            "reinvestment_rate": -20.49,
            "research_to_sale_ratio": 12.43,
            "price_fair": 74.84,
            "eps_avg_yearly": 2.14,
            "eps_latest_yearly": 1.4,
            "eps_growth_yearly": 310.27
        },
        "20202": {
            "year_quarter": 20202,
            "year": 2020,
            "quarter": 2,
            "eps": 0.23,
            "eps_growth_year": -61.67,
            "eps_4q": 1.34,
            "eps_4q_growth_year": 58.85,
            "roe": 1.72,
            "roe_4q": 8.95,
            "gross_profit": 220262,
            "gross_margin": 30.31,
            "gross_margin_4q_avg": 30.98,
            "net_income": 44346,
            "revenue": 726612,
            "common_shares": 1651361,
            "book_valuer_per_share": 12.73,
            "book_valuer_per_share_4q_avg": 13.87,
            "equity": 2425127,
            "current_ratio": 175.78,
            "debt_ratio": 60.26,
            "inventory_turnover_ratio": 0.5,
            "account_receivable_turnover_ratio": 0.52,
            "reinvestment_rate": -24.16,
            "research_to_sale_ratio": 13.6,
            "price_fair": 64.54,
            "eps_avg_yearly": 1.84,
            "eps_latest_yearly": 1.4,
            "eps_growth_yearly": 139.39
        },
        "20203": {
            "year_quarter": 20203,
            "year": 2020,
            "quarter": 3,
            "eps": 0.31,
            "eps_growth_year": -63.95,
            "eps_4q": 0.75,
            "eps_4q_growth_year": -47.48,
            "roe": 2.44,
            "roe_4q": 5.48,
            "gross_profit": 230182,
            "gross_margin": 24.94,
            "gross_margin_4q_avg": 29.14,
            "net_income": 60131,
            "revenue": 923019,
            "common_shares": 1651361,
            "book_valuer_per_share": 13.14,
            "book_valuer_per_share_4q_avg": 13.62,
            "equity": 2513717,
            "current_ratio": 195.94,
            "debt_ratio": 55.74,
            "inventory_turnover_ratio": 0.72,
            "account_receivable_turnover_ratio": 0.66,
            "reinvestment_rate": -20.61,
            "research_to_sale_ratio": 5.7,
            "price_fair": 67.06,
            "eps_avg_yearly": 1.92,
            "eps_latest_yearly": 1.24,
            "eps_growth_yearly": 189.21
        },
        "20204": {
            "year_quarter": 20204,
            "year": 2020,
            "quarter": 4,
            "eps": 0.55,
            "eps_growth_year": 56.54,
            "eps_4q": 0.94,
            "eps_4q_growth_year": -37.73,
            "roe": 3.25,
            "roe_4q": 6.3999999999999995,
            "gross_profit": 184570,
            "gross_margin": 15.75,
            "gross_margin_4q_avg": 25.01,
            "net_income": 84177,
            "revenue": 1172117,
            "common_shares": 1651361,
            "book_valuer_per_share": 13.93,
            "book_valuer_per_share_4q_avg": 13.49,
            "equity": 2671959,
            "current_ratio": 165.27,
            "debt_ratio": 56.17,
            "inventory_turnover_ratio": 1.14,
            "account_receivable_turnover_ratio": 0.78,
            "reinvestment_rate": -3.45,
            "research_to_sale_ratio": 5.8,
            "price_fair": 67.96,
            "eps_avg_yearly": 1.94,
            "eps_latest_yearly": 2.2,
            "eps_growth_yearly": 200.16
        },
        "20211": {
            "year_quarter": 20211,
            "year": 2021,
            "quarter": 1,
            "eps": 0.39,
            "eps_growth_year": null,
            "eps_4q": 1.49,
            "eps_4q_growth_year": -12.13,
            "roe": 2.5,
            "roe_4q": 9.91,
            "gross_profit": 225101,
            "gross_margin": 21.13,
            "gross_margin_4q_avg": 23.03,
            "net_income": 67051,
            "revenue": 1065313,
            "common_shares": 1651361,
            "book_valuer_per_share": 14.44,
            "book_valuer_per_share_4q_avg": 13.56,
            "equity": 2699825,
            "current_ratio": 150.34,
            "debt_ratio": 58.96,
            "inventory_turnover_ratio": 0.88,
            "account_receivable_turnover_ratio": 0.62,
            "reinvestment_rate": -0.56,
            "research_to_sale_ratio": 8.12,
            "price_fair": 66.85,
            "eps_avg_yearly": 1.91,
            "eps_latest_yearly": 1.56,
            "eps_growth_yearly": 173.78
        },
        "20212": {
            "year_quarter": 20212,
            "year": 2021,
            "quarter": 2,
            "eps": 0.65,
            "eps_growth_year": 182.61,
            "eps_4q": 1.91,
            "eps_4q_growth_year": 42.32,
            "roe": 5.17,
            "roe_4q": 13.36,
            "gross_profit": 409238,
            "gross_margin": 28.02,
            "gross_margin_4q_avg": 22.46,
            "net_income": 143109,
            "revenue": 1460392,
            "common_shares": 1651361,
            "book_valuer_per_share": 15.43,
            "book_valuer_per_share_4q_avg": 14.24,
            "equity": 2831334,
            "current_ratio": 147.8,
            "debt_ratio": 57.75,
            "inventory_turnover_ratio": 1.04,
            "account_receivable_turnover_ratio": 0.84,
            "reinvestment_rate": -9.75,
            "research_to_sale_ratio": 4.77,
            "price_fair": 73.15,
            "eps_avg_yearly": 2.09,
            "eps_latest_yearly": 2.6,
            "eps_growth_yearly": 210.04
        },
        "20213": {
            "year_quarter": 20213,
            "year": 2021,
            "quarter": 3,
            "eps": 0.47,
            "eps_growth_year": 51.61,
            "eps_4q": 2.07,
            "eps_4q_growth_year": 174.8,
            "roe": 3.4,
            "roe_4q": 14.32,
            "gross_profit": 266736,
            "gross_margin": 22.69,
            "gross_margin_4q_avg": 21.9,
            "net_income": 93924,
            "revenue": 1175496,
            "common_shares": 1651361,
            "book_valuer_per_share": 14.42,
            "book_valuer_per_share_4q_avg": 14.56,
            "equity": 2686738,
            "current_ratio": 151.74,
            "debt_ratio": 58.2,
            "inventory_turnover_ratio": 0.98,
            "account_receivable_turnover_ratio": 0.72,
            "reinvestment_rate": -5.53,
            "research_to_sale_ratio": 6.82,
            "price_fair": 77.12,
            "eps_avg_yearly": 2.2,
            "eps_latest_yearly": 1.88,
            "eps_growth_yearly": 194.75
        },
        "20214": {
            "year_quarter": 20214,
            "year": 2021,
            "quarter": 4,
            "eps": 0.03,
            "eps_growth_year": -94.08,
            "eps_4q": 1.53,
            "eps_4q_growth_year": 63.07,
            "roe": 0.61,
            "roe_4q": 11.68,
            "gross_profit": 247453,
            "gross_margin": 22.29,
            "gross_margin_4q_avg": 23.53,
            "net_income": 17147,
            "revenue": 1110174,
            "common_shares": 1651361,
            "book_valuer_per_share": 15.2,
            "book_valuer_per_share_4q_avg": 14.87,
            "equity": 2908319,
            "current_ratio": 151.52,
            "debt_ratio": 57.21,
            "inventory_turnover_ratio": 1.02,
            "account_receivable_turnover_ratio": 0.62,
            "reinvestment_rate": -2.36,
            "research_to_sale_ratio": 7.01,
            "price_fair": 5.85,
            "eps_avg_yearly": 1.95,
            "eps_latest_yearly": 0.12,
            "eps_growth_yearly": -5.69
        },
        "20221": {
            "year_quarter": 20221,
            "year": 2022,
            "quarter": 1,
            "eps": 0.68,
            "eps_growth_year": 74.36,
            "eps_4q": 1.82,
            "eps_4q_growth_year": 22.76,
            "roe": 4.87,
            "roe_4q": 14.05,
            "gross_profit": 338184,
            "gross_margin": 30.89,
            "gross_margin_4q_avg": 25.97,
            "net_income": 145535,
            "revenue": 1094735,
            "common_shares": 1651361,
            "book_valuer_per_share": 15.94,
            "book_valuer_per_share_4q_avg": 15.25,
            "equity": 3070674,
            "current_ratio": 159.85,
            "debt_ratio": 55.37,
            "inventory_turnover_ratio": 0.83,
            "account_receivable_turnover_ratio": 0.55,
            "reinvestment_rate": 5.36,
            "research_to_sale_ratio": 6.72,
            "price_fair": 68.72,
            "eps_avg_yearly": 1.96,
            "eps_latest_yearly": 2.72,
            "eps_growth_yearly": 722.86
        },
        "20222": {
            "year_quarter": 20222,
            "year": 2022,
            "quarter": 2,
            "eps": 0.64,
            "eps_growth_year": -1.54,
            "eps_4q": 1.82,
            "eps_4q_growth_year": -4.74,
            "roe": 4.88,
            "roe_4q": 13.76,
            "gross_profit": 381772,
            "gross_margin": 33.59,
            "gross_margin_4q_avg": 27.37,
            "net_income": 143707,
            "revenue": 1136717,
            "common_shares": 1651361,
            "book_valuer_per_share": 14.57,
            "book_valuer_per_share_4q_avg": 15.03,
            "equity": 2821553,
            "current_ratio": 141.41,
            "debt_ratio": 60.89,
            "inventory_turnover_ratio": 0.66,
            "account_receivable_turnover_ratio": 0.55,
            "reinvestment_rate": 5.54,
            "research_to_sale_ratio": 5,
            "price_fair": 64.05,
            "eps_avg_yearly": 1.83,
            "eps_latest_yearly": 2.56,
            "eps_growth_yearly": 700.07
        },
        "20223": {
            "year_quarter": 20223,
            "year": 2022,
            "quarter": 3,
            "eps": 1,
            "eps_growth_year": 112.77,
            "eps_4q": 2.32,
            "eps_4q_growth_year": 12.23,
            "roe": 6.15,
            "roe_4q": 16.51,
            "gross_profit": 403610,
            "gross_margin": 31.41,
            "gross_margin_4q_avg": 29.55,
            "net_income": 187080,
            "revenue": 1285043,
            "common_shares": 1651361,
            "book_valuer_per_share": 16.24,
            "book_valuer_per_share_4q_avg": 15.49,
            "equity": 3261886,
            "current_ratio": 147.2,
            "debt_ratio": 58.01,
            "inventory_turnover_ratio": 0.66,
            "account_receivable_turnover_ratio": 0.57,
            "reinvestment_rate": 8.43,
            "research_to_sale_ratio": 4.12,
            "price_fair": 72.45,
            "eps_avg_yearly": 2.07,
            "eps_latest_yearly": 4,
            "eps_growth_yearly": 743.18
        },
        "20224": {
            "year_quarter": 20224,
            "year": 2022,
            "quarter": 4,
            "eps": 0.1,
            "eps_growth_year": 200.12,
            "eps_4q": 2.39,
            "eps_4q_growth_year": 55.81,
            "roe": 0.49,
            "roe_4q": 16.39,
            "gross_profit": 283162,
            "gross_margin": 23.26,
            "gross_margin_4q_avg": 29.79,
            "net_income": 15893,
            "revenue": 1217481,
            "common_shares": 1651361,
            "book_valuer_per_share": 16.17,
            "book_valuer_per_share_4q_avg": 15.73,
            "equity": 3241769,
            "current_ratio": 144.31,
            "debt_ratio": 58.95,
            "inventory_turnover_ratio": 0.75,
            "account_receivable_turnover_ratio": 0.5,
            "reinvestment_rate": 7.4,
            "research_to_sale_ratio": 6.35,
            "price_fair": 70.35,
            "eps_avg_yearly": 2.01,
            "eps_latest_yearly": 0.4,
            "eps_growth_yearly": 713.18
        },
        "20231": {
            "year_quarter": 20231,
            "year": 2023,
            "quarter": 1,
            "eps": 0.24,
            "eps_growth_year": -64.71,
            "eps_4q": 1.96,
            "eps_4q_growth_year": 7.37,
            "roe": 1.32,
            "roe_4q": 12.84,
            "gross_profit": 222657,
            "gross_margin": 30.17,
            "gross_margin_4q_avg": 29.61,
            "net_income": 41789,
            "revenue": 737986,
            "common_shares": 1651361,
            "book_valuer_per_share": 15.56,
            "book_valuer_per_share_4q_avg": 15.64,
            "equity": 3069789,
            "current_ratio": 130.14,
            "debt_ratio": 58.31,
            "inventory_turnover_ratio": 0.5,
            "account_receivable_turnover_ratio": 0.35,
            "reinvestment_rate": 6.59,
            "research_to_sale_ratio": 8.56,
            "price_fair": 67.52,
            "eps_avg_yearly": 1.93,
            "eps_latest_yearly": 0.96,
            "eps_growth_yearly": 701.39
        }
    },
    "months": {
        "2001-06": {
            "month": "2001-06",
            "price": "18.29",
            "revenue": 19883
        },
        "2001-07": {
            "month": "2001-07",
            "price": "13.96",
            "revenue": 38778
        },
        "2001-08": {
            "month": "2001-08",
            "price": "12.96",
            "revenue": 48211
        },
        "2001-09": {
            "month": "2001-09",
            "price": "9.16",
            "revenue": 31105
        },
        "2001-10": {
            "month": "2001-10",
            "price": "7.05",
            "revenue": 42840
        },
        "2001-11": {
            "month": "2001-11",
            "price": "7.96",
            "revenue": 41411
        },
        "2001-12": {
            "month": "2001-12",
            "price": "10.90",
            "revenue": 28110
        },
        "2002-01": {
            "month": "2002-01",
            "price": "11.91",
            "revenue": 21295
        },
        "2002-02": {
            "month": "2002-02",
            "price": "11.72",
            "revenue": 56526
        },
        "2002-03": {
            "month": "2002-03",
            "price": "15.58",
            "revenue": 49119
        },
        "2002-04": {
            "month": "2002-04",
            "price": "18.15",
            "revenue": 34118
        },
        "2002-05": {
            "month": "2002-05",
            "price": "14.71",
            "revenue": 86970
        },
        "2002-06": {
            "month": "2002-06",
            "price": "12.68",
            "revenue": 51479
        },
        "2002-07": {
            "month": "2002-07",
            "price": "11.92",
            "revenue": 26458
        },
        "2002-08": {
            "month": "2002-08",
            "price": "10.83",
            "revenue": 46786
        },
        "2002-09": {
            "month": "2002-09",
            "price": "8.13",
            "revenue": 63851
        },
        "2002-10": {
            "month": "2002-10",
            "price": "7.44",
            "revenue": 84134
        },
        "2002-11": {
            "month": "2002-11",
            "price": "7.23",
            "revenue": 52917
        },
        "2002-12": {
            "month": "2002-12",
            "price": "7.33",
            "revenue": 55294
        },
        "2003-01": {
            "month": "2003-01",
            "price": "8.05",
            "revenue": 41616
        },
        "2003-02": {
            "month": "2003-02",
            "price": "8.29",
            "revenue": 58943
        },
        "2003-03": {
            "month": "2003-03",
            "price": "8.24",
            "revenue": 82573
        },
        "2003-04": {
            "month": "2003-04",
            "price": "8.42",
            "revenue": 63160
        },
        "2003-05": {
            "month": "2003-05",
            "price": "7.09",
            "revenue": 69508
        },
        "2003-06": {
            "month": "2003-06",
            "price": "7.94",
            "revenue": 77411
        },
        "2003-07": {
            "month": "2003-07",
            "price": "8.59",
            "revenue": 63081
        },
        "2003-08": {
            "month": "2003-08",
            "price": "8.23",
            "revenue": 66030
        },
        "2003-09": {
            "month": "2003-09",
            "price": "7.48",
            "revenue": 40423
        },
        "2003-10": {
            "month": "2003-10",
            "price": "7.20",
            "revenue": 126612
        },
        "2003-11": {
            "month": "2003-11",
            "price": "8.10",
            "revenue": 120703
        },
        "2003-12": {
            "month": "2003-12",
            "price": "10.51",
            "revenue": 131549
        },
        "2004-01": {
            "month": "2004-01",
            "price": "12.68",
            "revenue": 48463
        },
        "2004-02": {
            "month": "2004-02",
            "price": "12.81",
            "revenue": 125697
        },
        "2004-03": {
            "month": "2004-03",
            "price": "13.60",
            "revenue": 168795
        },
        "2004-04": {
            "month": "2004-04",
            "price": "14.38",
            "revenue": 210502
        },
        "2004-05": {
            "month": "2004-05",
            "price": "13.25",
            "revenue": 164148
        },
        "2004-06": {
            "month": "2004-06",
            "price": "10.83",
            "revenue": 104903
        },
        "2004-07": {
            "month": "2004-07",
            "price": "9.70",
            "revenue": 173169
        },
        "2004-08": {
            "month": "2004-08",
            "price": "9.84",
            "revenue": 101053
        },
        "2004-09": {
            "month": "2004-09",
            "price": "11.69",
            "revenue": 177781
        },
        "2004-10": {
            "month": "2004-10",
            "price": "10.90",
            "revenue": 111317
        },
        "2004-11": {
            "month": "2004-11",
            "price": "10.16",
            "revenue": 87945
        },
        "2004-12": {
            "month": "2004-12",
            "price": "9.99",
            "revenue": 130811
        },
        "2005-01": {
            "month": "2005-01",
            "price": "9.94",
            "revenue": 37229
        },
        "2005-02": {
            "month": "2005-02",
            "price": "10.78",
            "revenue": 62454
        },
        "2005-03": {
            "month": "2005-03",
            "price": "11.29",
            "revenue": 107086
        },
        "2005-04": {
            "month": "2005-04",
            "price": "11.19",
            "revenue": 88384
        },
        "2005-05": {
            "month": "2005-05",
            "price": "11.15",
            "revenue": 354758
        },
        "2005-06": {
            "month": "2005-06",
            "price": "15.10",
            "revenue": 420112
        },
        "2005-07": {
            "month": "2005-07",
            "price": "17.79",
            "revenue": 326633
        },
        "2005-08": {
            "month": "2005-08",
            "price": "17.77",
            "revenue": 244993
        },
        "2005-09": {
            "month": "2005-09",
            "price": "16.32",
            "revenue": 192854
        },
        "2005-10": {
            "month": "2005-10",
            "price": "14.48",
            "revenue": 163307
        },
        "2005-11": {
            "month": "2005-11",
            "price": "14.98",
            "revenue": 175629
        },
        "2005-12": {
            "month": "2005-12",
            "price": "17.98",
            "revenue": 271102
        },
        "2006-01": {
            "month": "2006-01",
            "price": "25.31",
            "revenue": 214919
        },
        "2006-02": {
            "month": "2006-02",
            "price": "33.58",
            "revenue": 163967
        },
        "2006-03": {
            "month": "2006-03",
            "price": "37.09",
            "revenue": 415338
        },
        "2006-04": {
            "month": "2006-04",
            "price": "45.27",
            "revenue": 445390
        },
        "2006-05": {
            "month": "2006-05",
            "price": "45.88",
            "revenue": 493862
        },
        "2006-06": {
            "month": "2006-06",
            "price": "35.00",
            "revenue": 722710
        },
        "2006-07": {
            "month": "2006-07",
            "price": "33.48",
            "revenue": 745758
        },
        "2006-08": {
            "month": "2006-08",
            "price": "36.12",
            "revenue": 700130
        },
        "2006-09": {
            "month": "2006-09",
            "price": "40.36",
            "revenue": 463456
        },
        "2006-10": {
            "month": "2006-10",
            "price": "33.94",
            "revenue": 381857
        },
        "2006-11": {
            "month": "2006-11",
            "price": "32.90",
            "revenue": 434405
        },
        "2006-12": {
            "month": "2006-12",
            "price": "34.61",
            "revenue": 278001
        },
        "2007-01": {
            "month": "2007-01",
            "price": "31.85",
            "revenue": 155849
        },
        "2007-02": {
            "month": "2007-02",
            "price": "31.42",
            "revenue": 100881
        },
        "2007-03": {
            "month": "2007-03",
            "price": "29.10",
            "revenue": 397899
        },
        "2007-04": {
            "month": "2007-04",
            "price": "31.47",
            "revenue": 377070
        },
        "2007-05": {
            "month": "2007-05",
            "price": "30.94",
            "revenue": 302460
        },
        "2007-06": {
            "month": "2007-06",
            "price": "30.06",
            "revenue": 179449
        },
        "2007-07": {
            "month": "2007-07",
            "price": "27.79",
            "revenue": 221530
        },
        "2007-08": {
            "month": "2007-08",
            "price": "20.49",
            "revenue": 201272
        },
        "2007-09": {
            "month": "2007-09",
            "price": "18.52",
            "revenue": 192402
        },
        "2007-10": {
            "month": "2007-10",
            "price": "21.70",
            "revenue": 123422
        },
        "2007-11": {
            "month": "2007-11",
            "price": "19.27",
            "revenue": 214787
        },
        "2007-12": {
            "month": "2007-12",
            "price": "18.35",
            "revenue": 265459
        },
        "2008-01": {
            "month": "2008-01",
            "price": "18.57",
            "revenue": 295536
        },
        "2008-02": {
            "month": "2008-02",
            "price": "18.05",
            "revenue": 347905
        },
        "2008-03": {
            "month": "2008-03",
            "price": "20.13",
            "revenue": 502273
        },
        "2008-04": {
            "month": "2008-04",
            "price": "21.84",
            "revenue": 205301
        },
        "2008-05": {
            "month": "2008-05",
            "price": "21.70",
            "revenue": 430870
        },
        "2008-06": {
            "month": "2008-06",
            "price": "17.73",
            "revenue": 333554
        },
        "2008-07": {
            "month": "2008-07",
            "price": "12.22",
            "revenue": 229433
        },
        "2008-08": {
            "month": "2008-08",
            "price": "12.59",
            "revenue": 584460
        },
        "2008-09": {
            "month": "2008-09",
            "price": "13.50",
            "revenue": 512004
        },
        "2008-10": {
            "month": "2008-10",
            "price": "15.31",
            "revenue": 320058
        },
        "2008-11": {
            "month": "2008-11",
            "price": "11.71",
            "revenue": 373121
        },
        "2008-12": {
            "month": "2008-12",
            "price": "9.47",
            "revenue": 347733
        },
        "2009-01": {
            "month": "2009-01",
            "price": "9.02",
            "revenue": 292638
        },
        "2009-02": {
            "month": "2009-02",
            "price": "9.06",
            "revenue": 255986
        },
        "2009-03": {
            "month": "2009-03",
            "price": "10.09",
            "revenue": 85526
        },
        "2009-04": {
            "month": "2009-04",
            "price": "10.92",
            "revenue": 97165
        },
        "2009-05": {
            "month": "2009-05",
            "price": "10.22",
            "revenue": 86524
        },
        "2009-06": {
            "month": "2009-06",
            "price": "9.79",
            "revenue": 95810
        },
        "2009-07": {
            "month": "2009-07",
            "price": "10.17",
            "revenue": 258857
        },
        "2009-08": {
            "month": "2009-08",
            "price": "11.82",
            "revenue": 153505
        },
        "2009-09": {
            "month": "2009-09",
            "price": "11.75",
            "revenue": 175801
        },
        "2009-10": {
            "month": "2009-10",
            "price": "14.08",
            "revenue": 126676
        },
        "2009-11": {
            "month": "2009-11",
            "price": "17.59",
            "revenue": 249917
        },
        "2009-12": {
            "month": "2009-12",
            "price": "24.21",
            "revenue": 285068
        },
        "2010-01": {
            "month": "2010-01",
            "price": "21.76",
            "revenue": 134026
        },
        "2010-02": {
            "month": "2010-02",
            "price": "19.02",
            "revenue": 218257
        },
        "2010-03": {
            "month": "2010-03",
            "price": "19.94",
            "revenue": 173931
        },
        "2010-04": {
            "month": "2010-04",
            "price": "18.99",
            "revenue": 223364
        },
        "2010-05": {
            "month": "2010-05",
            "price": "15.82",
            "revenue": 258858
        },
        "2010-06": {
            "month": "2010-06",
            "price": "15.32",
            "revenue": 289813
        },
        "2010-07": {
            "month": "2010-07",
            "price": "17.78",
            "revenue": 143904
        },
        "2010-08": {
            "month": "2010-08",
            "price": "18.18",
            "revenue": 172028
        },
        "2010-09": {
            "month": "2010-09",
            "price": "18.67",
            "revenue": 413790
        },
        "2010-10": {
            "month": "2010-10",
            "price": "19.04",
            "revenue": 318764
        },
        "2010-11": {
            "month": "2010-11",
            "price": "16.83",
            "revenue": 610407
        },
        "2010-12": {
            "month": "2010-12",
            "price": "18.45",
            "revenue": 411054
        },
        "2011-01": {
            "month": "2011-01",
            "price": "18.62",
            "revenue": 108805
        },
        "2011-02": {
            "month": "2011-02",
            "price": "16.65",
            "revenue": 83500
        },
        "2011-03": {
            "month": "2011-03",
            "price": "15.45",
            "revenue": 202369
        },
        "2011-04": {
            "month": "2011-04",
            "price": "14.65",
            "revenue": 216344
        },
        "2011-05": {
            "month": "2011-05",
            "price": "14.80",
            "revenue": 196402
        },
        "2011-06": {
            "month": "2011-06",
            "price": "13.91",
            "revenue": 372573
        },
        "2011-07": {
            "month": "2011-07",
            "price": "12.25",
            "revenue": 196735
        },
        "2011-08": {
            "month": "2011-08",
            "price": "10.23",
            "revenue": 212967
        },
        "2011-09": {
            "month": "2011-09",
            "price": "10.00",
            "revenue": 396881
        },
        "2011-10": {
            "month": "2011-10",
            "price": "9.93",
            "revenue": 157143
        },
        "2011-11": {
            "month": "2011-11",
            "price": "9.52",
            "revenue": 122164
        },
        "2011-12": {
            "month": "2011-12",
            "price": "8.33",
            "revenue": 164228
        },
        "2012-01": {
            "month": "2012-01",
            "price": "8.19",
            "revenue": 92913
        },
        "2012-02": {
            "month": "2012-02",
            "price": "10.56",
            "revenue": 79937
        },
        "2012-03": {
            "month": "2012-03",
            "price": "10.46",
            "revenue": 205981
        },
        "2012-04": {
            "month": "2012-04",
            "price": "9.52",
            "revenue": 61082
        },
        "2012-05": {
            "month": "2012-05",
            "price": "8.57",
            "revenue": 94861
        },
        "2012-06": {
            "month": "2012-06",
            "price": "8.23",
            "revenue": 88110
        },
        "2012-07": {
            "month": "2012-07",
            "price": "8.35",
            "revenue": 282200
        },
        "2012-08": {
            "month": "2012-08",
            "price": "8.67",
            "revenue": 120355
        },
        "2012-09": {
            "month": "2012-09",
            "price": "8.51",
            "revenue": 120224
        },
        "2012-10": {
            "month": "2012-10",
            "price": "7.80",
            "revenue": 108792
        },
        "2012-11": {
            "month": "2012-11",
            "price": "6.91",
            "revenue": 323203
        },
        "2012-12": {
            "month": "2012-12",
            "price": "7.91",
            "revenue": 185934
        },
        "2013-01": {
            "month": "2013-01",
            "price": "8.00",
            "revenue": 200498
        },
        "2013-02": {
            "month": "2013-02",
            "price": "7.76",
            "revenue": 111194
        },
        "2013-03": {
            "month": "2013-03",
            "price": "7.86",
            "revenue": 241640
        },
        "2013-04": {
            "month": "2013-04",
            "price": "7.50",
            "revenue": 123201
        },
        "2013-05": {
            "month": "2013-05",
            "price": "9.81",
            "revenue": 190337
        },
        "2013-06": {
            "month": "2013-06",
            "price": "11.99",
            "revenue": 224220
        },
        "2013-07": {
            "month": "2013-07",
            "price": "14.52",
            "revenue": 266906
        },
        "2013-08": {
            "month": "2013-08",
            "price": "13.46",
            "revenue": 196997
        },
        "2013-09": {
            "month": "2013-09",
            "price": "11.56",
            "revenue": 228724
        },
        "2013-10": {
            "month": "2013-10",
            "price": "12.23",
            "revenue": 241229
        },
        "2013-11": {
            "month": "2013-11",
            "price": "13.10",
            "revenue": 173532
        },
        "2013-12": {
            "month": "2013-12",
            "price": "12.46",
            "revenue": 362547
        },
        "2014-01": {
            "month": "2014-01",
            "price": "12.84",
            "revenue": 102309
        },
        "2014-02": {
            "month": "2014-02",
            "price": "12.56",
            "revenue": 110191
        },
        "2014-03": {
            "month": "2014-03",
            "price": "13.37",
            "revenue": 202182
        },
        "2014-04": {
            "month": "2014-04",
            "price": "13.34",
            "revenue": 226519
        },
        "2014-05": {
            "month": "2014-05",
            "price": "12.82",
            "revenue": 225687
        },
        "2014-06": {
            "month": "2014-06",
            "price": "13.10",
            "revenue": 226628
        },
        "2014-07": {
            "month": "2014-07",
            "price": "12.99",
            "revenue": 253650
        },
        "2014-08": {
            "month": "2014-08",
            "price": "12.50",
            "revenue": 308082
        },
        "2014-09": {
            "month": "2014-09",
            "price": "12.96",
            "revenue": 343035
        },
        "2014-10": {
            "month": "2014-10",
            "price": "11.81",
            "revenue": 132796
        },
        "2014-11": {
            "month": "2014-11",
            "price": "11.93",
            "revenue": 254199
        },
        "2014-12": {
            "month": "2014-12",
            "price": "11.81",
            "revenue": 262559
        },
        "2015-01": {
            "month": "2015-01",
            "price": "12.04",
            "revenue": 176341
        },
        "2015-02": {
            "month": "2015-02",
            "price": "11.95",
            "revenue": 206894
        },
        "2015-03": {
            "month": "2015-03",
            "price": "12.54",
            "revenue": 303193
        },
        "2015-04": {
            "month": "2015-04",
            "price": "13.62",
            "revenue": 243132
        },
        "2015-05": {
            "month": "2015-05",
            "price": "13.36",
            "revenue": 314686
        },
        "2015-06": {
            "month": "2015-06",
            "price": "12.78",
            "revenue": 290791
        },
        "2015-07": {
            "month": "2015-07",
            "price": "12.68",
            "revenue": 446835
        },
        "2015-08": {
            "month": "2015-08",
            "price": "10.73",
            "revenue": 321507
        },
        "2015-09": {
            "month": "2015-09",
            "price": "11.18",
            "revenue": 389635
        },
        "2015-10": {
            "month": "2015-10",
            "price": "12.90",
            "revenue": 321557
        },
        "2015-11": {
            "month": "2015-11",
            "price": "13.15",
            "revenue": 347496
        },
        "2015-12": {
            "month": "2015-12",
            "price": "16.12",
            "revenue": 284946
        },
        "2016-01": {
            "month": "2016-01",
            "price": "14.41",
            "revenue": 191043
        },
        "2016-02": {
            "month": "2016-02",
            "price": "14.83",
            "revenue": 199780
        },
        "2016-03": {
            "month": "2016-03",
            "price": "16.74",
            "revenue": 216206
        },
        "2016-04": {
            "month": "2016-04",
            "price": "15.12",
            "revenue": 451180
        },
        "2016-05": {
            "month": "2016-05",
            "price": "14.94",
            "revenue": 413659
        },
        "2016-06": {
            "month": "2016-06",
            "price": "15.99",
            "revenue": 461945
        },
        "2016-07": {
            "month": "2016-07",
            "price": "17.46",
            "revenue": 423523
        },
        "2016-08": {
            "month": "2016-08",
            "price": "21.52",
            "revenue": 215273
        },
        "2016-09": {
            "month": "2016-09",
            "price": "22.56",
            "revenue": 212163
        },
        "2016-10": {
            "month": "2016-10",
            "price": "20.67",
            "revenue": 229004
        },
        "2016-11": {
            "month": "2016-11",
            "price": "19.22",
            "revenue": 294797
        },
        "2016-12": {
            "month": "2016-12",
            "price": "20.34",
            "revenue": 358126
        },
        "2017-01": {
            "month": "2017-01",
            "price": "21.86",
            "revenue": 406449
        },
        "2017-02": {
            "month": "2017-02",
            "price": "23.39",
            "revenue": 429969
        },
        "2017-03": {
            "month": "2017-03",
            "price": "27.03",
            "revenue": 402860
        },
        "2017-04": {
            "month": "2017-04",
            "price": "25.05",
            "revenue": 362031
        },
        "2017-05": {
            "month": "2017-05",
            "price": "24.04",
            "revenue": 401080
        },
        "2017-06": {
            "month": "2017-06",
            "price": "24.14",
            "revenue": 375482
        },
        "2017-07": {
            "month": "2017-07",
            "price": "24.52",
            "revenue": 366030
        },
        "2017-08": {
            "month": "2017-08",
            "price": "21.78",
            "revenue": 412104
        },
        "2017-09": {
            "month": "2017-09",
            "price": "21.92",
            "revenue": 385511
        },
        "2017-10": {
            "month": "2017-10",
            "price": "23.42",
            "revenue": 414072
        },
        "2017-11": {
            "month": "2017-11",
            "price": "22.32",
            "revenue": 473783
        },
        "2017-12": {
            "month": "2017-12",
            "price": "20.95",
            "revenue": 410973
        },
        "2018-01": {
            "month": "2018-01",
            "price": "21.48",
            "revenue": 450861
        },
        "2018-02": {
            "month": "2018-02",
            "price": "20.92",
            "revenue": 415929
        },
        "2018-03": {
            "month": "2018-03",
            "price": "21.26",
            "revenue": 446315
        },
        "2018-04": {
            "month": "2018-04",
            "price": "22.83",
            "revenue": 436628
        },
        "2018-05": {
            "month": "2018-05",
            "price": "24.73",
            "revenue": 402391
        },
        "2018-06": {
            "month": "2018-06",
            "price": "28.42",
            "revenue": 425811
        },
        "2018-07": {
            "month": "2018-07",
            "price": "27.96",
            "revenue": 339709
        },
        "2018-08": {
            "month": "2018-08",
            "price": "28.53",
            "revenue": 402564
        },
        "2018-09": {
            "month": "2018-09",
            "price": "26.91",
            "revenue": 337624
        },
        "2018-10": {
            "month": "2018-10",
            "price": "24.26",
            "revenue": 371297
        },
        "2018-11": {
            "month": "2018-11",
            "price": "23.52",
            "revenue": 439587
        },
        "2018-12": {
            "month": "2018-12",
            "price": "22.77",
            "revenue": 404439
        },
        "2019-01": {
            "month": "2019-01",
            "price": "22.42",
            "revenue": 203627
        },
        "2019-02": {
            "month": "2019-02",
            "price": "23.18",
            "revenue": 300007
        },
        "2019-03": {
            "month": "2019-03",
            "price": "23.96",
            "revenue": 331790
        },
        "2019-04": {
            "month": "2019-04",
            "price": "25.02",
            "revenue": 333734
        },
        "2019-05": {
            "month": "2019-05",
            "price": "21.08",
            "revenue": 342289
        },
        "2019-06": {
            "month": "2019-06",
            "price": "19.84",
            "revenue": 386742
        },
        "2019-07": {
            "month": "2019-07",
            "price": "20.85",
            "revenue": 436297
        },
        "2019-08": {
            "month": "2019-08",
            "price": "20.10",
            "revenue": 461814
        },
        "2019-09": {
            "month": "2019-09",
            "price": "21.80",
            "revenue": 386068
        },
        "2019-10": {
            "month": "2019-10",
            "price": "20.61",
            "revenue": 372163
        },
        "2019-11": {
            "month": "2019-11",
            "price": "20.73",
            "revenue": 349515
        },
        "2019-12": {
            "month": "2019-12",
            "price": "21.48",
            "revenue": 331970
        },
        "2020-02": {
            "month": "2020-02",
            "price": "18.88",
            "revenue": 203805
        },
        "2020-03": {
            "month": "2020-03",
            "price": "15.21",
            "revenue": 243872
        },
        "2020-04": {
            "month": "2020-04",
            "price": "17.84",
            "revenue": 215798
        },
        "2020-05": {
            "month": "2020-05",
            "price": "18.82",
            "revenue": 231881
        },
        "2020-06": {
            "month": "2020-06",
            "price": "19.69",
            "revenue": 278933
        },
        "2020-07": {
            "month": "2020-07",
            "price": "21.47",
            "revenue": 290797
        },
        "2020-08": {
            "month": "2020-08",
            "price": "21.54",
            "revenue": 317386
        },
        "2020-09": {
            "month": "2020-09",
            "price": "23.13",
            "revenue": 314836
        },
        "2020-10": {
            "month": "2020-10",
            "price": "29.48",
            "revenue": 329033
        },
        "2020-11": {
            "month": "2020-11",
            "price": "36.21",
            "revenue": 429718
        },
        "2020-12": {
            "month": "2020-12",
            "price": "39.33",
            "revenue": 414318
        },
        "2021-01": {
            "month": "2021-01",
            "price": "46.11",
            "revenue": 296845
        },
        "2021-02": {
            "month": "2021-02",
            "price": "42.30",
            "revenue": 308400
        },
        "2021-03": {
            "month": "2021-03",
            "price": "42.23",
            "revenue": 460068
        },
        "2021-04": {
            "month": "2021-04",
            "price": "43.03",
            "revenue": 489197
        },
        "2021-05": {
            "month": "2021-05",
            "price": "34.82",
            "revenue": 586562
        },
        "2021-06": {
            "month": "2021-06",
            "price": "38.60",
            "revenue": 386966
        },
        "2021-07": {
            "month": "2021-07",
            "price": "42.70",
            "revenue": 456553
        },
        "2021-08": {
            "month": "2021-08",
            "price": "36.76",
            "revenue": 379880
        },
        "2021-09": {
            "month": "2021-09",
            "price": "33.82",
            "revenue": 336730
        },
        "2021-10": {
            "month": "2021-10",
            "price": "31.42",
            "revenue": 363433
        },
        "2021-11": {
            "month": "2021-11",
            "price": "34.48",
            "revenue": 268464
        },
        "2021-12": {
            "month": "2021-12",
            "price": "33.89",
            "revenue": 478277
        },
        "2022-01": {
            "month": "2022-01",
            "price": "32.90",
            "revenue": 299816
        },
        "2022-02": {
            "month": "2022-02",
            "price": "32.34",
            "revenue": 296940
        },
        "2022-03": {
            "month": "2022-03",
            "price": "30.75",
            "revenue": 497979
        },
        "2022-04": {
            "month": "2022-04",
            "price": "30.57",
            "revenue": 352353
        },
        "2022-05": {
            "month": "2022-05",
            "price": "28.80",
            "revenue": 352713
        },
        "2022-06": {
            "month": "2022-06",
            "price": "28.31",
            "revenue": 431651
        },
        "2022-07": {
            "month": "2022-07",
            "price": "24.84",
            "revenue": 318649
        },
        "2022-08": {
            "month": "2022-08",
            "price": "26.23",
            "revenue": 475917
        },
        "2022-09": {
            "month": "2022-09",
            "price": "27.11",
            "revenue": 488686
        },
        "2022-10": {
            "month": "2022-10",
            "price": "25.57",
            "revenue": 403604
        },
        "2022-11": {
            "month": "2022-11",
            "price": "27.19",
            "revenue": 421559
        },
        "2022-12": {
            "month": "2022-12",
            "price": "28.81",
            "revenue": 394109
        },
        "2023-01": {
            "month": "2023-01",
            "price": "28.39",
            "revenue": 255754
        },
        "2023-02": {
            "month": "2023-02",
            "price": "29.19",
            "revenue": 175274
        },
        "2023-03": {
            "month": "2023-03",
            "price": "29.46",
            "revenue": 306958
        },
        "2023-04": {
            "month": "2023-04",
            "price": "28.72",
            "revenue": 219211
        },
        "2023-05": {
            "month": "2023-05",
            "price": "28.68",
            "revenue": 257478
        }
    }
}
