{
    "summary": {
        "stock_name": "南良",
        "stock_id": "5450",
        "category": "其他",
        "main_business": "成衣或運動用品之黏扣帶、織帶及各式綁帶<br>橡、塑膠高分子及發泡複合材",
        "website_url": "http://www.namliong-global.com",
        "ceo": "張舜卿",
        "pe_ratio": 21,
        "report_year_from": 2001,
        "report_year_to": 2023,
        "age": 22,
        "eps_negative_percentage": 39,
        "eps_growth_avg": {
            "last_all": -38.3,
            "last_2y": 37,
            "last_4y": 37,
            "last_8y": 2.75,
            "last_12y": -31.5,
            "last_16y": -48.63,
            "last_20y": -38.3,
            "at_2006_last_3y": -39.16,
            "at_2007_last_3y": -33.95,
            "at_2008_last_3y": -35.9,
            "at_2009_last_3y": -100,
            "at_2010_last_3y": -100,
            "at_2011_last_3y": -100,
            "at_2012_last_3y": -100,
            "at_2013_last_3y": -100,
            "at_2014_last_3y": -100,
            "at_2015_last_3y": -100,
            "at_2016_last_3y": null,
            "at_2017_last_3y": -100,
            "at_2018_last_3y": -100,
            "at_2019_last_3y": -100,
            "at_2020_last_3y": -53.45,
            "at_2021_last_3y": 46.55,
            "at_2022_last_3y": 37,
            "at_2023_last_3y": 37,
            "at_2006_last_all": -34.13,
            "at_2007_last_all": -34.13,
            "at_2008_last_all": -45.11,
            "at_2009_last_all": -45.11,
            "at_2010_last_all": -52.95,
            "at_2011_last_all": -52.95,
            "at_2012_last_all": -58.83,
            "at_2013_last_all": -58.83,
            "at_2014_last_all": -58.83,
            "at_2015_last_all": -58.83,
            "at_2016_last_all": -58.83,
            "at_2017_last_all": -63.4,
            "at_2018_last_all": -63.4,
            "at_2019_last_all": -63.4,
            "at_2020_last_all": -57.75,
            "at_2021_last_all": -43.41,
            "at_2022_last_all": -38.3,
            "at_2023_last_all": -38.3
        },
        "latest_eps": 0.95,
        "latest_price": 20.05,
        "latest_roe": 7.18,
        "latest_gross_margin": 26.75,
        "latest_equity": 1698546,
        "latest_revenue": 583085,
        "latest_gross_profit": 155991,
        "latest_net_income": 1594,
        "latest_debt_ratio": 56.57,
        "latest_current_ratio": 212.62,
        "latest_account_receivable_turnover_ratio": 1.36,
        "latest_inventory_turnover_ratio": 0.84,
        "latest_reinvestment_rate": 44.04,
        "latest_research_to_sale_ratio": 3.19
    },
    "eps_dividends": {
        "2000": {
            "cash": 0,
            "stock": 1,
            "eps": 0
        },
        "2001": {
            "cash": 0,
            "stock": 3,
            "eps": 5.71
        },
        "2002": {
            "cash": 1,
            "stock": 3,
            "eps": 4.91
        },
        "2003": {
            "cash": 1,
            "stock": 3,
            "eps": 2.22
        },
        "2004": {
            "cash": 1,
            "stock": 2,
            "eps": 0.13
        },
        "2005": {
            "cash": 0,
            "stock": 0,
            "eps": 0.25
        },
        "2006": {
            "cash": 0,
            "stock": 0,
            "eps": -1.44
        },
        "2007": {
            "cash": 0,
            "stock": 0,
            "eps": 0.66
        },
        "2008": {
            "cash": 0,
            "stock": 0,
            "eps": -1.31
        },
        "2009": {
            "cash": 0,
            "stock": 0,
            "eps": 0.06
        },
        "2010": {
            "cash": 0,
            "stock": 0,
            "eps": -0.42
        },
        "2011": {
            "cash": 0,
            "stock": 0,
            "eps": 0.03
        },
        "2012": {
            "cash": 0,
            "stock": 0,
            "eps": -0.12
        },
        "2013": {
            "cash": 0,
            "stock": 0,
            "eps": -0.54
        },
        "2014": {
            "cash": 0,
            "stock": 0,
            "eps": -1.3
        },
        "2015": {
            "cash": 0,
            "stock": 0,
            "eps": -0.86
        },
        "2016": {
            "cash": 0,
            "stock": 0,
            "eps": 0.1
        },
        "2017": {
            "cash": 0,
            "stock": 0,
            "eps": -0.01
        },
        "2018": {
            "cash": 0,
            "stock": 0,
            "eps": -0.39
        },
        "2019": {
            "cash": 0,
            "stock": 0,
            "eps": 0.58
        },
        "2020": {
            "cash": 0,
            "stock": 0,
            "eps": 0.54
        },
        "2021": {
            "cash": 0,
            "stock": 0,
            "eps": 1.23
        },
        "2022": {
            "cash": 1,
            "stock": 0,
            "eps": 1.45
        },
        "2023": {
            "cash": 1,
            "stock": 0,
            "eps": 0.01
        }
    },
    "dividends": {
        "2000-04-15": {
            "cash": 0,
            "stock": 1.2
        },
        "2001-05-23": {
            "cash": 0,
            "stock": 2.5
        },
        "2002-05-24": {
            "cash": 0.5,
            "stock": 3
        },
        "2003-05-15": {
            "cash": 1,
            "stock": 2.5
        },
        "2004-03-01": {
            "cash": 1,
            "stock": 1.5
        },
        "2005-02-04": {
            "cash": 0.38,
            "stock": 0
        },
        "2006-03-03": {
            "cash": 0.23,
            "stock": 0
        },
        "2022-08-31": {
            "cash": 0.6,
            "stock": 0
        },
        "2023-03-29": {
            "cash": 0.65,
            "stock": 0
        }
    },
    "prices": {
        "200101": "44.83",
        "200102": "55.10",
        "200103": "56.24",
        "200104": "60.70",
        "200105": "49.18",
        "200106": "51.82",
        "200107": "43.79",
        "200108": "43.34",
        "200109": "34.85",
        "200110": "34.27",
        "200111": "42.30",
        "200112": "60.12",
        "200201": "64.57",
        "200202": "66.12",
        "200203": "71.38",
        "200204": "70.36",
        "200205": "65.52",
        "200206": "60.28",
        "200207": "54.82",
        "200208": "45.81",
        "200209": "43.78",
        "200210": "41.64",
        "200211": "42.95",
        "200212": "39.57",
        "200301": "38.31",
        "200302": "36.24",
        "200303": "35.63",
        "200304": "33.23",
        "200305": "30.40",
        "200306": "32.42",
        "200307": "28.59",
        "200308": "27.15",
        "200309": "24.09",
        "200310": "22.96",
        "200311": "22.89",
        "200312": "23.82",
        "200401": "23.95",
        "200402": "24.84",
        "200403": "23.87",
        "200404": "22.24",
        "200405": "19.32",
        "200406": "17.12",
        "200407": "11.52",
        "200408": "10.37",
        "200409": "9.73",
        "200410": "9.26",
        "200411": "8.88",
        "200412": "8.64",
        "200501": "7.99",
        "200502": "8.27",
        "200503": "9.35",
        "200504": "8.64",
        "200505": "8.19",
        "200506": "9.00",
        "200507": "9.26",
        "200508": "9.18",
        "200509": "9.21",
        "200510": "9.16",
        "200511": "9.04",
        "200512": "9.51",
        "200601": "9.92",
        "200602": "11.06",
        "200603": "11.30",
        "200604": "10.91",
        "200605": "10.28",
        "200606": "9.41",
        "200607": "9.13",
        "200608": "10.06",
        "200609": "9.76",
        "200610": "9.93",
        "200611": "11.25",
        "200612": "13.99",
        "200701": "15.19",
        "200702": "14.66",
        "200703": "14.26",
        "200704": "15.47",
        "200705": "15.27",
        "200706": "15.88",
        "200707": "18.21",
        "200708": "17.37",
        "200709": "17.98",
        "200710": "16.76",
        "200711": "15.03",
        "200712": "14.52",
        "200801": "13.60",
        "200802": "14.66",
        "200803": "15.96",
        "200804": "15.48",
        "200805": "15.30",
        "200806": "15.08",
        "200807": "14.00",
        "200808": "12.95",
        "200809": "12.50",
        "200810": "11.33",
        "200811": "10.22",
        "200812": "10.25",
        "200901": "12.53",
        "200902": "10.54",
        "200903": "11.37",
        "200904": "12.76",
        "200905": "13.01",
        "200906": "13.54",
        "200907": "14.86",
        "200908": "14.12",
        "200909": "15.25",
        "200910": "16.81",
        "200911": "17.16",
        "200912": "17.83",
        "201001": "24.58",
        "201002": "26.71",
        "201003": "36.54",
        "201004": "32.25",
        "201005": "24.85",
        "201006": "23.55",
        "201007": "27.52",
        "201008": "28.12",
        "201009": "28.88",
        "201010": "30.16",
        "201011": "26.85",
        "201012": "26.57",
        "201101": "26.40",
        "201102": "25.90",
        "201103": "26.20",
        "201104": "25.58",
        "201105": "22.26",
        "201106": "20.58",
        "201107": "21.86",
        "201108": "16.11",
        "201109": "13.35",
        "201110": "13.04",
        "201111": "12.24",
        "201112": "11.71",
        "201201": "11.57",
        "201202": "16.72",
        "201203": "17.78",
        "201204": "14.80",
        "201205": "14.82",
        "201206": "13.92",
        "201207": "13.44",
        "201208": "13.70",
        "201209": "13.59",
        "201210": "12.87",
        "201211": "11.75",
        "201212": "12.23",
        "201301": "12.33",
        "201302": "12.18",
        "201303": "12.83",
        "201304": "13.89",
        "201305": "16.33",
        "201306": "19.94",
        "201307": "17.70",
        "201308": "15.27",
        "201309": "17.75",
        "201310": "18.33",
        "201311": "15.67",
        "201312": "15.09",
        "201401": "15.61",
        "201402": "16.91",
        "201403": "22.66",
        "201404": "27.02",
        "201405": "21.43",
        "201406": "20.30",
        "201407": "19.26",
        "201408": "16.35",
        "201409": "17.23",
        "201410": "16.02",
        "201411": "17.46",
        "201412": "16.12",
        "201501": "15.80",
        "201502": "15.83",
        "201503": "17.56",
        "201504": "15.80",
        "201505": "14.08",
        "201506": "11.44",
        "201507": "11.34",
        "201508": "8.69",
        "201509": "7.75",
        "201510": "8.15",
        "201511": "8.05",
        "201512": "9.66",
        "201601": "9.67",
        "201602": "9.42",
        "201603": "9.40",
        "201604": "8.72",
        "201605": "8.54",
        "201606": "8.54",
        "201607": "9.50",
        "201608": "8.89",
        "201609": "9.19",
        "201610": "9.11",
        "201611": "8.95",
        "201612": "8.38",
        "201701": "8.32",
        "201702": "8.85",
        "201703": "8.65",
        "201704": "8.44",
        "201705": "8.19",
        "201706": "7.91",
        "201707": "7.19",
        "201708": "7.20",
        "201709": "7.51",
        "201710": "7.32",
        "201711": "7.27",
        "201712": "7.12",
        "201801": "7.06",
        "201802": "7.17",
        "201803": "9.92",
        "201804": "9.81",
        "201805": "9.92",
        "201806": "10.43",
        "201807": "9.71",
        "201808": "9.34",
        "201809": "8.94",
        "201810": "8.40",
        "201811": "8.88",
        "201812": "8.53",
        "201901": "14.96",
        "201902": "16.89",
        "201903": "19.90",
        "201904": "24.32",
        "201905": "25.18",
        "201906": "23.67",
        "201907": "21.84",
        "201908": "20.63",
        "201909": "19.05",
        "201910": "17.81",
        "201911": "18.04",
        "201912": "18.37",
        "202001": "17.62",
        "202002": "16.42",
        "202003": "13.62",
        "202004": "14.03",
        "202005": "14.84",
        "202006": "14.14",
        "202007": "16.80",
        "202008": "19.10",
        "202009": "21.12",
        "202010": "20.08",
        "202011": "19.41",
        "202012": "18.19",
        "202101": "16.46",
        "202102": "18.12",
        "202103": "17.73",
        "202104": "18.99",
        "202105": "19.38",
        "202106": "17.77",
        "202107": "18.22",
        "202108": "17.64",
        "202109": "17.31",
        "202110": "16.31",
        "202111": "16.82",
        "202112": "18.71",
        "202201": "19.49",
        "202202": "19.84",
        "202203": "17.92",
        "202204": "18.25",
        "202205": "17.96",
        "202206": "18.12",
        "202207": "17.14",
        "202208": "18.42",
        "202209": "18.25",
        "202210": "17.34",
        "202211": "17.78",
        "202212": "17.85",
        "202301": "17.96",
        "202302": "18.20",
        "202303": "22.40",
        "202304": "22.38",
        "202305": "20.98"
    },
    "quarters": {
        "20011": {
            "year_quarter": 20011,
            "year": 2001,
            "quarter": 1,
            "eps": 1.3,
            "eps_growth_year": 30,
            "eps_4q": 4.82,
            "eps_4q_growth_year": 112.02,
            "roe": 6.94,
            "roe_4q": 6.94,
            "gross_profit": 66739,
            "gross_margin": 10.42,
            "gross_margin_4q_avg": 10.42,
            "net_income": 32930,
            "revenue": 640356,
            "common_shares": 300000,
            "book_valuer_per_share": 18.88,
            "book_valuer_per_share_4q_avg": 18.88,
            "equity": 566280,
            "current_ratio": 174.49,
            "debt_ratio": 46.87,
            "inventory_turnover_ratio": 2.77,
            "account_receivable_turnover_ratio": null,
            "reinvestment_rate": null,
            "research_to_sale_ratio": null,
            "price_fair": 0,
            "eps_avg_yearly": 0,
            "eps_latest_yearly": 0,
            "eps_growth_yearly": 0
        },
        "20012": {
            "year_quarter": 20012,
            "year": 2001,
            "quarter": 2,
            "eps": 1.3,
            "eps_growth_year": 132.14,
            "eps_4q": 4.33,
            "eps_4q_growth_year": 68.54,
            "roe": 7.89,
            "roe_4q": 14.83,
            "gross_profit": 59418,
            "gross_margin": 12.39,
            "gross_margin_4q_avg": 11.41,
            "net_income": 46450,
            "revenue": 479673,
            "common_shares": 300000,
            "book_valuer_per_share": 20.36,
            "book_valuer_per_share_4q_avg": 19.62,
            "equity": 610785,
            "current_ratio": 173.67,
            "debt_ratio": 44.71,
            "inventory_turnover_ratio": 1.4,
            "account_receivable_turnover_ratio": null,
            "reinvestment_rate": null,
            "research_to_sale_ratio": null,
            "price_fair": 0,
            "eps_avg_yearly": 0,
            "eps_latest_yearly": 0,
            "eps_growth_yearly": 0
        },
        "20013": {
            "year_quarter": 20013,
            "year": 2001,
            "quarter": 3,
            "eps": 0.89,
            "eps_growth_year": -7.29,
            "eps_4q": 4.45,
            "eps_4q_growth_year": 65.27,
            "roe": 5.2,
            "roe_4q": 20.03,
            "gross_profit": 64070,
            "gross_margin": 8.75,
            "gross_margin_4q_avg": 10.52,
            "net_income": 32580,
            "revenue": 732372,
            "common_shares": 385000,
            "book_valuer_per_share": 16.71,
            "book_valuer_per_share_4q_avg": 18.65,
            "equity": 643379,
            "current_ratio": 156.39,
            "debt_ratio": 52.05,
            "inventory_turnover_ratio": 2.1,
            "account_receivable_turnover_ratio": null,
            "reinvestment_rate": null,
            "research_to_sale_ratio": null,
            "price_fair": 0,
            "eps_avg_yearly": 0,
            "eps_latest_yearly": 0,
            "eps_growth_yearly": 0
        },
        "20014": {
            "year_quarter": 20014,
            "year": 2001,
            "quarter": 4,
            "eps": 2.22,
            "eps_growth_year": 8.82,
            "eps_4q": 5.21,
            "eps_4q_growth_year": 17.47,
            "roe": 12.12,
            "roe_4q": 32.15,
            "gross_profit": 148676,
            "gross_margin": 9.9,
            "gross_margin_4q_avg": 10.37,
            "net_income": 83038,
            "revenue": 1501893,
            "common_shares": 385000,
            "book_valuer_per_share": 18.87,
            "book_valuer_per_share_4q_avg": 18.71,
            "equity": 726478,
            "current_ratio": 180.56,
            "debt_ratio": 46.68,
            "inventory_turnover_ratio": 3.95,
            "account_receivable_turnover_ratio": null,
            "reinvestment_rate": null,
            "research_to_sale_ratio": null,
            "price_fair": 0,
            "eps_avg_yearly": 0,
            "eps_latest_yearly": 0,
            "eps_growth_yearly": 0
        },
        "20021": {
            "year_quarter": 20021,
            "year": 2002,
            "quarter": 1,
            "eps": 1.85,
            "eps_growth_year": 42.31,
            "eps_4q": 6.07,
            "eps_4q_growth_year": 25.99,
            "roe": 9.33,
            "roe_4q": 34.54,
            "gross_profit": 123305,
            "gross_margin": 13.13,
            "gross_margin_4q_avg": 11.04,
            "net_income": 71087,
            "revenue": 939282,
            "common_shares": 385000,
            "book_valuer_per_share": 20.72,
            "book_valuer_per_share_4q_avg": 19.17,
            "equity": 797565,
            "current_ratio": 202.86,
            "debt_ratio": 41.88,
            "inventory_turnover_ratio": 2.07,
            "account_receivable_turnover_ratio": null,
            "reinvestment_rate": null,
            "research_to_sale_ratio": null,
            "price_fair": 22.2,
            "eps_avg_yearly": 7.4,
            "eps_latest_yearly": 7.4,
            "eps_growth_yearly": -66.67
        },
        "20022": {
            "year_quarter": 20022,
            "year": 2002,
            "quarter": 2,
            "eps": 1.04,
            "eps_growth_year": -20,
            "eps_4q": 4.63,
            "eps_4q_growth_year": 7.02,
            "roe": 6.65,
            "roe_4q": 33.300000000000004,
            "gross_profit": 110772,
            "gross_margin": 11.76,
            "gross_margin_4q_avg": 10.89,
            "net_income": 54090,
            "revenue": 941856,
            "common_shares": 385000,
            "book_valuer_per_share": 21.52,
            "book_valuer_per_share_4q_avg": 19.46,
            "equity": 828643,
            "current_ratio": 189.22,
            "debt_ratio": 43.73,
            "inventory_turnover_ratio": 1.95,
            "account_receivable_turnover_ratio": null,
            "reinvestment_rate": null,
            "research_to_sale_ratio": null,
            "price_fair": 17.34,
            "eps_avg_yearly": 5.78,
            "eps_latest_yearly": 4.16,
            "eps_growth_yearly": -120.9
        },
        "20023": {
            "year_quarter": 20023,
            "year": 2002,
            "quarter": 3,
            "eps": 0.91,
            "eps_growth_year": 2.25,
            "eps_4q": 4.91,
            "eps_4q_growth_year": 10.22,
            "roe": 4.8,
            "roe_4q": 32.9,
            "gross_profit": 109002,
            "gross_margin": 11.9,
            "gross_margin_4q_avg": 11.67,
            "net_income": 47373,
            "revenue": 916223,
            "common_shares": 593040,
            "book_valuer_per_share": 19.33,
            "book_valuer_per_share_4q_avg": 20.11,
            "equity": 1146204,
            "current_ratio": 210.01,
            "debt_ratio": 41.72,
            "inventory_turnover_ratio": 1.55,
            "account_receivable_turnover_ratio": null,
            "reinvestment_rate": null,
            "research_to_sale_ratio": null,
            "price_fair": 15.2,
            "eps_avg_yearly": 5.07,
            "eps_latest_yearly": 3.64,
            "eps_growth_yearly": -97.27
        },
        "20024": {
            "year_quarter": 20024,
            "year": 2002,
            "quarter": 4,
            "eps": 1.11,
            "eps_growth_year": -50,
            "eps_4q": 4.29,
            "eps_4q_growth_year": -17.71,
            "roe": 5.12,
            "roe_4q": 25.9,
            "gross_profit": 119289,
            "gross_margin": 11.51,
            "gross_margin_4q_avg": 12.08,
            "net_income": 60231,
            "revenue": 1036215,
            "common_shares": 593040,
            "book_valuer_per_share": 20.34,
            "book_valuer_per_share_4q_avg": 20.48,
            "equity": 1206447,
            "current_ratio": 410.28,
            "debt_ratio": 19.83,
            "inventory_turnover_ratio": 2.19,
            "account_receivable_turnover_ratio": null,
            "reinvestment_rate": 27.46,
            "research_to_sale_ratio": null,
            "price_fair": 14.73,
            "eps_avg_yearly": 4.91,
            "eps_latest_yearly": 4.44,
            "eps_growth_yearly": -50.97
        },
        "20031": {
            "year_quarter": 20031,
            "year": 2003,
            "quarter": 1,
            "eps": 0.8,
            "eps_growth_year": -56.76,
            "eps_4q": 3.54,
            "eps_4q_growth_year": -41.66,
            "roe": 3.84,
            "roe_4q": 20.410000000000004,
            "gross_profit": 89592,
            "gross_margin": 11.15,
            "gross_margin_4q_avg": 11.58,
            "net_income": 47208,
            "revenue": 803731,
            "common_shares": 593040,
            "book_valuer_per_share": 21.14,
            "book_valuer_per_share_4q_avg": 20.58,
            "equity": 1253655,
            "current_ratio": 484.15,
            "debt_ratio": 15.88,
            "inventory_turnover_ratio": 2.98,
            "account_receivable_turnover_ratio": null,
            "reinvestment_rate": 24.68,
            "research_to_sale_ratio": null,
            "price_fair": 13.7,
            "eps_avg_yearly": 4.57,
            "eps_latest_yearly": 3.2,
            "eps_growth_yearly": -63.12
        },
        "20032": {
            "year_quarter": 20032,
            "year": 2003,
            "quarter": 2,
            "eps": 0.37,
            "eps_growth_year": -64.42,
            "eps_4q": 2.38,
            "eps_4q_growth_year": -48.63,
            "roe": 2.31,
            "roe_4q": 16.07,
            "gross_profit": 57691,
            "gross_margin": 8.31,
            "gross_margin_4q_avg": 10.72,
            "net_income": 28522,
            "revenue": 694106,
            "common_shares": 762250,
            "book_valuer_per_share": 15.99,
            "book_valuer_per_share_4q_avg": 19.2,
            "equity": 1218662,
            "current_ratio": 458.43,
            "debt_ratio": 16.73,
            "inventory_turnover_ratio": 1.89,
            "account_receivable_turnover_ratio": null,
            "reinvestment_rate": 22.87,
            "research_to_sale_ratio": null,
            "price_fair": 12.16,
            "eps_avg_yearly": 4.05,
            "eps_latest_yearly": 1.48,
            "eps_growth_yearly": -88.43
        },
        "20033": {
            "year_quarter": 20033,
            "year": 2003,
            "quarter": 3,
            "eps": 0.56,
            "eps_growth_year": -38.46,
            "eps_4q": 2.34,
            "eps_4q_growth_year": -52.29,
            "roe": 3.45,
            "roe_4q": 14.719999999999999,
            "gross_profit": 82809,
            "gross_margin": 7.31,
            "gross_margin_4q_avg": 9.57,
            "net_income": 42718,
            "revenue": 1133262,
            "common_shares": 762250,
            "book_valuer_per_share": 16.55,
            "book_valuer_per_share_4q_avg": 18.51,
            "equity": 1261257,
            "current_ratio": 336.58,
            "debt_ratio": 23.53,
            "inventory_turnover_ratio": 2.32,
            "account_receivable_turnover_ratio": null,
            "reinvestment_rate": 21.4,
            "research_to_sale_ratio": null,
            "price_fair": 11.38,
            "eps_avg_yearly": 3.79,
            "eps_latest_yearly": 2.24,
            "eps_growth_yearly": -46.46
        },
        "20034": {
            "year_quarter": 20034,
            "year": 2003,
            "quarter": 4,
            "eps": 0.49,
            "eps_growth_year": -55.86,
            "eps_4q": 2.04,
            "eps_4q_growth_year": -52.39,
            "roe": 2.92,
            "roe_4q": 12.52,
            "gross_profit": 63980,
            "gross_margin": 6.51,
            "gross_margin_4q_avg": 8.32,
            "net_income": 37388,
            "revenue": 982477,
            "common_shares": 762250,
            "book_valuer_per_share": 17.04,
            "book_valuer_per_share_4q_avg": 17.68,
            "equity": 1298676,
            "current_ratio": 587.1,
            "debt_ratio": 12.7,
            "inventory_turnover_ratio": 2.24,
            "account_receivable_turnover_ratio": null,
            "reinvestment_rate": 19.63,
            "research_to_sale_ratio": null,
            "price_fair": 10.7,
            "eps_avg_yearly": 3.57,
            "eps_latest_yearly": 1.96,
            "eps_growth_yearly": -46.9
        },
        "20041": {
            "year_quarter": 20041,
            "year": 2004,
            "quarter": 1,
            "eps": 0.28,
            "eps_growth_year": -65,
            "eps_4q": 1.7,
            "eps_4q_growth_year": -52.08,
            "roe": 1.64,
            "roe_4q": 10.32,
            "gross_profit": 50183,
            "gross_margin": 6.52,
            "gross_margin_4q_avg": 7.16,
            "net_income": 21472,
            "revenue": 769102,
            "common_shares": 762250,
            "book_valuer_per_share": 17.32,
            "book_valuer_per_share_4q_avg": 16.73,
            "equity": 1320148,
            "current_ratio": 634.2,
            "debt_ratio": 11.89,
            "inventory_turnover_ratio": 2.27,
            "account_receivable_turnover_ratio": null,
            "reinvestment_rate": 15.01,
            "research_to_sale_ratio": null,
            "price_fair": 9.88,
            "eps_avg_yearly": 3.29,
            "eps_latest_yearly": 1.12,
            "eps_growth_yearly": -60.74
        },
        "20042": {
            "year_quarter": 20042,
            "year": 2004,
            "quarter": 2,
            "eps": 0.11,
            "eps_growth_year": -70.27,
            "eps_4q": 1.26,
            "eps_4q_growth_year": -47.23,
            "roe": 0.78,
            "roe_4q": 8.79,
            "gross_profit": 41271,
            "gross_margin": 7,
            "gross_margin_4q_avg": 6.84,
            "net_income": 9758,
            "revenue": 589399,
            "common_shares": 890613,
            "book_valuer_per_share": 13.39,
            "book_valuer_per_share_4q_avg": 16.08,
            "equity": 1192930,
            "current_ratio": 394.31,
            "debt_ratio": 19.32,
            "inventory_turnover_ratio": 1.9,
            "account_receivable_turnover_ratio": null,
            "reinvestment_rate": 14.55,
            "research_to_sale_ratio": null,
            "price_fair": 9.02,
            "eps_avg_yearly": 3.01,
            "eps_latest_yearly": 0.44,
            "eps_growth_yearly": -78.95
        },
        "20043": {
            "year_quarter": 20043,
            "year": 2004,
            "quarter": 3,
            "eps": -0.14,
            "eps_growth_year": -125,
            "eps_4q": 0.64,
            "eps_4q_growth_year": -72.77,
            "roe": -1.01,
            "roe_4q": 4.33,
            "gross_profit": 23140,
            "gross_margin": 3.89,
            "gross_margin_4q_avg": 5.98,
            "net_income": -11817,
            "revenue": 594175,
            "common_shares": 890613,
            "book_valuer_per_share": 12.89,
            "book_valuer_per_share_4q_avg": 15.16,
            "equity": 1147972,
            "current_ratio": 411.91,
            "debt_ratio": 18.45,
            "inventory_turnover_ratio": 2.05,
            "account_receivable_turnover_ratio": null,
            "reinvestment_rate": 15.29,
            "research_to_sale_ratio": null,
            "price_fair": 9.02,
            "eps_avg_yearly": 3.01,
            "eps_latest_yearly": 0.44,
            "eps_growth_yearly": -78.95
        },
        "20044": {
            "year_quarter": 20044,
            "year": 2004,
            "quarter": 4,
            "eps": -0.12,
            "eps_growth_year": -124.49,
            "eps_4q": 0.11,
            "eps_4q_growth_year": -94.61,
            "roe": -0.91,
            "roe_4q": 0.5,
            "gross_profit": 32315,
            "gross_margin": 4.35,
            "gross_margin_4q_avg": 5.44,
            "net_income": -10367,
            "revenue": 742269,
            "common_shares": 843613,
            "book_valuer_per_share": 13.27,
            "book_valuer_per_share_4q_avg": 14.22,
            "equity": 1119765,
            "current_ratio": 543.96,
            "debt_ratio": 14.08,
            "inventory_turnover_ratio": 2.55,
            "account_receivable_turnover_ratio": null,
            "reinvestment_rate": 16.79,
            "research_to_sale_ratio": null,
            "price_fair": 9.02,
            "eps_avg_yearly": 3.01,
            "eps_latest_yearly": 0.44,
            "eps_growth_yearly": -78.95
        },
        "20051": {
            "year_quarter": 20051,
            "year": 2005,
            "quarter": 1,
            "eps": 0.13,
            "eps_growth_year": -53.57,
            "eps_4q": -0.03,
            "eps_4q_growth_year": -101.76,
            "roe": 0.91,
            "roe_4q": -0.22999999999999998,
            "gross_profit": 31597,
            "gross_margin": 4.83,
            "gross_margin_4q_avg": 5.02,
            "net_income": 10107,
            "revenue": 653694,
            "common_shares": 831613,
            "book_valuer_per_share": 13.38,
            "book_valuer_per_share_4q_avg": 13.23,
            "equity": 1112586,
            "current_ratio": 414.79,
            "debt_ratio": 18.26,
            "inventory_turnover_ratio": 1.9,
            "account_receivable_turnover_ratio": null,
            "reinvestment_rate": 7.89,
            "research_to_sale_ratio": null,
            "price_fair": 9.02,
            "eps_avg_yearly": 3.01,
            "eps_latest_yearly": 0.44,
            "eps_growth_yearly": -78.95
        },
        "20052": {
            "year_quarter": 20052,
            "year": 2005,
            "quarter": 2,
            "eps": -0.33,
            "eps_growth_year": -400,
            "eps_4q": -0.5,
            "eps_4q_growth_year": -139.57,
            "roe": -2.42,
            "roe_4q": -3.4299999999999997,
            "gross_profit": 14731,
            "gross_margin": 2.61,
            "gross_margin_4q_avg": 3.92,
            "net_income": -25992,
            "revenue": 564394,
            "common_shares": 766613,
            "book_valuer_per_share": 13.52,
            "book_valuer_per_share_4q_avg": 13.27,
            "equity": 1036161,
            "current_ratio": 701.87,
            "debt_ratio": 11.26,
            "inventory_turnover_ratio": 1.91,
            "account_receivable_turnover_ratio": null,
            "reinvestment_rate": -1.03,
            "research_to_sale_ratio": null,
            "price_fair": 9.02,
            "eps_avg_yearly": 3.01,
            "eps_latest_yearly": 0.44,
            "eps_growth_yearly": -78.95
        },
        "20053": {
            "year_quarter": 20053,
            "year": 2005,
            "quarter": 3,
            "eps": 0.12,
            "eps_growth_year": null,
            "eps_4q": -0.21,
            "eps_4q_growth_year": -132.58,
            "roe": 0.94,
            "roe_4q": -1.48,
            "gross_profit": 35237,
            "gross_margin": 5.7,
            "gross_margin_4q_avg": 4.37,
            "net_income": 9610,
            "revenue": 618175,
            "common_shares": 726613,
            "book_valuer_per_share": 13.86,
            "book_valuer_per_share_4q_avg": 13.51,
            "equity": 1006796,
            "current_ratio": 409.74,
            "debt_ratio": 18.71,
            "inventory_turnover_ratio": 2.68,
            "account_receivable_turnover_ratio": null,
            "reinvestment_rate": -2.26,
            "research_to_sale_ratio": null,
            "price_fair": 9.02,
            "eps_avg_yearly": 3.01,
            "eps_latest_yearly": 0.44,
            "eps_growth_yearly": -78.95
        },
        "20054": {
            "year_quarter": 20054,
            "year": 2005,
            "quarter": 4,
            "eps": 0.33,
            "eps_growth_year": null,
            "eps_4q": 0.25,
            "eps_4q_growth_year": 125.56,
            "roe": 2.53,
            "roe_4q": 1.96,
            "gross_profit": 39740,
            "gross_margin": 6.49,
            "gross_margin_4q_avg": 4.91,
            "net_income": 25289,
            "revenue": 611950,
            "common_shares": 686613,
            "book_valuer_per_share": 14.4,
            "book_valuer_per_share_4q_avg": 13.79,
            "equity": 990343,
            "current_ratio": 608.81,
            "debt_ratio": 14.56,
            "inventory_turnover_ratio": 2.39,
            "account_receivable_turnover_ratio": null,
            "reinvestment_rate": -8.89,
            "research_to_sale_ratio": null,
            "price_fair": 8.56,
            "eps_avg_yearly": 2.85,
            "eps_latest_yearly": 1.32,
            "eps_growth_yearly": -8.13
        },
        "20061": {
            "year_quarter": 20061,
            "year": 2006,
            "quarter": 1,
            "eps": -0.06,
            "eps_growth_year": -146.15,
            "eps_4q": 0.09,
            "eps_4q_growth_year": null,
            "roe": -0.38,
            "roe_4q": 0.6699999999999999,
            "gross_profit": 24373,
            "gross_margin": 4.98,
            "gross_margin_4q_avg": 4.95,
            "net_income": -3682,
            "revenue": 489571,
            "common_shares": 666613,
            "book_valuer_per_share": 14.31,
            "book_valuer_per_share_4q_avg": 14.02,
            "equity": 954095,
            "current_ratio": 577.22,
            "debt_ratio": 14.3,
            "inventory_turnover_ratio": 1.88,
            "account_receivable_turnover_ratio": null,
            "reinvestment_rate": -32.64,
            "research_to_sale_ratio": null,
            "price_fair": 7.2,
            "eps_avg_yearly": 2.4,
            "eps_latest_yearly": 1.32,
            "eps_growth_yearly": -2.28
        },
        "20062": {
            "year_quarter": 20062,
            "year": 2006,
            "quarter": 2,
            "eps": -0.52,
            "eps_growth_year": null,
            "eps_4q": -0.03,
            "eps_4q_growth_year": null,
            "roe": -3.66,
            "roe_4q": -0.5700000000000003,
            "gross_profit": 4084,
            "gross_margin": 1.24,
            "gross_margin_4q_avg": 4.6,
            "net_income": -33413,
            "revenue": 328331,
            "common_shares": 646613,
            "book_valuer_per_share": 13.51,
            "book_valuer_per_share_4q_avg": 14.02,
            "equity": 873893,
            "current_ratio": 771.57,
            "debt_ratio": 11.36,
            "inventory_turnover_ratio": 1.58,
            "account_receivable_turnover_ratio": null,
            "reinvestment_rate": -43.7,
            "research_to_sale_ratio": null,
            "price_fair": 59.35,
            "eps_avg_yearly": 2.2,
            "eps_latest_yearly": 1.32,
            "eps_growth_yearly": 16.92
        },
        "20063": {
            "year_quarter": 20063,
            "year": 2006,
            "quarter": 3,
            "eps": -0.49,
            "eps_growth_year": -508.33,
            "eps_4q": -0.71,
            "eps_4q_growth_year": null,
            "roe": -3.8,
            "roe_4q": -5.3100000000000005,
            "gross_profit": -8881,
            "gross_margin": -3.41,
            "gross_margin_4q_avg": 2.33,
            "net_income": -32020,
            "revenue": 260767,
            "common_shares": 616613,
            "book_valuer_per_share": 13.14,
            "book_valuer_per_share_4q_avg": 13.84,
            "equity": 810346,
            "current_ratio": 807.1,
            "debt_ratio": 10.85,
            "inventory_turnover_ratio": 2.24,
            "account_receivable_turnover_ratio": null,
            "reinvestment_rate": -62.08,
            "research_to_sale_ratio": null,
            "price_fair": 70.88,
            "eps_avg_yearly": 2.03,
            "eps_latest_yearly": 1.32,
            "eps_growth_yearly": 25.29
        },
        "20064": {
            "year_quarter": 20064,
            "year": 2006,
            "quarter": 4,
            "eps": -0.37,
            "eps_growth_year": -212.12,
            "eps_4q": -1.5,
            "eps_4q_growth_year": -704.62,
            "roe": -2.92,
            "roe_4q": -10.76,
            "gross_profit": -16567,
            "gross_margin": -8.76,
            "gross_margin_4q_avg": -1.49,
            "net_income": -22833,
            "revenue": 189099,
            "common_shares": 556613,
            "book_valuer_per_share": 13.53,
            "book_valuer_per_share_4q_avg": 13.62,
            "equity": 753236,
            "current_ratio": 1249.86,
            "debt_ratio": 8.1,
            "inventory_turnover_ratio": 3.92,
            "account_receivable_turnover_ratio": null,
            "reinvestment_rate": -174.35,
            "research_to_sale_ratio": null,
            "price_fair": 44.26,
            "eps_avg_yearly": 1.68,
            "eps_latest_yearly": 1.32,
            "eps_growth_yearly": 16.34
        },
        "20071": {
            "year_quarter": 20071,
            "year": 2007,
            "quarter": 1,
            "eps": 0.1,
            "eps_growth_year": null,
            "eps_4q": -1.53,
            "eps_4q_growth_year": -1893.11,
            "roe": 0.74,
            "roe_4q": -9.64,
            "gross_profit": 2772,
            "gross_margin": 1.71,
            "gross_margin_4q_avg": -2.31,
            "net_income": 5426,
            "revenue": 162574,
            "common_shares": 556613,
            "book_valuer_per_share": 12.88,
            "book_valuer_per_share_4q_avg": 13.27,
            "equity": 717164,
            "current_ratio": 1166.88,
            "debt_ratio": 6.74,
            "inventory_turnover_ratio": 12.03,
            "account_receivable_turnover_ratio": null,
            "reinvestment_rate": -311.46,
            "research_to_sale_ratio": null,
            "price_fair": 49.93,
            "eps_avg_yearly": 1.43,
            "eps_latest_yearly": 1.32,
            "eps_growth_yearly": 37.69
        },
        "20072": {
            "year_quarter": 20072,
            "year": 2007,
            "quarter": 2,
            "eps": 0.23,
            "eps_growth_year": null,
            "eps_4q": -0.69,
            "eps_4q_growth_year": null,
            "roe": 1.7,
            "roe_4q": -4.279999999999999,
            "gross_profit": 3078,
            "gross_margin": 1.88,
            "gross_margin_4q_avg": -2.15,
            "net_income": 12357,
            "revenue": 163583,
            "common_shares": 556613,
            "book_valuer_per_share": 13.3,
            "book_valuer_per_share_4q_avg": 13.21,
            "equity": 740533,
            "current_ratio": 1695.49,
            "debt_ratio": 4.89,
            "inventory_turnover_ratio": 15.95,
            "account_receivable_turnover_ratio": null,
            "reinvestment_rate": -513.36,
            "research_to_sale_ratio": null,
            "price_fair": 46.67,
            "eps_avg_yearly": 1.33,
            "eps_latest_yearly": 0.92,
            "eps_growth_yearly": 160.19
        },
        "20073": {
            "year_quarter": 20073,
            "year": 2007,
            "quarter": 3,
            "eps": 0.13,
            "eps_growth_year": null,
            "eps_4q": 0.03,
            "eps_4q_growth_year": null,
            "roe": 0.91,
            "roe_4q": 0.4299999999999997,
            "gross_profit": 6434,
            "gross_margin": 2.19,
            "gross_margin_4q_avg": -0.75,
            "net_income": 6541,
            "revenue": 293143,
            "common_shares": 556613,
            "book_valuer_per_share": 12.64,
            "book_valuer_per_share_4q_avg": 13.09,
            "equity": 703733,
            "current_ratio": 1215.4,
            "debt_ratio": 6.21,
            "inventory_turnover_ratio": 25.31,
            "account_receivable_turnover_ratio": null,
            "reinvestment_rate": null,
            "research_to_sale_ratio": null,
            "price_fair": 36.63,
            "eps_avg_yearly": 1.05,
            "eps_latest_yearly": 0.52,
            "eps_growth_yearly": 96.97
        },
        "20074": {
            "year_quarter": 20074,
            "year": 2007,
            "quarter": 4,
            "eps": 0.2,
            "eps_growth_year": null,
            "eps_4q": 0.67,
            "eps_4q_growth_year": null,
            "roe": 1.47,
            "roe_4q": 4.82,
            "gross_profit": 8319,
            "gross_margin": 3.31,
            "gross_margin_4q_avg": 2.27,
            "net_income": 10382,
            "revenue": 251007,
            "common_shares": 556613,
            "book_valuer_per_share": 12.78,
            "book_valuer_per_share_4q_avg": 12.9,
            "equity": 711150,
            "current_ratio": 701.69,
            "debt_ratio": 12.73,
            "inventory_turnover_ratio": 16.17,
            "account_receivable_turnover_ratio": null,
            "reinvestment_rate": null,
            "research_to_sale_ratio": null,
            "price_fair": 29.87,
            "eps_avg_yearly": 0.85,
            "eps_latest_yearly": 0.8,
            "eps_growth_yearly": 141.2
        },
        "20081": {
            "year_quarter": 20081,
            "year": 2008,
            "quarter": 1,
            "eps": -0.07,
            "eps_growth_year": -170,
            "eps_4q": 0.51,
            "eps_4q_growth_year": null,
            "roe": -0.49,
            "roe_4q": 3.59,
            "gross_profit": 7603,
            "gross_margin": 4.73,
            "gross_margin_4q_avg": 3.03,
            "net_income": -3559,
            "revenue": 160601,
            "common_shares": 556613,
            "book_valuer_per_share": 13.35,
            "book_valuer_per_share_4q_avg": 13.02,
            "equity": 743212,
            "current_ratio": 1763.89,
            "debt_ratio": 5.52,
            "inventory_turnover_ratio": 9.38,
            "account_receivable_turnover_ratio": null,
            "reinvestment_rate": null,
            "research_to_sale_ratio": null,
            "price_fair": 28,
            "eps_avg_yearly": 0.8,
            "eps_latest_yearly": 0.8,
            "eps_growth_yearly": 203.72
        },
        "20082": {
            "year_quarter": 20082,
            "year": 2008,
            "quarter": 2,
            "eps": -0.15,
            "eps_growth_year": -165.22,
            "eps_4q": 0.1,
            "eps_4q_growth_year": null,
            "roe": -1.05,
            "roe_4q": 0.84,
            "gross_profit": 8603,
            "gross_margin": 5.33,
            "gross_margin_4q_avg": 3.89,
            "net_income": -7731,
            "revenue": 161314,
            "common_shares": 556613,
            "book_valuer_per_share": 13.2,
            "book_valuer_per_share_4q_avg": 12.99,
            "equity": 734746,
            "current_ratio": 1821.94,
            "debt_ratio": 5.35,
            "inventory_turnover_ratio": 13.28,
            "account_receivable_turnover_ratio": null,
            "reinvestment_rate": null,
            "research_to_sale_ratio": null,
            "price_fair": 31.15,
            "eps_avg_yearly": 0.89,
            "eps_latest_yearly": 0.8,
            "eps_growth_yearly": 315.37
        },
        "20083": {
            "year_quarter": 20083,
            "year": 2008,
            "quarter": 3,
            "eps": 0.03,
            "eps_growth_year": -76.92,
            "eps_4q": 0.01,
            "eps_4q_growth_year": -63.36,
            "roe": 0.19,
            "roe_4q": 0.11999999999999988,
            "gross_profit": 3993,
            "gross_margin": 4.48,
            "gross_margin_4q_avg": 4.46,
            "net_income": 1423,
            "revenue": 89188,
            "common_shares": 556613,
            "book_valuer_per_share": 13.2,
            "book_valuer_per_share_4q_avg": 13.13,
            "equity": 734919,
            "current_ratio": 1878.71,
            "debt_ratio": 5.14,
            "inventory_turnover_ratio": 8.44,
            "account_receivable_turnover_ratio": null,
            "reinvestment_rate": null,
            "research_to_sale_ratio": null,
            "price_fair": 31.15,
            "eps_avg_yearly": 0.89,
            "eps_latest_yearly": 0.8,
            "eps_growth_yearly": 315.37
        },
        "20084": {
            "year_quarter": 20084,
            "year": 2008,
            "quarter": 4,
            "eps": -1.12,
            "eps_growth_year": -660,
            "eps_4q": -1.31,
            "eps_4q_growth_year": -295.94,
            "roe": -8.44,
            "roe_4q": -9.790000000000001,
            "gross_profit": -5061,
            "gross_margin": -19.9,
            "gross_margin_4q_avg": -1.34,
            "net_income": -58363,
            "revenue": 25428,
            "common_shares": 556613,
            "book_valuer_per_share": 11.64,
            "book_valuer_per_share_4q_avg": 12.85,
            "equity": 647639,
            "current_ratio": 1108.42,
            "debt_ratio": 8.39,
            "inventory_turnover_ratio": 1.94,
            "account_receivable_turnover_ratio": 2.18,
            "reinvestment_rate": null,
            "research_to_sale_ratio": null,
            "price_fair": 31.15,
            "eps_avg_yearly": 0.89,
            "eps_latest_yearly": 0.8,
            "eps_growth_yearly": 315.37
        },
        "20091": {
            "year_quarter": 20091,
            "year": 2009,
            "quarter": 1,
            "eps": 0.05,
            "eps_growth_year": null,
            "eps_4q": -1.14,
            "eps_4q_growth_year": -325.28,
            "roe": 0.42,
            "roe_4q": -8.879999999999999,
            "gross_profit": 7289,
            "gross_margin": 9.55,
            "gross_margin_4q_avg": -0.13,
            "net_income": 2718,
            "revenue": 76293,
            "common_shares": 503923,
            "book_valuer_per_share": 12.87,
            "book_valuer_per_share_4q_avg": 12.73,
            "equity": 648331,
            "current_ratio": 2441.98,
            "debt_ratio": 4.45,
            "inventory_turnover_ratio": 5.34,
            "account_receivable_turnover_ratio": 3,
            "reinvestment_rate": null,
            "research_to_sale_ratio": null,
            "price_fair": 31.15,
            "eps_avg_yearly": 0.89,
            "eps_latest_yearly": 0.8,
            "eps_growth_yearly": 315.37
        },
        "20092": {
            "year_quarter": 20092,
            "year": 2009,
            "quarter": 2,
            "eps": -0.02,
            "eps_growth_year": null,
            "eps_4q": -1.1,
            "eps_4q_growth_year": -1185.93,
            "roe": -0.18,
            "roe_4q": -8.01,
            "gross_profit": 4185,
            "gross_margin": 4.71,
            "gross_margin_4q_avg": -0.29,
            "net_income": -1158,
            "revenue": 88812,
            "common_shares": 503923,
            "book_valuer_per_share": 12.86,
            "book_valuer_per_share_4q_avg": 12.64,
            "equity": 647853,
            "current_ratio": 3217.2,
            "debt_ratio": 3.66,
            "inventory_turnover_ratio": 24.57,
            "account_receivable_turnover_ratio": 3.44,
            "reinvestment_rate": null,
            "research_to_sale_ratio": null,
            "price_fair": 31.15,
            "eps_avg_yearly": 0.89,
            "eps_latest_yearly": 0.8,
            "eps_growth_yearly": 315.37
        },
        "20093": {
            "year_quarter": 20093,
            "year": 2009,
            "quarter": 3,
            "eps": 0.12,
            "eps_growth_year": 300,
            "eps_4q": -1.03,
            "eps_4q_growth_year": -9580.31,
            "roe": 0.91,
            "roe_4q": -7.289999999999999,
            "gross_profit": 3845,
            "gross_margin": 3.88,
            "gross_margin_4q_avg": -0.44,
            "net_income": 5931,
            "revenue": 99184,
            "common_shares": 503923,
            "book_valuer_per_share": 13.02,
            "book_valuer_per_share_4q_avg": 12.6,
            "equity": 656181,
            "current_ratio": 1166.64,
            "debt_ratio": 7.97,
            "inventory_turnover_ratio": 15.32,
            "account_receivable_turnover_ratio": 4.46,
            "reinvestment_rate": null,
            "research_to_sale_ratio": null,
            "price_fair": 31.15,
            "eps_avg_yearly": 0.89,
            "eps_latest_yearly": 0.8,
            "eps_growth_yearly": 315.37
        },
        "20094": {
            "year_quarter": 20094,
            "year": 2009,
            "quarter": 4,
            "eps": -0.09,
            "eps_growth_year": null,
            "eps_4q": 0.06,
            "eps_4q_growth_year": null,
            "roe": -0.71,
            "roe_4q": 0.44000000000000006,
            "gross_profit": 1946,
            "gross_margin": 2.47,
            "gross_margin_4q_avg": 5.15,
            "net_income": -4671,
            "revenue": 78756,
            "common_shares": 503923,
            "book_valuer_per_share": 12.96,
            "book_valuer_per_share_4q_avg": 12.93,
            "equity": 653214,
            "current_ratio": 1915.48,
            "debt_ratio": 5.52,
            "inventory_turnover_ratio": 11.85,
            "account_receivable_turnover_ratio": 7.52,
            "reinvestment_rate": null,
            "research_to_sale_ratio": null,
            "price_fair": 26.13,
            "eps_avg_yearly": 0.75,
            "eps_latest_yearly": 0.8,
            "eps_growth_yearly": 187.16
        },
        "20101": {
            "year_quarter": 20101,
            "year": 2010,
            "quarter": 1,
            "eps": -0.13,
            "eps_growth_year": -360,
            "eps_4q": -0.13,
            "eps_4q_growth_year": null,
            "roe": -0.99,
            "roe_4q": -0.97,
            "gross_profit": 3635,
            "gross_margin": 2.78,
            "gross_margin_4q_avg": 3.46,
            "net_income": -6430,
            "revenue": 130656,
            "common_shares": 503923,
            "book_valuer_per_share": 12.92,
            "book_valuer_per_share_4q_avg": 12.94,
            "equity": 650860,
            "current_ratio": 1425.02,
            "debt_ratio": 6.93,
            "inventory_turnover_ratio": 23.59,
            "account_receivable_turnover_ratio": 6.52,
            "reinvestment_rate": null,
            "research_to_sale_ratio": 0.18,
            "price_fair": 26.13,
            "eps_avg_yearly": 0.75,
            "eps_latest_yearly": 0.8,
            "eps_growth_yearly": 187.16
        },
        "20102": {
            "year_quarter": 20102,
            "year": 2010,
            "quarter": 2,
            "eps": -0.05,
            "eps_growth_year": null,
            "eps_4q": -0.16,
            "eps_4q_growth_year": null,
            "roe": -0.42,
            "roe_4q": -1.21,
            "gross_profit": 1131,
            "gross_margin": 2.8,
            "gross_margin_4q_avg": 2.98,
            "net_income": -2726,
            "revenue": 40369,
            "common_shares": 503923,
            "book_valuer_per_share": 12.75,
            "book_valuer_per_share_4q_avg": 12.91,
            "equity": 642624,
            "current_ratio": 2582.86,
            "debt_ratio": 4.45,
            "inventory_turnover_ratio": 4.11,
            "account_receivable_turnover_ratio": 1.96,
            "reinvestment_rate": null,
            "research_to_sale_ratio": 0.52,
            "price_fair": 26.13,
            "eps_avg_yearly": 0.75,
            "eps_latest_yearly": 0.8,
            "eps_growth_yearly": 187.16
        },
        "20103": {
            "year_quarter": 20103,
            "year": 2010,
            "quarter": 3,
            "eps": -0.11,
            "eps_growth_year": -191.43,
            "eps_4q": -0.38,
            "eps_4q_growth_year": null,
            "roe": -0.86,
            "roe_4q": -2.98,
            "gross_profit": 1853,
            "gross_margin": 4.53,
            "gross_margin_4q_avg": 3.15,
            "net_income": -5529,
            "revenue": 40909,
            "common_shares": 503923,
            "book_valuer_per_share": 12.64,
            "book_valuer_per_share_4q_avg": 12.82,
            "equity": 637095,
            "current_ratio": 3038.21,
            "debt_ratio": 3.93,
            "inventory_turnover_ratio": 3.94,
            "account_receivable_turnover_ratio": 1.83,
            "reinvestment_rate": null,
            "research_to_sale_ratio": 0.55,
            "price_fair": 26.13,
            "eps_avg_yearly": 0.75,
            "eps_latest_yearly": 0.8,
            "eps_growth_yearly": 187.16
        },
        "20104": {
            "year_quarter": 20104,
            "year": 2010,
            "quarter": 4,
            "eps": -0.13,
            "eps_growth_year": null,
            "eps_4q": -0.42,
            "eps_4q_growth_year": -848.69,
            "roe": -1.01,
            "roe_4q": -3.2800000000000002,
            "gross_profit": 20179,
            "gross_margin": 24.86,
            "gross_margin_4q_avg": 8.74,
            "net_income": -6428,
            "revenue": 81169,
            "common_shares": 503923,
            "book_valuer_per_share": 12.5,
            "book_valuer_per_share_4q_avg": 12.7,
            "equity": 629876,
            "current_ratio": 659.96,
            "debt_ratio": 14.26,
            "inventory_turnover_ratio": 2.69,
            "account_receivable_turnover_ratio": 1.88,
            "reinvestment_rate": null,
            "research_to_sale_ratio": 3.61,
            "price_fair": 26.13,
            "eps_avg_yearly": 0.75,
            "eps_latest_yearly": 0.8,
            "eps_growth_yearly": 187.16
        },
        "20111": {
            "year_quarter": 20111,
            "year": 2011,
            "quarter": 1,
            "eps": 0.13,
            "eps_growth_year": null,
            "eps_4q": -0.16,
            "eps_4q_growth_year": null,
            "roe": 1.02,
            "roe_4q": -1.27,
            "gross_profit": 26271,
            "gross_margin": 30.82,
            "gross_margin_4q_avg": 15.75,
            "net_income": 6481,
            "revenue": 85235,
            "common_shares": 503923,
            "book_valuer_per_share": 12.64,
            "book_valuer_per_share_4q_avg": 12.63,
            "equity": 637152,
            "current_ratio": 652.63,
            "debt_ratio": 14.43,
            "inventory_turnover_ratio": 1.38,
            "account_receivable_turnover_ratio": 1.48,
            "reinvestment_rate": null,
            "research_to_sale_ratio": 2.3,
            "price_fair": 26.13,
            "eps_avg_yearly": 0.75,
            "eps_latest_yearly": 0.8,
            "eps_growth_yearly": 187.16
        },
        "20112": {
            "year_quarter": 20112,
            "year": 2011,
            "quarter": 2,
            "eps": -0.16,
            "eps_growth_year": null,
            "eps_4q": -0.27,
            "eps_4q_growth_year": null,
            "roe": -1.26,
            "roe_4q": -2.11,
            "gross_profit": 22916,
            "gross_margin": 25.49,
            "gross_margin_4q_avg": 21.43,
            "net_income": -7997,
            "revenue": 89909,
            "common_shares": 503923,
            "book_valuer_per_share": 12.48,
            "book_valuer_per_share_4q_avg": 12.57,
            "equity": 628902,
            "current_ratio": 712.24,
            "debt_ratio": 13.04,
            "inventory_turnover_ratio": 1.37,
            "account_receivable_turnover_ratio": 1.71,
            "reinvestment_rate": null,
            "research_to_sale_ratio": 3.7,
            "price_fair": 20.29,
            "eps_avg_yearly": 0.66,
            "eps_latest_yearly": 0.8,
            "eps_growth_yearly": 20.74
        },
        "20113": {
            "year_quarter": 20113,
            "year": 2011,
            "quarter": 3,
            "eps": 0.05,
            "eps_growth_year": null,
            "eps_4q": -0.11,
            "eps_4q_growth_year": null,
            "roe": 0.4,
            "roe_4q": -0.85,
            "gross_profit": 21979,
            "gross_margin": 26.38,
            "gross_margin_4q_avg": 26.89,
            "net_income": 2531,
            "revenue": 83318,
            "common_shares": 503923,
            "book_valuer_per_share": 12.58,
            "book_valuer_per_share_4q_avg": 12.55,
            "equity": 633964,
            "current_ratio": 821.81,
            "debt_ratio": 11.32,
            "inventory_turnover_ratio": 1.4,
            "account_receivable_turnover_ratio": 1.5,
            "reinvestment_rate": null,
            "research_to_sale_ratio": 3.47,
            "price_fair": 28,
            "eps_avg_yearly": 0.8,
            "eps_latest_yearly": 0.8,
            "eps_growth_yearly": 215.38
        },
        "20114": {
            "year_quarter": 20114,
            "year": 2011,
            "quarter": 4,
            "eps": 0.01,
            "eps_growth_year": null,
            "eps_4q": 0.03,
            "eps_4q_growth_year": null,
            "roe": 0.09,
            "roe_4q": 0.25,
            "gross_profit": 25764,
            "gross_margin": 26.66,
            "gross_margin_4q_avg": 27.34,
            "net_income": 567,
            "revenue": 96645,
            "common_shares": 503923,
            "book_valuer_per_share": 12.58,
            "book_valuer_per_share_4q_avg": 12.57,
            "equity": 633851,
            "current_ratio": 650.32,
            "debt_ratio": 13.55,
            "inventory_turnover_ratio": 2.12,
            "account_receivable_turnover_ratio": 1.44,
            "reinvestment_rate": null,
            "research_to_sale_ratio": 2.68,
            "price_fair": 0.12,
            "eps_avg_yearly": 0.04,
            "eps_latest_yearly": 0.04,
            "eps_growth_yearly": -320
        },
        "20121": {
            "year_quarter": 20121,
            "year": 2012,
            "quarter": 1,
            "eps": -0.05,
            "eps_growth_year": -138.46,
            "eps_4q": -0.14,
            "eps_4q_growth_year": null,
            "roe": -0.36,
            "roe_4q": -1.13,
            "gross_profit": 24647,
            "gross_margin": 31.03,
            "gross_margin_4q_avg": 27.39,
            "net_income": -2289,
            "revenue": 79442,
            "common_shares": 503923,
            "book_valuer_per_share": 12.51,
            "book_valuer_per_share_4q_avg": 12.54,
            "equity": 630379,
            "current_ratio": 775.78,
            "debt_ratio": 12.13,
            "inventory_turnover_ratio": 2.06,
            "account_receivable_turnover_ratio": 1.26,
            "reinvestment_rate": null,
            "research_to_sale_ratio": 3.65,
            "price_fair": 0.12,
            "eps_avg_yearly": 0.04,
            "eps_latest_yearly": 0.04,
            "eps_growth_yearly": -320
        },
        "20122": {
            "year_quarter": 20122,
            "year": 2012,
            "quarter": 2,
            "eps": 0.01,
            "eps_growth_year": null,
            "eps_4q": 0.03,
            "eps_4q_growth_year": null,
            "roe": 0.1,
            "roe_4q": 0.23,
            "gross_profit": 27181,
            "gross_margin": 29.63,
            "gross_margin_4q_avg": 28.43,
            "net_income": 627,
            "revenue": 91723,
            "common_shares": 503923,
            "book_valuer_per_share": 12.53,
            "book_valuer_per_share_4q_avg": 12.55,
            "equity": 631612,
            "current_ratio": 705.46,
            "debt_ratio": 12.89,
            "inventory_turnover_ratio": 2.64,
            "account_receivable_turnover_ratio": 1.61,
            "reinvestment_rate": null,
            "research_to_sale_ratio": 3.38,
            "price_fair": 0.12,
            "eps_avg_yearly": 0.04,
            "eps_latest_yearly": 0.04,
            "eps_growth_yearly": -320
        },
        "20123": {
            "year_quarter": 20123,
            "year": 2012,
            "quarter": 3,
            "eps": 0.01,
            "eps_growth_year": -78.62,
            "eps_4q": -0.01,
            "eps_4q_growth_year": null,
            "roe": 0.08,
            "roe_4q": -0.09,
            "gross_profit": 29022,
            "gross_margin": 33.27,
            "gross_margin_4q_avg": 30.15,
            "net_income": 534,
            "revenue": 87230,
            "common_shares": 503923,
            "book_valuer_per_share": 12.53,
            "book_valuer_per_share_4q_avg": 12.54,
            "equity": 631622,
            "current_ratio": 617.97,
            "debt_ratio": 12.95,
            "inventory_turnover_ratio": 2.42,
            "account_receivable_turnover_ratio": 1.5,
            "reinvestment_rate": null,
            "research_to_sale_ratio": 3.4,
            "price_fair": 0.12,
            "eps_avg_yearly": 0.04,
            "eps_latest_yearly": 0.04,
            "eps_growth_yearly": -160
        },
        "20124": {
            "year_quarter": 20124,
            "year": 2012,
            "quarter": 4,
            "eps": -0.09,
            "eps_growth_year": -877.93,
            "eps_4q": -0.11,
            "eps_4q_growth_year": -449.68,
            "roe": -0.71,
            "roe_4q": -0.89,
            "gross_profit": 34994,
            "gross_margin": 35.79,
            "gross_margin_4q_avg": 32.43,
            "net_income": -4438,
            "revenue": 97785,
            "common_shares": 503923,
            "book_valuer_per_share": 12.44,
            "book_valuer_per_share_4q_avg": 12.5,
            "equity": 626871,
            "current_ratio": 524.08,
            "debt_ratio": 14.55,
            "inventory_turnover_ratio": 2.79,
            "account_receivable_turnover_ratio": 1.86,
            "reinvestment_rate": null,
            "research_to_sale_ratio": 2.89,
            "price_fair": 0.12,
            "eps_avg_yearly": 0.04,
            "eps_latest_yearly": 0.04,
            "eps_growth_yearly": -160
        },
        "20131": {
            "year_quarter": 20131,
            "year": 2013,
            "quarter": 1,
            "eps": -0.06,
            "eps_growth_year": null,
            "eps_4q": -0.12,
            "eps_4q_growth_year": null,
            "roe": -0.46,
            "roe_4q": -0.9899999999999999,
            "gross_profit": 27724,
            "gross_margin": 37.32,
            "gross_margin_4q_avg": 34,
            "net_income": -2882,
            "revenue": 74281,
            "common_shares": 503923,
            "book_valuer_per_share": 12.36,
            "book_valuer_per_share_4q_avg": 12.47,
            "equity": 623540,
            "current_ratio": 662.2,
            "debt_ratio": 14.05,
            "inventory_turnover_ratio": 2.36,
            "account_receivable_turnover_ratio": 1.53,
            "reinvestment_rate": null,
            "research_to_sale_ratio": 4.02,
            "price_fair": 0.12,
            "eps_avg_yearly": 0.04,
            "eps_latest_yearly": 0.04,
            "eps_growth_yearly": -160
        },
        "20132": {
            "year_quarter": 20132,
            "year": 2013,
            "quarter": 2,
            "eps": 0.09,
            "eps_growth_year": 623.36,
            "eps_4q": -0.05,
            "eps_4q_growth_year": -263.09,
            "roe": 0.7,
            "roe_4q": -0.39,
            "gross_profit": 44761,
            "gross_margin": 21.04,
            "gross_margin_4q_avg": 31.86,
            "net_income": 4401,
            "revenue": 212780,
            "common_shares": 503923,
            "book_valuer_per_share": 12.48,
            "book_valuer_per_share_4q_avg": 12.45,
            "equity": 628653,
            "current_ratio": 287.73,
            "debt_ratio": 25.17,
            "inventory_turnover_ratio": 7.03,
            "account_receivable_turnover_ratio": 1.89,
            "reinvestment_rate": null,
            "research_to_sale_ratio": 1.91,
            "price_fair": 0.12,
            "eps_avg_yearly": 0.04,
            "eps_latest_yearly": 0.04,
            "eps_growth_yearly": -160
        },
        "20133": {
            "year_quarter": 20133,
            "year": 2013,
            "quarter": 3,
            "eps": -0.32,
            "eps_growth_year": -3080.63,
            "eps_4q": -0.37,
            "eps_4q_growth_year": null,
            "roe": -2.58,
            "roe_4q": -3.0500000000000003,
            "gross_profit": 40614,
            "gross_margin": 23.47,
            "gross_margin_4q_avg": 29.41,
            "net_income": -15970,
            "revenue": 173043,
            "common_shares": 503923,
            "book_valuer_per_share": 12.13,
            "book_valuer_per_share_4q_avg": 12.35,
            "equity": 611207,
            "current_ratio": 284.92,
            "debt_ratio": 24.14,
            "inventory_turnover_ratio": 4.32,
            "account_receivable_turnover_ratio": 1.02,
            "reinvestment_rate": null,
            "research_to_sale_ratio": 3.6,
            "price_fair": 0.12,
            "eps_avg_yearly": 0.04,
            "eps_latest_yearly": 0.04,
            "eps_growth_yearly": -160
        },
        "20134": {
            "year_quarter": 20134,
            "year": 2013,
            "quarter": 4,
            "eps": -0.25,
            "eps_growth_year": null,
            "eps_4q": -0.54,
            "eps_4q_growth_year": null,
            "roe": -2.08,
            "roe_4q": -4.42,
            "gross_profit": 43851,
            "gross_margin": 22.1,
            "gross_margin_4q_avg": 25.98,
            "net_income": -12604,
            "revenue": 198404,
            "common_shares": 503923,
            "book_valuer_per_share": 11.9,
            "book_valuer_per_share_4q_avg": 12.22,
            "equity": 599880,
            "current_ratio": 227.07,
            "debt_ratio": 29.91,
            "inventory_turnover_ratio": 5.35,
            "account_receivable_turnover_ratio": 1.16,
            "reinvestment_rate": null,
            "research_to_sale_ratio": 13.46,
            "price_fair": 0.12,
            "eps_avg_yearly": 0.04,
            "eps_latest_yearly": 0.04,
            "eps_growth_yearly": -160
        },
        "20141": {
            "year_quarter": 20141,
            "year": 2014,
            "quarter": 1,
            "eps": -0.32,
            "eps_growth_year": null,
            "eps_4q": -0.8,
            "eps_4q_growth_year": null,
            "roe": -2.72,
            "roe_4q": -6.680000000000001,
            "gross_profit": 40720,
            "gross_margin": 21.37,
            "gross_margin_4q_avg": 22,
            "net_income": -16127,
            "revenue": 190518,
            "common_shares": 503923,
            "book_valuer_per_share": 11.61,
            "book_valuer_per_share_4q_avg": 12.03,
            "equity": 585084,
            "current_ratio": 212.63,
            "debt_ratio": 31.37,
            "inventory_turnover_ratio": 5.08,
            "account_receivable_turnover_ratio": 1.03,
            "reinvestment_rate": null,
            "research_to_sale_ratio": 9.4,
            "price_fair": 0.12,
            "eps_avg_yearly": 0.04,
            "eps_latest_yearly": 0.04,
            "eps_growth_yearly": -160
        },
        "20142": {
            "year_quarter": 20142,
            "year": 2014,
            "quarter": 2,
            "eps": -0.45,
            "eps_growth_year": -600,
            "eps_4q": -1.34,
            "eps_4q_growth_year": null,
            "roe": -3.94,
            "roe_4q": -11.32,
            "gross_profit": 43144,
            "gross_margin": 19.55,
            "gross_margin_4q_avg": 21.62,
            "net_income": -22580,
            "revenue": 220641,
            "common_shares": 503923,
            "book_valuer_per_share": 11.11,
            "book_valuer_per_share_4q_avg": 11.69,
            "equity": 559803,
            "current_ratio": 200.15,
            "debt_ratio": 31.61,
            "inventory_turnover_ratio": 5.7,
            "account_receivable_turnover_ratio": 1.13,
            "reinvestment_rate": null,
            "research_to_sale_ratio": 7.24,
            "price_fair": 0.12,
            "eps_avg_yearly": 0.04,
            "eps_latest_yearly": 0.04,
            "eps_growth_yearly": -160
        },
        "20143": {
            "year_quarter": 20143,
            "year": 2014,
            "quarter": 3,
            "eps": -0.13,
            "eps_growth_year": null,
            "eps_4q": -1.15,
            "eps_4q_growth_year": null,
            "roe": -1.21,
            "roe_4q": -9.950000000000001,
            "gross_profit": 47701,
            "gross_margin": 21.33,
            "gross_margin_4q_avg": 21.09,
            "net_income": -6742,
            "revenue": 223593,
            "common_shares": 503923,
            "book_valuer_per_share": 11.01,
            "book_valuer_per_share_4q_avg": 11.41,
            "equity": 554964,
            "current_ratio": 158.41,
            "debt_ratio": 40.41,
            "inventory_turnover_ratio": 2.81,
            "account_receivable_turnover_ratio": 1.12,
            "reinvestment_rate": null,
            "research_to_sale_ratio": 6.82,
            "price_fair": 0.12,
            "eps_avg_yearly": 0.04,
            "eps_latest_yearly": 0.04,
            "eps_growth_yearly": -160
        },
        "20144": {
            "year_quarter": 20144,
            "year": 2014,
            "quarter": 4,
            "eps": -0.4,
            "eps_growth_year": null,
            "eps_4q": -1.3,
            "eps_4q_growth_year": null,
            "roe": -3.66,
            "roe_4q": -11.530000000000001,
            "gross_profit": 40056,
            "gross_margin": 19.9,
            "gross_margin_4q_avg": 20.54,
            "net_income": -19964,
            "revenue": 201314,
            "common_shares": 503923,
            "book_valuer_per_share": 10.66,
            "book_valuer_per_share_4q_avg": 11.1,
            "equity": 537234,
            "current_ratio": 140.1,
            "debt_ratio": 45.89,
            "inventory_turnover_ratio": 1.49,
            "account_receivable_turnover_ratio": 1.07,
            "reinvestment_rate": null,
            "research_to_sale_ratio": 5.92,
            "price_fair": 0.12,
            "eps_avg_yearly": 0.04,
            "eps_latest_yearly": 0.04,
            "eps_growth_yearly": -160
        },
        "20151": {
            "year_quarter": 20151,
            "year": 2015,
            "quarter": 1,
            "eps": -0.39,
            "eps_growth_year": null,
            "eps_4q": -1.37,
            "eps_4q_growth_year": null,
            "roe": -3.75,
            "roe_4q": -12.56,
            "gross_profit": 34858,
            "gross_margin": 19.82,
            "gross_margin_4q_avg": 20.15,
            "net_income": -19775,
            "revenue": 175838,
            "common_shares": 503923,
            "book_valuer_per_share": 10.25,
            "book_valuer_per_share_4q_avg": 10.76,
            "equity": 516717,
            "current_ratio": 152.17,
            "debt_ratio": 43.83,
            "inventory_turnover_ratio": 1.19,
            "account_receivable_turnover_ratio": 1.04,
            "reinvestment_rate": null,
            "research_to_sale_ratio": 7.92,
            "price_fair": 0.12,
            "eps_avg_yearly": 0.04,
            "eps_latest_yearly": 0.04,
            "eps_growth_yearly": -160
        },
        "20152": {
            "year_quarter": 20152,
            "year": 2015,
            "quarter": 2,
            "eps": -0.34,
            "eps_growth_year": null,
            "eps_4q": -1.26,
            "eps_4q_growth_year": null,
            "roe": -3.34,
            "roe_4q": -11.96,
            "gross_profit": 36037,
            "gross_margin": 20.96,
            "gross_margin_4q_avg": 20.5,
            "net_income": -16944,
            "revenue": 171930,
            "common_shares": 503923,
            "book_valuer_per_share": 9.87,
            "book_valuer_per_share_4q_avg": 10.45,
            "equity": 497249,
            "current_ratio": 153.74,
            "debt_ratio": 46.08,
            "inventory_turnover_ratio": 1.2,
            "account_receivable_turnover_ratio": 1.1,
            "reinvestment_rate": null,
            "research_to_sale_ratio": 8.65,
            "price_fair": 0.12,
            "eps_avg_yearly": 0.04,
            "eps_latest_yearly": 0.04,
            "eps_growth_yearly": -160
        },
        "20153": {
            "year_quarter": 20153,
            "year": 2015,
            "quarter": 3,
            "eps": -0.05,
            "eps_growth_year": null,
            "eps_4q": -1.17,
            "eps_4q_growth_year": null,
            "roe": -0.47,
            "roe_4q": -11.219999999999999,
            "gross_profit": 47388,
            "gross_margin": 23.67,
            "gross_margin_4q_avg": 21.09,
            "net_income": -2344,
            "revenue": 200207,
            "common_shares": 503923,
            "book_valuer_per_share": 9.88,
            "book_valuer_per_share_4q_avg": 10.17,
            "equity": 497710,
            "current_ratio": 150.71,
            "debt_ratio": 47.68,
            "inventory_turnover_ratio": 1.27,
            "account_receivable_turnover_ratio": 1.17,
            "reinvestment_rate": null,
            "research_to_sale_ratio": 6.93,
            "price_fair": 0.12,
            "eps_avg_yearly": 0.04,
            "eps_latest_yearly": 0.04,
            "eps_growth_yearly": -160
        },
        "20154": {
            "year_quarter": 20154,
            "year": 2015,
            "quarter": 4,
            "eps": -0.08,
            "eps_growth_year": null,
            "eps_4q": -0.86,
            "eps_4q_growth_year": null,
            "roe": -0.85,
            "roe_4q": -8.41,
            "gross_profit": 45120,
            "gross_margin": 21.02,
            "gross_margin_4q_avg": 21.37,
            "net_income": -4180,
            "revenue": 214612,
            "common_shares": 503923,
            "book_valuer_per_share": 9.75,
            "book_valuer_per_share_4q_avg": 9.94,
            "equity": 491545,
            "current_ratio": 143.86,
            "debt_ratio": 47.45,
            "inventory_turnover_ratio": 1.5,
            "account_receivable_turnover_ratio": 1.12,
            "reinvestment_rate": null,
            "research_to_sale_ratio": 5.88,
            "price_fair": 0.4,
            "eps_avg_yearly": 0.04,
            "eps_latest_yearly": 0.04,
            "eps_growth_yearly": 0
        },
        "20161": {
            "year_quarter": 20161,
            "year": 2016,
            "quarter": 1,
            "eps": 0.14,
            "eps_growth_year": null,
            "eps_4q": -0.33,
            "eps_4q_growth_year": null,
            "roe": 1.41,
            "roe_4q": -3.25,
            "gross_profit": 61149,
            "gross_margin": 28.95,
            "gross_margin_4q_avg": 23.65,
            "net_income": 6981,
            "revenue": 211249,
            "common_shares": 503923,
            "book_valuer_per_share": 9.89,
            "book_valuer_per_share_4q_avg": 9.85,
            "equity": 498158,
            "current_ratio": 151.8,
            "debt_ratio": 50.49,
            "inventory_turnover_ratio": 1.38,
            "account_receivable_turnover_ratio": 1.09,
            "reinvestment_rate": null,
            "research_to_sale_ratio": 5.72,
            "price_fair": 0.4,
            "eps_avg_yearly": 0.04,
            "eps_latest_yearly": 0.04,
            "eps_growth_yearly": 0
        },
        "20162": {
            "year_quarter": 20162,
            "year": 2016,
            "quarter": 2,
            "eps": -0.07,
            "eps_growth_year": null,
            "eps_4q": -0.06,
            "eps_4q_growth_year": null,
            "roe": -0.73,
            "roe_4q": -0.64,
            "gross_profit": 49270,
            "gross_margin": 25.11,
            "gross_margin_4q_avg": 24.69,
            "net_income": -3617,
            "revenue": 196206,
            "common_shares": 503923,
            "book_valuer_per_share": 9.79,
            "book_valuer_per_share_4q_avg": 9.83,
            "equity": 493113,
            "current_ratio": 157.89,
            "debt_ratio": 48.35,
            "inventory_turnover_ratio": 1.27,
            "account_receivable_turnover_ratio": 1.1,
            "reinvestment_rate": null,
            "research_to_sale_ratio": 6.76,
            "price_fair": 0.4,
            "eps_avg_yearly": 0.04,
            "eps_latest_yearly": 0.04,
            "eps_growth_yearly": 0
        },
        "20163": {
            "year_quarter": 20163,
            "year": 2016,
            "quarter": 3,
            "eps": -0.03,
            "eps_growth_year": null,
            "eps_4q": -0.05,
            "eps_4q_growth_year": null,
            "roe": -0.3,
            "roe_4q": -0.4700000000000001,
            "gross_profit": 51369,
            "gross_margin": 27.21,
            "gross_margin_4q_avg": 25.57,
            "net_income": -1487,
            "revenue": 188784,
            "common_shares": 503923,
            "book_valuer_per_share": 9.72,
            "book_valuer_per_share_4q_avg": 9.79,
            "equity": 489958,
            "current_ratio": 170.5,
            "debt_ratio": 43.98,
            "inventory_turnover_ratio": 1.25,
            "account_receivable_turnover_ratio": 1.29,
            "reinvestment_rate": null,
            "research_to_sale_ratio": 5.36,
            "price_fair": 0,
            "eps_avg_yearly": 0,
            "eps_latest_yearly": 0,
            "eps_growth_yearly": 0
        },
        "20164": {
            "year_quarter": 20164,
            "year": 2016,
            "quarter": 4,
            "eps": 0.06,
            "eps_growth_year": null,
            "eps_4q": 0.1,
            "eps_4q_growth_year": null,
            "roe": 0.65,
            "roe_4q": 1.03,
            "gross_profit": 50466,
            "gross_margin": 32.37,
            "gross_margin_4q_avg": 28.41,
            "net_income": 3178,
            "revenue": 155922,
            "common_shares": 503923,
            "book_valuer_per_share": 9.77,
            "book_valuer_per_share_4q_avg": 9.79,
            "equity": 492125,
            "current_ratio": 162.51,
            "debt_ratio": 44.99,
            "inventory_turnover_ratio": 1.03,
            "account_receivable_turnover_ratio": 1.24,
            "reinvestment_rate": null,
            "research_to_sale_ratio": 6.27,
            "price_fair": 0,
            "eps_avg_yearly": 0,
            "eps_latest_yearly": 0,
            "eps_growth_yearly": 0
        },
        "20171": {
            "year_quarter": 20171,
            "year": 2017,
            "quarter": 1,
            "eps": -0.2,
            "eps_growth_year": -242.86,
            "eps_4q": -0.23,
            "eps_4q_growth_year": null,
            "roe": -2.03,
            "roe_4q": -2.41,
            "gross_profit": 47068,
            "gross_margin": 30.39,
            "gross_margin_4q_avg": 28.77,
            "net_income": -9846,
            "revenue": 154889,
            "common_shares": 503923,
            "book_valuer_per_share": 9.51,
            "book_valuer_per_share_4q_avg": 9.7,
            "equity": 479386,
            "current_ratio": 183.36,
            "debt_ratio": 46.14,
            "inventory_turnover_ratio": 1.08,
            "account_receivable_turnover_ratio": 1.31,
            "reinvestment_rate": null,
            "research_to_sale_ratio": 6.09,
            "price_fair": 0,
            "eps_avg_yearly": 0,
            "eps_latest_yearly": 0,
            "eps_growth_yearly": 0
        },
        "20172": {
            "year_quarter": 20172,
            "year": 2017,
            "quarter": 2,
            "eps": 0.06,
            "eps_growth_year": null,
            "eps_4q": -0.1,
            "eps_4q_growth_year": null,
            "roe": 0.63,
            "roe_4q": -1.0499999999999998,
            "gross_profit": 53806,
            "gross_margin": 30.22,
            "gross_margin_4q_avg": 30.05,
            "net_income": 3019,
            "revenue": 178059,
            "common_shares": 503923,
            "book_valuer_per_share": 9.6,
            "book_valuer_per_share_4q_avg": 9.65,
            "equity": 483525,
            "current_ratio": 192.3,
            "debt_ratio": 45.13,
            "inventory_turnover_ratio": 1.29,
            "account_receivable_turnover_ratio": 1.52,
            "reinvestment_rate": null,
            "research_to_sale_ratio": 5.87,
            "price_fair": 0,
            "eps_avg_yearly": 0,
            "eps_latest_yearly": 0,
            "eps_growth_yearly": 0
        },
        "20173": {
            "year_quarter": 20173,
            "year": 2017,
            "quarter": 3,
            "eps": -0.04,
            "eps_growth_year": null,
            "eps_4q": -0.11,
            "eps_4q_growth_year": null,
            "roe": -0.42,
            "roe_4q": -1.17,
            "gross_profit": 53767,
            "gross_margin": 30.1,
            "gross_margin_4q_avg": 30.77,
            "net_income": -2027,
            "revenue": 178640,
            "common_shares": 503923,
            "book_valuer_per_share": 9.57,
            "book_valuer_per_share_4q_avg": 9.61,
            "equity": 482146,
            "current_ratio": 178.14,
            "debt_ratio": 47.4,
            "inventory_turnover_ratio": 1.3,
            "account_receivable_turnover_ratio": 1.42,
            "reinvestment_rate": null,
            "research_to_sale_ratio": 5.73,
            "price_fair": 0,
            "eps_avg_yearly": 0,
            "eps_latest_yearly": 0,
            "eps_growth_yearly": 0
        },
        "20174": {
            "year_quarter": 20174,
            "year": 2017,
            "quarter": 4,
            "eps": 0.17,
            "eps_growth_year": 173.41,
            "eps_4q": -0,
            "eps_4q_growth_year": -103.26,
            "roe": 1.79,
            "roe_4q": -0.029999999999999805,
            "gross_profit": 59636,
            "gross_margin": 32.03,
            "gross_margin_4q_avg": 30.69,
            "net_income": 8689,
            "revenue": 186162,
            "common_shares": 503923,
            "book_valuer_per_share": 9.73,
            "book_valuer_per_share_4q_avg": 9.6,
            "equity": 490418,
            "current_ratio": 177.16,
            "debt_ratio": 46.97,
            "inventory_turnover_ratio": 1.3,
            "account_receivable_turnover_ratio": 1.44,
            "reinvestment_rate": null,
            "research_to_sale_ratio": 5.41,
            "price_fair": 0,
            "eps_avg_yearly": 0,
            "eps_latest_yearly": 0,
            "eps_growth_yearly": 0
        },
        "20181": {
            "year_quarter": 20181,
            "year": 2018,
            "quarter": 1,
            "eps": -0.3,
            "eps_growth_year": null,
            "eps_4q": -0.11,
            "eps_4q_growth_year": null,
            "roe": -3.12,
            "roe_4q": -1.12,
            "gross_profit": 45823,
            "gross_margin": 27.43,
            "gross_margin_4q_avg": 29.95,
            "net_income": -15093,
            "revenue": 167079,
            "common_shares": 503923,
            "book_valuer_per_share": 9.45,
            "book_valuer_per_share_4q_avg": 9.59,
            "equity": 476347,
            "current_ratio": 158.9,
            "debt_ratio": 47.33,
            "inventory_turnover_ratio": 1.31,
            "account_receivable_turnover_ratio": 1.41,
            "reinvestment_rate": null,
            "research_to_sale_ratio": 6.17,
            "price_fair": 0,
            "eps_avg_yearly": 0,
            "eps_latest_yearly": 0,
            "eps_growth_yearly": 0
        },
        "20182": {
            "year_quarter": 20182,
            "year": 2018,
            "quarter": 2,
            "eps": -0.11,
            "eps_growth_year": -283.33,
            "eps_4q": -0.28,
            "eps_4q_growth_year": null,
            "roe": -1.17,
            "roe_4q": -2.92,
            "gross_profit": 38954,
            "gross_margin": 23.65,
            "gross_margin_4q_avg": 28.3,
            "net_income": -5540,
            "revenue": 164682,
            "common_shares": 503923,
            "book_valuer_per_share": 9.33,
            "book_valuer_per_share_4q_avg": 9.52,
            "equity": 470246,
            "current_ratio": 164.96,
            "debt_ratio": 47.78,
            "inventory_turnover_ratio": 1.25,
            "account_receivable_turnover_ratio": 1.38,
            "reinvestment_rate": null,
            "research_to_sale_ratio": 7.54,
            "price_fair": 0,
            "eps_avg_yearly": 0,
            "eps_latest_yearly": 0,
            "eps_growth_yearly": 0
        },
        "20183": {
            "year_quarter": 20183,
            "year": 2018,
            "quarter": 3,
            "eps": 0.1,
            "eps_growth_year": null,
            "eps_4q": -0.14,
            "eps_4q_growth_year": null,
            "roe": 1.06,
            "roe_4q": -1.44,
            "gross_profit": 55600,
            "gross_margin": 28.96,
            "gross_margin_4q_avg": 28.02,
            "net_income": 5005,
            "revenue": 192020,
            "common_shares": 503923,
            "book_valuer_per_share": 9.39,
            "book_valuer_per_share_4q_avg": 9.48,
            "equity": 473299,
            "current_ratio": 159.47,
            "debt_ratio": 48.88,
            "inventory_turnover_ratio": 1.22,
            "account_receivable_turnover_ratio": 1.41,
            "reinvestment_rate": null,
            "research_to_sale_ratio": 6,
            "price_fair": 0,
            "eps_avg_yearly": 0,
            "eps_latest_yearly": 0,
            "eps_growth_yearly": 0
        },
        "20184": {
            "year_quarter": 20184,
            "year": 2018,
            "quarter": 4,
            "eps": -0.08,
            "eps_growth_year": -147.37,
            "eps_4q": -0.39,
            "eps_4q_growth_year": null,
            "roe": -0.87,
            "roe_4q": -4.1,
            "gross_profit": 46279,
            "gross_margin": 29.85,
            "gross_margin_4q_avg": 27.47,
            "net_income": -4116,
            "revenue": 155022,
            "common_shares": 503923,
            "book_valuer_per_share": 9.29,
            "book_valuer_per_share_4q_avg": 9.37,
            "equity": 468290,
            "current_ratio": 166.6,
            "debt_ratio": 47.09,
            "inventory_turnover_ratio": 1.01,
            "account_receivable_turnover_ratio": 1.22,
            "reinvestment_rate": null,
            "research_to_sale_ratio": 8.24,
            "price_fair": 0,
            "eps_avg_yearly": 0,
            "eps_latest_yearly": 0,
            "eps_growth_yearly": 0
        },
        "20191": {
            "year_quarter": 20191,
            "year": 2019,
            "quarter": 1,
            "eps": 0.15,
            "eps_growth_year": null,
            "eps_4q": 0.11,
            "eps_4q_growth_year": null,
            "roe": 2.2,
            "roe_4q": 1.2200000000000002,
            "gross_profit": 173242,
            "gross_margin": 25.06,
            "gross_margin_4q_avg": 26.88,
            "net_income": 17751,
            "revenue": 691174,
            "common_shares": 1223923,
            "book_valuer_per_share": 9.33,
            "book_valuer_per_share_4q_avg": 9.34,
            "equity": 1142528,
            "current_ratio": 200.6,
            "debt_ratio": 58.01,
            "inventory_turnover_ratio": 2.14,
            "account_receivable_turnover_ratio": 2,
            "reinvestment_rate": null,
            "research_to_sale_ratio": 2.79,
            "price_fair": 0,
            "eps_avg_yearly": 0,
            "eps_latest_yearly": 0,
            "eps_growth_yearly": 0
        },
        "20192": {
            "year_quarter": 20192,
            "year": 2019,
            "quarter": 2,
            "eps": 0.42,
            "eps_growth_year": null,
            "eps_4q": 0.57,
            "eps_4q_growth_year": null,
            "roe": 4.41,
            "roe_4q": 6.800000000000001,
            "gross_profit": 205798,
            "gross_margin": 26.05,
            "gross_margin_4q_avg": 27.48,
            "net_income": 51358,
            "revenue": 790069,
            "common_shares": 1223923,
            "book_valuer_per_share": 9.69,
            "book_valuer_per_share_4q_avg": 9.43,
            "equity": 1185672,
            "current_ratio": 193.36,
            "debt_ratio": 58.22,
            "inventory_turnover_ratio": 1.51,
            "account_receivable_turnover_ratio": 1.32,
            "reinvestment_rate": 1288.28,
            "research_to_sale_ratio": 2.36,
            "price_fair": 58.8,
            "eps_avg_yearly": 1.68,
            "eps_latest_yearly": 1.68,
            "eps_growth_yearly": 720
        },
        "20193": {
            "year_quarter": 20193,
            "year": 2019,
            "quarter": 3,
            "eps": 0.19,
            "eps_growth_year": 90,
            "eps_4q": 0.72,
            "eps_4q_growth_year": null,
            "roe": 1.98,
            "roe_4q": 7.72,
            "gross_profit": 176290,
            "gross_margin": 25.39,
            "gross_margin_4q_avg": 26.59,
            "net_income": 23414,
            "revenue": 694260,
            "common_shares": 1223923,
            "book_valuer_per_share": 9.68,
            "book_valuer_per_share_4q_avg": 9.5,
            "equity": 1184320,
            "current_ratio": 190.05,
            "debt_ratio": 58.13,
            "inventory_turnover_ratio": 1.32,
            "account_receivable_turnover_ratio": 1.22,
            "reinvestment_rate": 882.19,
            "research_to_sale_ratio": 2.57,
            "price_fair": 42.7,
            "eps_avg_yearly": 1.22,
            "eps_latest_yearly": 0.76,
            "eps_growth_yearly": 250.48
        },
        "20194": {
            "year_quarter": 20194,
            "year": 2019,
            "quarter": 4,
            "eps": -0.18,
            "eps_growth_year": null,
            "eps_4q": 0.58,
            "eps_4q_growth_year": null,
            "roe": -1.85,
            "roe_4q": 6.74,
            "gross_profit": 194728,
            "gross_margin": 26.33,
            "gross_margin_4q_avg": 25.71,
            "net_income": -21592,
            "revenue": 739549,
            "common_shares": 1223923,
            "book_valuer_per_share": 9.37,
            "book_valuer_per_share_4q_avg": 9.52,
            "equity": 1146860,
            "current_ratio": 166.94,
            "debt_ratio": 59.52,
            "inventory_turnover_ratio": 1.37,
            "account_receivable_turnover_ratio": 1.39,
            "reinvestment_rate": 1297.97,
            "research_to_sale_ratio": 2.6,
            "price_fair": 42.7,
            "eps_avg_yearly": 1.22,
            "eps_latest_yearly": 0.76,
            "eps_growth_yearly": 250.48
        },
        "20201": {
            "year_quarter": 20201,
            "year": 2020,
            "quarter": 1,
            "eps": 0.01,
            "eps_growth_year": -93.33,
            "eps_4q": 0.45,
            "eps_4q_growth_year": 316.94,
            "roe": 0.13,
            "roe_4q": 4.67,
            "gross_profit": 145551,
            "gross_margin": 24.13,
            "gross_margin_4q_avg": 25.48,
            "net_income": 1439,
            "revenue": 603313,
            "common_shares": 1223923,
            "book_valuer_per_share": 9.32,
            "book_valuer_per_share_4q_avg": 9.52,
            "equity": 1140423,
            "current_ratio": 170.8,
            "debt_ratio": 59.63,
            "inventory_turnover_ratio": 1.15,
            "account_receivable_turnover_ratio": 1.15,
            "reinvestment_rate": 1426.34,
            "research_to_sale_ratio": 2.48,
            "price_fair": 42.7,
            "eps_avg_yearly": 1.22,
            "eps_latest_yearly": 0.76,
            "eps_growth_yearly": 250.48
        },
        "20202": {
            "year_quarter": 20202,
            "year": 2020,
            "quarter": 2,
            "eps": 0.21,
            "eps_growth_year": -50,
            "eps_4q": 0.23,
            "eps_4q_growth_year": -59,
            "roe": 2.22,
            "roe_4q": 2.48,
            "gross_profit": 191431,
            "gross_margin": 27.32,
            "gross_margin_4q_avg": 25.79,
            "net_income": 25438,
            "revenue": 700595,
            "common_shares": 1223923,
            "book_valuer_per_share": 9.45,
            "book_valuer_per_share_4q_avg": 9.46,
            "equity": 1156091,
            "current_ratio": 165.08,
            "debt_ratio": 60.43,
            "inventory_turnover_ratio": 1.3,
            "account_receivable_turnover_ratio": 1.34,
            "reinvestment_rate": 814.44,
            "research_to_sale_ratio": 2.33,
            "price_fair": 38.27,
            "eps_avg_yearly": 1.09,
            "eps_latest_yearly": 0.84,
            "eps_growth_yearly": 2833.65
        },
        "20203": {
            "year_quarter": 20203,
            "year": 2020,
            "quarter": 3,
            "eps": 0.07,
            "eps_growth_year": -63.16,
            "eps_4q": 0.11,
            "eps_4q_growth_year": -84.51,
            "roe": 0.72,
            "roe_4q": 1.2200000000000002,
            "gross_profit": 158186,
            "gross_margin": 24.44,
            "gross_margin_4q_avg": 25.56,
            "net_income": 8408,
            "revenue": 647228,
            "common_shares": 1223923,
            "book_valuer_per_share": 9.61,
            "book_valuer_per_share_4q_avg": 9.44,
            "equity": 1175814,
            "current_ratio": 158.89,
            "debt_ratio": 60.19,
            "inventory_turnover_ratio": 1.27,
            "account_receivable_turnover_ratio": 1.17,
            "reinvestment_rate": 736.05,
            "research_to_sale_ratio": 2.56,
            "price_fair": 31.15,
            "eps_avg_yearly": 0.89,
            "eps_latest_yearly": 0.28,
            "eps_growth_yearly": 2058.57
        },
        "20204": {
            "year_quarter": 20204,
            "year": 2020,
            "quarter": 4,
            "eps": 0.25,
            "eps_growth_year": null,
            "eps_4q": 0.54,
            "eps_4q_growth_year": -6.3,
            "roe": 2.59,
            "roe_4q": 5.659999999999999,
            "gross_profit": 181322,
            "gross_margin": 25.03,
            "gross_margin_4q_avg": 25.23,
            "net_income": 31180,
            "revenue": 724453,
            "common_shares": 1223923,
            "book_valuer_per_share": 10.04,
            "book_valuer_per_share_4q_avg": 9.61,
            "equity": 1229276,
            "current_ratio": 179.74,
            "debt_ratio": 58.69,
            "inventory_turnover_ratio": 1.36,
            "account_receivable_turnover_ratio": 1.32,
            "reinvestment_rate": 533.64,
            "research_to_sale_ratio": 2.97,
            "price_fair": 31.92,
            "eps_avg_yearly": 0.91,
            "eps_latest_yearly": 1,
            "eps_growth_yearly": 1852.57
        },
        "20211": {
            "year_quarter": 20211,
            "year": 2021,
            "quarter": 1,
            "eps": 0.2,
            "eps_growth_year": 1900,
            "eps_4q": 0.73,
            "eps_4q_growth_year": 64.2,
            "roe": 1.99,
            "roe_4q": 7.52,
            "gross_profit": 190205,
            "gross_margin": 25.23,
            "gross_margin_4q_avg": 25.51,
            "net_income": 24656,
            "revenue": 753837,
            "common_shares": 1223923,
            "book_valuer_per_share": 10.21,
            "book_valuer_per_share_4q_avg": 9.83,
            "equity": 1249554,
            "current_ratio": 182.94,
            "debt_ratio": 57.84,
            "inventory_turnover_ratio": 1.33,
            "account_receivable_turnover_ratio": 1.43,
            "reinvestment_rate": 414.48,
            "research_to_sale_ratio": 2.75,
            "price_fair": 31.27,
            "eps_avg_yearly": 0.89,
            "eps_latest_yearly": 0.8,
            "eps_growth_yearly": 1530.48
        },
        "20212": {
            "year_quarter": 20212,
            "year": 2021,
            "quarter": 2,
            "eps": 0.29,
            "eps_growth_year": 38.1,
            "eps_4q": 0.82,
            "eps_4q_growth_year": 249.04,
            "roe": 2.84,
            "roe_4q": 8.14,
            "gross_profit": 217863,
            "gross_margin": 26.41,
            "gross_margin_4q_avg": 25.28,
            "net_income": 35926,
            "revenue": 825008,
            "common_shares": 1223923,
            "book_valuer_per_share": 10.45,
            "book_valuer_per_share_4q_avg": 10.08,
            "equity": 1279552,
            "current_ratio": 181.98,
            "debt_ratio": 58.85,
            "inventory_turnover_ratio": 1.34,
            "account_receivable_turnover_ratio": 1.5,
            "reinvestment_rate": 399.13,
            "research_to_sale_ratio": 2.93,
            "price_fair": 32.6,
            "eps_avg_yearly": 0.93,
            "eps_latest_yearly": 1.16,
            "eps_growth_yearly": 1337.55
        },
        "20213": {
            "year_quarter": 20213,
            "year": 2021,
            "quarter": 3,
            "eps": 0.45,
            "eps_growth_year": 542.86,
            "eps_4q": 1.2,
            "eps_4q_growth_year": 970.05,
            "roe": 4.19,
            "roe_4q": 11.61,
            "gross_profit": 232106,
            "gross_margin": 26.67,
            "gross_margin_4q_avg": 25.84,
            "net_income": 54760,
            "revenue": 870437,
            "common_shares": 1223923,
            "book_valuer_per_share": 10.9,
            "book_valuer_per_share_4q_avg": 10.4,
            "equity": 1333945,
            "current_ratio": 176.48,
            "debt_ratio": 58.92,
            "inventory_turnover_ratio": 1.34,
            "account_receivable_turnover_ratio": 1.47,
            "reinvestment_rate": 313.47,
            "research_to_sale_ratio": 2.67,
            "price_fair": 36.4,
            "eps_avg_yearly": 1.04,
            "eps_latest_yearly": 1.8,
            "eps_growth_yearly": 1197.94
        },
        "20214": {
            "year_quarter": 20214,
            "year": 2021,
            "quarter": 4,
            "eps": 0.29,
            "eps_growth_year": 11.97,
            "eps_4q": 1.23,
            "eps_4q_growth_year": 126.07,
            "roe": 2.51,
            "roe_4q": 11.53,
            "gross_profit": 231588,
            "gross_margin": 25.52,
            "gross_margin_4q_avg": 25.96,
            "net_income": 34913,
            "revenue": 907618,
            "common_shares": 1223923,
            "book_valuer_per_share": 11.85,
            "book_valuer_per_share_4q_avg": 10.85,
            "equity": 1449737,
            "current_ratio": 160.18,
            "debt_ratio": 57.76,
            "inventory_turnover_ratio": 1.36,
            "account_receivable_turnover_ratio": 1.46,
            "reinvestment_rate": 289.43,
            "research_to_sale_ratio": 2.27,
            "price_fair": 36.87,
            "eps_avg_yearly": 1.05,
            "eps_latest_yearly": 1.16,
            "eps_growth_yearly": 1049.04
        },
        "20221": {
            "year_quarter": 20221,
            "year": 2022,
            "quarter": 1,
            "eps": 0.51,
            "eps_growth_year": 155,
            "eps_4q": 1.54,
            "eps_4q_growth_year": 109.77,
            "roe": 4.17,
            "roe_4q": 13.71,
            "gross_profit": 216977,
            "gross_margin": 26.31,
            "gross_margin_4q_avg": 26.23,
            "net_income": 62525,
            "revenue": 824659,
            "common_shares": 1223923,
            "book_valuer_per_share": 12.67,
            "book_valuer_per_share_4q_avg": 11.47,
            "equity": 1550386,
            "current_ratio": 170.22,
            "debt_ratio": 54.95,
            "inventory_turnover_ratio": 1.16,
            "account_receivable_turnover_ratio": 1.37,
            "reinvestment_rate": 229.32,
            "research_to_sale_ratio": 2.5,
            "price_fair": 40.32,
            "eps_avg_yearly": 1.15,
            "eps_latest_yearly": 2.04,
            "eps_growth_yearly": 974.48
        },
        "20222": {
            "year_quarter": 20222,
            "year": 2022,
            "quarter": 2,
            "eps": 0.71,
            "eps_growth_year": 144.83,
            "eps_4q": 1.95,
            "eps_4q_growth_year": 138.75,
            "roe": 5.59,
            "roe_4q": 16.46,
            "gross_profit": 236334,
            "gross_margin": 27.36,
            "gross_margin_4q_avg": 26.47,
            "net_income": 86956,
            "revenue": 863726,
            "common_shares": 1223923,
            "book_valuer_per_share": 12.76,
            "book_valuer_per_share_4q_avg": 12.05,
            "equity": 1561136,
            "current_ratio": 178.64,
            "debt_ratio": 54.53,
            "inventory_turnover_ratio": 1.2,
            "account_receivable_turnover_ratio": 1.49,
            "reinvestment_rate": 177,
            "research_to_sale_ratio": 2.51,
            "price_fair": 45.69,
            "eps_avg_yearly": 1.31,
            "eps_latest_yearly": 2.84,
            "eps_growth_yearly": 900.15
        },
        "20223": {
            "year_quarter": 20223,
            "year": 2022,
            "quarter": 3,
            "eps": 0.53,
            "eps_growth_year": 17.78,
            "eps_4q": 2.03,
            "eps_4q_growth_year": 69.97,
            "roe": 4.04,
            "roe_4q": 16.31,
            "gross_profit": 213305,
            "gross_margin": 28.22,
            "gross_margin_4q_avg": 26.85,
            "net_income": 64647,
            "revenue": 755753,
            "common_shares": 1223923,
            "book_valuer_per_share": 13.42,
            "book_valuer_per_share_4q_avg": 12.68,
            "equity": 1641986,
            "current_ratio": 178.17,
            "debt_ratio": 51.77,
            "inventory_turnover_ratio": 1.02,
            "account_receivable_turnover_ratio": 1.34,
            "reinvestment_rate": 159.09,
            "research_to_sale_ratio": 2.99,
            "price_fair": 48.07,
            "eps_avg_yearly": 1.37,
            "eps_latest_yearly": 2.12,
            "eps_growth_yearly": 816.69
        },
        "20224": {
            "year_quarter": 20224,
            "year": 2022,
            "quarter": 4,
            "eps": -0.3,
            "eps_growth_year": -204.57,
            "eps_4q": 1.45,
            "eps_4q_growth_year": 18.21,
            "roe": -2.23,
            "roe_4q": 11.57,
            "gross_profit": 153478,
            "gross_margin": 24.05,
            "gross_margin_4q_avg": 26.49,
            "net_income": -36509,
            "revenue": 638089,
            "common_shares": 1223923,
            "book_valuer_per_share": 13.39,
            "book_valuer_per_share_4q_avg": 13.06,
            "equity": 1639154,
            "current_ratio": 158.22,
            "debt_ratio": 51.83,
            "inventory_turnover_ratio": 0.92,
            "account_receivable_turnover_ratio": 1.3,
            "reinvestment_rate": 166.54,
            "research_to_sale_ratio": 3.96,
            "price_fair": 48.07,
            "eps_avg_yearly": 1.37,
            "eps_latest_yearly": 2.12,
            "eps_growth_yearly": 816.69
        },
        "20231": {
            "year_quarter": 20231,
            "year": 2023,
            "quarter": 1,
            "eps": 0.01,
            "eps_growth_year": -98.04,
            "eps_4q": 0.95,
            "eps_4q_growth_year": -37.97,
            "roe": 0.1,
            "roe_4q": 7.5,
            "gross_profit": 155991,
            "gross_margin": 26.75,
            "gross_margin_4q_avg": 26.6,
            "net_income": 1594,
            "revenue": 583085,
            "common_shares": 1223923,
            "book_valuer_per_share": 13.88,
            "book_valuer_per_share_4q_avg": 13.36,
            "equity": 1698546,
            "current_ratio": 212.62,
            "debt_ratio": 56.57,
            "inventory_turnover_ratio": 0.84,
            "account_receivable_turnover_ratio": 1.36,
            "reinvestment_rate": 44.04,
            "research_to_sale_ratio": 3.19,
            "price_fair": 48.07,
            "eps_avg_yearly": 1.37,
            "eps_latest_yearly": 2.12,
            "eps_growth_yearly": 816.69
        }
    },
    "months": {
        "2001-06": {
            "month": "2001-06",
            "price": "51.82",
            "revenue": 150049
        },
        "2001-07": {
            "month": "2001-07",
            "price": "43.79",
            "revenue": 180834
        },
        "2001-08": {
            "month": "2001-08",
            "price": "43.34",
            "revenue": 259578
        },
        "2001-09": {
            "month": "2001-09",
            "price": "34.85",
            "revenue": 291960
        },
        "2001-10": {
            "month": "2001-10",
            "price": "34.27",
            "revenue": 434259
        },
        "2001-11": {
            "month": "2001-11",
            "price": "42.30",
            "revenue": 556302
        },
        "2001-12": {
            "month": "2001-12",
            "price": "60.12",
            "revenue": 511331
        },
        "2002-01": {
            "month": "2002-01",
            "price": "64.57",
            "revenue": 300243
        },
        "2002-02": {
            "month": "2002-02",
            "price": "66.12",
            "revenue": 328938
        },
        "2002-03": {
            "month": "2002-03",
            "price": "71.38",
            "revenue": 310101
        },
        "2002-04": {
            "month": "2002-04",
            "price": "70.36",
            "revenue": 368892
        },
        "2002-05": {
            "month": "2002-05",
            "price": "65.52",
            "revenue": 285264
        },
        "2002-06": {
            "month": "2002-06",
            "price": "60.28",
            "revenue": 287700
        },
        "2002-07": {
            "month": "2002-07",
            "price": "54.82",
            "revenue": 270971
        },
        "2002-08": {
            "month": "2002-08",
            "price": "45.81",
            "revenue": 297340
        },
        "2002-09": {
            "month": "2002-09",
            "price": "43.78",
            "revenue": 347912
        },
        "2002-10": {
            "month": "2002-10",
            "price": "41.64",
            "revenue": 419515
        },
        "2002-11": {
            "month": "2002-11",
            "price": "42.95",
            "revenue": 345816
        },
        "2002-12": {
            "month": "2002-12",
            "price": "39.57",
            "revenue": 270884
        },
        "2003-01": {
            "month": "2003-01",
            "price": "38.31",
            "revenue": 335633
        },
        "2003-02": {
            "month": "2003-02",
            "price": "36.24",
            "revenue": 227059
        },
        "2003-03": {
            "month": "2003-03",
            "price": "35.63",
            "revenue": 241039
        },
        "2003-04": {
            "month": "2003-04",
            "price": "33.23",
            "revenue": 230099
        },
        "2003-05": {
            "month": "2003-05",
            "price": "30.40",
            "revenue": 223127
        },
        "2003-06": {
            "month": "2003-06",
            "price": "32.42",
            "revenue": 240880
        },
        "2003-07": {
            "month": "2003-07",
            "price": "28.59",
            "revenue": 350161
        },
        "2003-08": {
            "month": "2003-08",
            "price": "27.15",
            "revenue": 423577
        },
        "2003-09": {
            "month": "2003-09",
            "price": "24.09",
            "revenue": 359525
        },
        "2003-10": {
            "month": "2003-10",
            "price": "22.96",
            "revenue": 376041
        },
        "2003-11": {
            "month": "2003-11",
            "price": "22.89",
            "revenue": 304378
        },
        "2003-12": {
            "month": "2003-12",
            "price": "23.82",
            "revenue": 302057
        },
        "2004-01": {
            "month": "2004-01",
            "price": "23.95",
            "revenue": 277275
        },
        "2004-02": {
            "month": "2004-02",
            "price": "24.84",
            "revenue": 231453
        },
        "2004-03": {
            "month": "2004-03",
            "price": "23.87",
            "revenue": 260373
        },
        "2004-04": {
            "month": "2004-04",
            "price": "22.24",
            "revenue": 260036
        },
        "2004-05": {
            "month": "2004-05",
            "price": "19.32",
            "revenue": 168044
        },
        "2004-06": {
            "month": "2004-06",
            "price": "17.12",
            "revenue": 161320
        },
        "2004-07": {
            "month": "2004-07",
            "price": "11.52",
            "revenue": 177559
        },
        "2004-08": {
            "month": "2004-08",
            "price": "10.37",
            "revenue": 192787
        },
        "2004-09": {
            "month": "2004-09",
            "price": "9.73",
            "revenue": 223829
        },
        "2004-10": {
            "month": "2004-10",
            "price": "9.26",
            "revenue": 274598
        },
        "2004-11": {
            "month": "2004-11",
            "price": "8.88",
            "revenue": 240786
        },
        "2004-12": {
            "month": "2004-12",
            "price": "8.64",
            "revenue": 226886
        },
        "2005-01": {
            "month": "2005-01",
            "price": "7.99",
            "revenue": 256580
        },
        "2005-02": {
            "month": "2005-02",
            "price": "8.27",
            "revenue": 212934
        },
        "2005-03": {
            "month": "2005-03",
            "price": "9.35",
            "revenue": 184179
        },
        "2005-04": {
            "month": "2005-04",
            "price": "8.64",
            "revenue": 225219
        },
        "2005-05": {
            "month": "2005-05",
            "price": "8.19",
            "revenue": 179400
        },
        "2005-06": {
            "month": "2005-06",
            "price": "9.00",
            "revenue": 162038
        },
        "2005-07": {
            "month": "2005-07",
            "price": "9.26",
            "revenue": 176887
        },
        "2005-08": {
            "month": "2005-08",
            "price": "9.18",
            "revenue": 210196
        },
        "2005-09": {
            "month": "2005-09",
            "price": "9.21",
            "revenue": 228946
        },
        "2005-10": {
            "month": "2005-10",
            "price": "9.16",
            "revenue": 209054
        },
        "2005-11": {
            "month": "2005-11",
            "price": "9.04",
            "revenue": 228055
        },
        "2005-12": {
            "month": "2005-12",
            "price": "9.51",
            "revenue": 174841
        },
        "2006-01": {
            "month": "2006-01",
            "price": "9.92",
            "revenue": 231946
        },
        "2006-02": {
            "month": "2006-02",
            "price": "11.06",
            "revenue": 141451
        },
        "2006-03": {
            "month": "2006-03",
            "price": "11.30",
            "revenue": 116173
        },
        "2006-04": {
            "month": "2006-04",
            "price": "10.91",
            "revenue": 124742
        },
        "2006-05": {
            "month": "2006-05",
            "price": "10.28",
            "revenue": 85924
        },
        "2006-06": {
            "month": "2006-06",
            "price": "9.41",
            "revenue": 117666
        },
        "2006-07": {
            "month": "2006-07",
            "price": "9.13",
            "revenue": 106458
        },
        "2006-08": {
            "month": "2006-08",
            "price": "10.06",
            "revenue": 95030
        },
        "2006-09": {
            "month": "2006-09",
            "price": "9.76",
            "revenue": 59279
        },
        "2006-10": {
            "month": "2006-10",
            "price": "9.93",
            "revenue": 92511
        },
        "2006-11": {
            "month": "2006-11",
            "price": "11.25",
            "revenue": 53770
        },
        "2006-12": {
            "month": "2006-12",
            "price": "13.99",
            "revenue": 42821
        },
        "2007-01": {
            "month": "2007-01",
            "price": "15.19",
            "revenue": 47744
        },
        "2007-02": {
            "month": "2007-02",
            "price": "14.66",
            "revenue": 55703
        },
        "2007-03": {
            "month": "2007-03",
            "price": "14.26",
            "revenue": 59127
        },
        "2007-04": {
            "month": "2007-04",
            "price": "15.47",
            "revenue": 61427
        },
        "2007-05": {
            "month": "2007-05",
            "price": "15.27",
            "revenue": 41970
        },
        "2007-06": {
            "month": "2007-06",
            "price": "15.88",
            "revenue": 60186
        },
        "2007-07": {
            "month": "2007-07",
            "price": "18.21",
            "revenue": 113399
        },
        "2007-08": {
            "month": "2007-08",
            "price": "17.37",
            "revenue": 97999
        },
        "2007-09": {
            "month": "2007-09",
            "price": "17.98",
            "revenue": 81746
        },
        "2007-10": {
            "month": "2007-10",
            "price": "16.76",
            "revenue": 87613
        },
        "2007-11": {
            "month": "2007-11",
            "price": "15.03",
            "revenue": 91919
        },
        "2007-12": {
            "month": "2007-12",
            "price": "14.52",
            "revenue": 71475
        },
        "2008-01": {
            "month": "2008-01",
            "price": "13.60",
            "revenue": 35841
        },
        "2008-02": {
            "month": "2008-02",
            "price": "14.66",
            "revenue": 37455
        },
        "2008-03": {
            "month": "2008-03",
            "price": "15.96",
            "revenue": 58604
        },
        "2008-04": {
            "month": "2008-04",
            "price": "15.48",
            "revenue": 58944
        },
        "2008-05": {
            "month": "2008-05",
            "price": "15.30",
            "revenue": 50549
        },
        "2008-06": {
            "month": "2008-06",
            "price": "15.08",
            "revenue": 42171
        },
        "2008-07": {
            "month": "2008-07",
            "price": "14.00",
            "revenue": 12476
        },
        "2008-08": {
            "month": "2008-08",
            "price": "12.95",
            "revenue": 30060
        },
        "2008-09": {
            "month": "2008-09",
            "price": "12.50",
            "revenue": 32319
        },
        "2008-10": {
            "month": "2008-10",
            "price": "11.33",
            "revenue": 7756
        },
        "2008-11": {
            "month": "2008-11",
            "price": "10.22",
            "revenue": 5780
        },
        "2008-12": {
            "month": "2008-12",
            "price": "10.25",
            "revenue": 8678
        },
        "2009-01": {
            "month": "2009-01",
            "price": "12.53",
            "revenue": 10022
        },
        "2009-02": {
            "month": "2009-02",
            "price": "10.54",
            "revenue": 26826
        },
        "2009-03": {
            "month": "2009-03",
            "price": "11.37",
            "revenue": 24539
        },
        "2009-04": {
            "month": "2009-04",
            "price": "12.76",
            "revenue": 17684
        },
        "2009-05": {
            "month": "2009-05",
            "price": "13.01",
            "revenue": 16778
        },
        "2009-06": {
            "month": "2009-06",
            "price": "13.54",
            "revenue": 15929
        },
        "2009-07": {
            "month": "2009-07",
            "price": "14.86",
            "revenue": 13908
        },
        "2009-08": {
            "month": "2009-08",
            "price": "14.12",
            "revenue": 38436
        },
        "2009-09": {
            "month": "2009-09",
            "price": "15.25",
            "revenue": 29501
        },
        "2009-10": {
            "month": "2009-10",
            "price": "16.81",
            "revenue": 32372
        },
        "2009-11": {
            "month": "2009-11",
            "price": "17.16",
            "revenue": 21218
        },
        "2009-12": {
            "month": "2009-12",
            "price": "17.83",
            "revenue": 16779
        },
        "2010-01": {
            "month": "2010-01",
            "price": "24.58",
            "revenue": 13752
        },
        "2010-02": {
            "month": "2010-02",
            "price": "26.71",
            "revenue": 9471
        },
        "2010-03": {
            "month": "2010-03",
            "price": "36.54",
            "revenue": 12336
        },
        "2010-04": {
            "month": "2010-04",
            "price": "32.25",
            "revenue": 13702
        },
        "2010-05": {
            "month": "2010-05",
            "price": "24.85",
            "revenue": 11200
        },
        "2010-06": {
            "month": "2010-06",
            "price": "23.55",
            "revenue": 15467
        },
        "2010-07": {
            "month": "2010-07",
            "price": "27.52",
            "revenue": 15281
        },
        "2010-08": {
            "month": "2010-08",
            "price": "28.12",
            "revenue": 13023
        },
        "2010-09": {
            "month": "2010-09",
            "price": "28.88",
            "revenue": 12605
        },
        "2010-10": {
            "month": "2010-10",
            "price": "30.16",
            "revenue": 10296
        },
        "2010-11": {
            "month": "2010-11",
            "price": "26.85",
            "revenue": 10751
        },
        "2010-12": {
            "month": "2010-12",
            "price": "26.57",
            "revenue": 15723
        },
        "2011-01": {
            "month": "2011-01",
            "price": "26.40",
            "revenue": 9143
        },
        "2011-02": {
            "month": "2011-02",
            "price": "25.90",
            "revenue": 10565
        },
        "2011-03": {
            "month": "2011-03",
            "price": "26.20",
            "revenue": 11514
        },
        "2011-04": {
            "month": "2011-04",
            "price": "25.58",
            "revenue": 10697
        },
        "2011-05": {
            "month": "2011-05",
            "price": "22.26",
            "revenue": 13630
        },
        "2011-06": {
            "month": "2011-06",
            "price": "20.58",
            "revenue": 30808
        },
        "2011-07": {
            "month": "2011-07",
            "price": "21.86",
            "revenue": 25371
        },
        "2011-08": {
            "month": "2011-08",
            "price": "16.11",
            "revenue": 29296
        },
        "2011-09": {
            "month": "2011-09",
            "price": "13.35",
            "revenue": 28438
        },
        "2011-10": {
            "month": "2011-10",
            "price": "13.04",
            "revenue": 25622
        },
        "2011-11": {
            "month": "2011-11",
            "price": "12.24",
            "revenue": 33874
        },
        "2011-12": {
            "month": "2011-12",
            "price": "11.71",
            "revenue": 37189
        },
        "2012-01": {
            "month": "2012-01",
            "price": "11.57",
            "revenue": 21478
        },
        "2012-02": {
            "month": "2012-02",
            "price": "16.72",
            "revenue": 26693
        },
        "2012-03": {
            "month": "2012-03",
            "price": "17.78",
            "revenue": 31586
        },
        "2012-04": {
            "month": "2012-04",
            "price": "14.80",
            "revenue": 31336
        },
        "2012-05": {
            "month": "2012-05",
            "price": "14.82",
            "revenue": 32961
        },
        "2012-06": {
            "month": "2012-06",
            "price": "13.92",
            "revenue": 27138
        },
        "2012-07": {
            "month": "2012-07",
            "price": "13.44",
            "revenue": 24623
        },
        "2012-08": {
            "month": "2012-08",
            "price": "13.70",
            "revenue": 30550
        },
        "2012-09": {
            "month": "2012-09",
            "price": "13.59",
            "revenue": 30264
        },
        "2012-10": {
            "month": "2012-10",
            "price": "12.87",
            "revenue": 30079
        },
        "2012-11": {
            "month": "2012-11",
            "price": "11.75",
            "revenue": 34985
        },
        "2012-12": {
            "month": "2012-12",
            "price": "12.23",
            "revenue": 30696
        },
        "2013-01": {
            "month": "2013-01",
            "price": "12.33",
            "revenue": 23436
        },
        "2013-02": {
            "month": "2013-02",
            "price": "12.18",
            "revenue": 20828
        },
        "2013-03": {
            "month": "2013-03",
            "price": "12.83",
            "revenue": 30178
        },
        "2013-04": {
            "month": "2013-04",
            "price": "13.89",
            "revenue": 87058
        },
        "2013-05": {
            "month": "2013-05",
            "price": "16.33",
            "revenue": 79734
        },
        "2013-06": {
            "month": "2013-06",
            "price": "19.94",
            "revenue": 45976
        },
        "2013-07": {
            "month": "2013-07",
            "price": "17.70",
            "revenue": 56580
        },
        "2013-08": {
            "month": "2013-08",
            "price": "15.27",
            "revenue": 57818
        },
        "2013-09": {
            "month": "2013-09",
            "price": "17.75",
            "revenue": 58341
        },
        "2013-10": {
            "month": "2013-10",
            "price": "18.33",
            "revenue": 52935
        },
        "2013-11": {
            "month": "2013-11",
            "price": "15.67",
            "revenue": 68875
        },
        "2013-12": {
            "month": "2013-12",
            "price": "15.09",
            "revenue": 74762
        },
        "2014-01": {
            "month": "2014-01",
            "price": "15.61",
            "revenue": 64615
        },
        "2014-02": {
            "month": "2014-02",
            "price": "16.91",
            "revenue": 45483
        },
        "2014-03": {
            "month": "2014-03",
            "price": "22.66",
            "revenue": 81719
        },
        "2014-04": {
            "month": "2014-04",
            "price": "27.02",
            "revenue": 72763
        },
        "2014-05": {
            "month": "2014-05",
            "price": "21.43",
            "revenue": 71814
        },
        "2014-06": {
            "month": "2014-06",
            "price": "20.30",
            "revenue": 75005
        },
        "2014-07": {
            "month": "2014-07",
            "price": "19.26",
            "revenue": 72097
        },
        "2014-08": {
            "month": "2014-08",
            "price": "16.35",
            "revenue": 69569
        },
        "2014-09": {
            "month": "2014-09",
            "price": "17.23",
            "revenue": 82292
        },
        "2014-10": {
            "month": "2014-10",
            "price": "16.02",
            "revenue": 61486
        },
        "2014-11": {
            "month": "2014-11",
            "price": "17.46",
            "revenue": 66516
        },
        "2014-12": {
            "month": "2014-12",
            "price": "16.12",
            "revenue": 71766
        },
        "2015-01": {
            "month": "2015-01",
            "price": "15.80",
            "revenue": 75185
        },
        "2015-02": {
            "month": "2015-02",
            "price": "15.83",
            "revenue": 44027
        },
        "2015-03": {
            "month": "2015-03",
            "price": "17.56",
            "revenue": 60521
        },
        "2015-04": {
            "month": "2015-04",
            "price": "15.80",
            "revenue": 58031
        },
        "2015-05": {
            "month": "2015-05",
            "price": "14.08",
            "revenue": 57653
        },
        "2015-06": {
            "month": "2015-06",
            "price": "11.44",
            "revenue": 59213
        },
        "2015-07": {
            "month": "2015-07",
            "price": "11.34",
            "revenue": 70938
        },
        "2015-08": {
            "month": "2015-08",
            "price": "8.69",
            "revenue": 57436
        },
        "2015-09": {
            "month": "2015-09",
            "price": "7.75",
            "revenue": 74028
        },
        "2015-10": {
            "month": "2015-10",
            "price": "8.15",
            "revenue": 60227
        },
        "2015-11": {
            "month": "2015-11",
            "price": "8.05",
            "revenue": 75661
        },
        "2015-12": {
            "month": "2015-12",
            "price": "9.66",
            "revenue": 81272
        },
        "2016-01": {
            "month": "2016-01",
            "price": "9.67",
            "revenue": 90547
        },
        "2016-02": {
            "month": "2016-02",
            "price": "9.42",
            "revenue": 46487
        },
        "2016-03": {
            "month": "2016-03",
            "price": "9.40",
            "revenue": 75630
        },
        "2016-04": {
            "month": "2016-04",
            "price": "8.72",
            "revenue": 67509
        },
        "2016-05": {
            "month": "2016-05",
            "price": "8.54",
            "revenue": 67277
        },
        "2016-06": {
            "month": "2016-06",
            "price": "8.54",
            "revenue": 58755
        },
        "2016-07": {
            "month": "2016-07",
            "price": "9.50",
            "revenue": 67348
        },
        "2016-08": {
            "month": "2016-08",
            "price": "8.89",
            "revenue": 64231
        },
        "2016-09": {
            "month": "2016-09",
            "price": "9.19",
            "revenue": 58937
        },
        "2016-10": {
            "month": "2016-10",
            "price": "9.11",
            "revenue": 49195
        },
        "2016-11": {
            "month": "2016-11",
            "price": "8.95",
            "revenue": 54098
        },
        "2016-12": {
            "month": "2016-12",
            "price": "8.38",
            "revenue": 56127
        },
        "2017-01": {
            "month": "2017-01",
            "price": "8.32",
            "revenue": 61428
        },
        "2017-02": {
            "month": "2017-02",
            "price": "8.85",
            "revenue": 41553
        },
        "2017-03": {
            "month": "2017-03",
            "price": "8.65",
            "revenue": 48757
        },
        "2017-04": {
            "month": "2017-04",
            "price": "8.44",
            "revenue": 72655
        },
        "2017-05": {
            "month": "2017-05",
            "price": "8.19",
            "revenue": 49295
        },
        "2017-06": {
            "month": "2017-06",
            "price": "7.91",
            "revenue": 59098
        },
        "2017-07": {
            "month": "2017-07",
            "price": "7.19",
            "revenue": 40815
        },
        "2017-08": {
            "month": "2017-08",
            "price": "7.20",
            "revenue": 67071
        },
        "2017-09": {
            "month": "2017-09",
            "price": "7.51",
            "revenue": 69087
        },
        "2017-10": {
            "month": "2017-10",
            "price": "7.32",
            "revenue": 62470
        },
        "2017-11": {
            "month": "2017-11",
            "price": "7.27",
            "revenue": 67402
        },
        "2017-12": {
            "month": "2017-12",
            "price": "7.12",
            "revenue": 56837
        },
        "2018-01": {
            "month": "2018-01",
            "price": "7.06",
            "revenue": 72133
        },
        "2018-02": {
            "month": "2018-02",
            "price": "7.17",
            "revenue": 42768
        },
        "2018-03": {
            "month": "2018-03",
            "price": "9.92",
            "revenue": 53532
        },
        "2018-04": {
            "month": "2018-04",
            "price": "9.81",
            "revenue": 50450
        },
        "2018-05": {
            "month": "2018-05",
            "price": "9.92",
            "revenue": 63465
        },
        "2018-06": {
            "month": "2018-06",
            "price": "10.43",
            "revenue": 51977
        },
        "2018-07": {
            "month": "2018-07",
            "price": "9.71",
            "revenue": 64464
        },
        "2018-08": {
            "month": "2018-08",
            "price": "9.34",
            "revenue": 64063
        },
        "2018-09": {
            "month": "2018-09",
            "price": "8.94",
            "revenue": 64539
        },
        "2018-10": {
            "month": "2018-10",
            "price": "8.40",
            "revenue": 48760
        },
        "2018-11": {
            "month": "2018-11",
            "price": "8.88",
            "revenue": 60514
        },
        "2018-12": {
            "month": "2018-12",
            "price": "8.53",
            "revenue": 45985
        },
        "2019-01": {
            "month": "2019-01",
            "price": "14.96",
            "revenue": 254777
        },
        "2019-02": {
            "month": "2019-02",
            "price": "16.89",
            "revenue": 167941
        },
        "2019-03": {
            "month": "2019-03",
            "price": "19.90",
            "revenue": 269207
        },
        "2019-04": {
            "month": "2019-04",
            "price": "24.32",
            "revenue": 264835
        },
        "2019-05": {
            "month": "2019-05",
            "price": "25.18",
            "revenue": 270766
        },
        "2019-06": {
            "month": "2019-06",
            "price": "23.67",
            "revenue": 256428
        },
        "2019-07": {
            "month": "2019-07",
            "price": "21.84",
            "revenue": 246574
        },
        "2019-08": {
            "month": "2019-08",
            "price": "20.63",
            "revenue": 232358
        },
        "2019-09": {
            "month": "2019-09",
            "price": "19.05",
            "revenue": 210494
        },
        "2019-10": {
            "month": "2019-10",
            "price": "17.81",
            "revenue": 247935
        },
        "2019-11": {
            "month": "2019-11",
            "price": "18.04",
            "revenue": 235072
        },
        "2019-12": {
            "month": "2019-12",
            "price": "18.37",
            "revenue": 260143
        },
        "2020-01": {
            "month": "2020-01",
            "price": "17.62",
            "revenue": 166787
        },
        "2020-02": {
            "month": "2020-02",
            "price": "16.42",
            "revenue": 184274
        },
        "2020-03": {
            "month": "2020-03",
            "price": "13.62",
            "revenue": 254186
        },
        "2020-04": {
            "month": "2020-04",
            "price": "14.03",
            "revenue": 250086
        },
        "2020-05": {
            "month": "2020-05",
            "price": "14.84",
            "revenue": 233179
        },
        "2020-06": {
            "month": "2020-06",
            "price": "14.14",
            "revenue": 216380
        },
        "2020-07": {
            "month": "2020-07",
            "price": "16.80",
            "revenue": 205546
        },
        "2020-08": {
            "month": "2020-08",
            "price": "19.10",
            "revenue": 212700
        },
        "2020-09": {
            "month": "2020-09",
            "price": "21.12",
            "revenue": 229906
        },
        "2020-10": {
            "month": "2020-10",
            "price": "20.08",
            "revenue": 225573
        },
        "2020-11": {
            "month": "2020-11",
            "price": "19.41",
            "revenue": 245109
        },
        "2020-12": {
            "month": "2020-12",
            "price": "18.19",
            "revenue": 253951
        },
        "2021-01": {
            "month": "2021-01",
            "price": "16.46",
            "revenue": 279132
        },
        "2021-02": {
            "month": "2021-02",
            "price": "18.12",
            "revenue": 196415
        },
        "2021-03": {
            "month": "2021-03",
            "price": "17.73",
            "revenue": 278405
        },
        "2021-04": {
            "month": "2021-04",
            "price": "18.99",
            "revenue": 265227
        },
        "2021-05": {
            "month": "2021-05",
            "price": "19.38",
            "revenue": 276252
        },
        "2021-06": {
            "month": "2021-06",
            "price": "17.77",
            "revenue": 285149
        },
        "2021-07": {
            "month": "2021-07",
            "price": "18.22",
            "revenue": 292303
        },
        "2021-08": {
            "month": "2021-08",
            "price": "17.64",
            "revenue": 285160
        },
        "2021-09": {
            "month": "2021-09",
            "price": "17.31",
            "revenue": 290529
        },
        "2021-10": {
            "month": "2021-10",
            "price": "16.31",
            "revenue": 276538
        },
        "2021-11": {
            "month": "2021-11",
            "price": "16.82",
            "revenue": 302804
        },
        "2021-12": {
            "month": "2021-12",
            "price": "18.71",
            "revenue": 329585
        },
        "2022-01": {
            "month": "2022-01",
            "price": "19.49",
            "revenue": 286481
        },
        "2022-02": {
            "month": "2022-02",
            "price": "19.84",
            "revenue": 202479
        },
        "2022-03": {
            "month": "2022-03",
            "price": "17.92",
            "revenue": 331985
        },
        "2022-04": {
            "month": "2022-04",
            "price": "18.25",
            "revenue": 275230
        },
        "2022-05": {
            "month": "2022-05",
            "price": "17.96",
            "revenue": 312571
        },
        "2022-06": {
            "month": "2022-06",
            "price": "18.12",
            "revenue": 279154
        },
        "2022-07": {
            "month": "2022-07",
            "price": "17.14",
            "revenue": 276026
        },
        "2022-08": {
            "month": "2022-08",
            "price": "18.42",
            "revenue": 258342
        },
        "2022-09": {
            "month": "2022-09",
            "price": "18.25",
            "revenue": 228622
        },
        "2022-10": {
            "month": "2022-10",
            "price": "17.34",
            "revenue": 244041
        },
        "2022-11": {
            "month": "2022-11",
            "price": "17.78",
            "revenue": 225541
        },
        "2022-12": {
            "month": "2022-12",
            "price": "17.85",
            "revenue": 194222
        },
        "2023-01": {
            "month": "2023-01",
            "price": "17.96",
            "revenue": 155388
        },
        "2023-02": {
            "month": "2023-02",
            "price": "18.20",
            "revenue": 187803
        },
        "2023-03": {
            "month": "2023-03",
            "price": "22.40",
            "revenue": 239176
        },
        "2023-04": {
            "month": "2023-04",
            "price": "22.38",
            "revenue": 225601
        }
    }
}
