{
    "summary": {
        "stock_name": "佶優",
        "stock_id": "5452",
        "category": "其他電子",
        "main_business": "ABS塑膠<br>工程塑膠<br>電子材料",
        "website_url": "http://www.unicgroup.com",
        "ceo": "林日旺",
        "pe_ratio": 53,
        "report_year_from": 2001,
        "report_year_to": 2023,
        "age": 22,
        "eps_negative_percentage": 0,
        "eps_growth_avg": {
            "last_all": 11.46,
            "last_2y": 43.28,
            "last_4y": 65.97,
            "last_8y": 25.42,
            "last_12y": 17.4,
            "last_16y": 13.13,
            "last_20y": 11.46,
            "at_2006_last_3y": -24.1,
            "at_2007_last_3y": -11.62,
            "at_2008_last_3y": -9.61,
            "at_2009_last_3y": -0.74,
            "at_2010_last_3y": 24.42,
            "at_2011_last_3y": 33.78,
            "at_2012_last_3y": 35.08,
            "at_2013_last_3y": -0.64,
            "at_2014_last_3y": -19.23,
            "at_2015_last_3y": -35.79,
            "at_2016_last_3y": -12.17,
            "at_2017_last_3y": -25.27,
            "at_2018_last_3y": -3.39,
            "at_2019_last_3y": 36.19,
            "at_2020_last_3y": 51.19,
            "at_2021_last_3y": 97.62,
            "at_2022_last_3y": 57.46,
            "at_2023_last_3y": 57.46,
            "at_2006_last_all": 0.72,
            "at_2007_last_all": -4.33,
            "at_2008_last_all": -12.23,
            "at_2009_last_all": 1.8,
            "at_2010_last_all": 11.25,
            "at_2011_last_all": 10.92,
            "at_2012_last_all": 4.97,
            "at_2013_last_all": 0.99,
            "at_2014_last_all": 1.87,
            "at_2015_last_all": -2.43,
            "at_2016_last_all": 0.4,
            "at_2017_last_all": -5.58,
            "at_2018_last_all": 0.63,
            "at_2019_last_all": 6.15,
            "at_2020_last_all": 11.09,
            "at_2021_last_all": 15.06,
            "at_2022_last_all": 11.46,
            "at_2023_last_all": 11.46
        },
        "latest_eps": 0.39,
        "latest_price": 20.8,
        "latest_roe": 2.92,
        "latest_gross_margin": 8.92,
        "latest_equity": 2267856,
        "latest_revenue": 1331177,
        "latest_gross_profit": 118779,
        "latest_net_income": 9001,
        "latest_debt_ratio": 42.91,
        "latest_current_ratio": 241.09,
        "latest_account_receivable_turnover_ratio": 0.83,
        "latest_inventory_turnover_ratio": 1.26,
        "latest_reinvestment_rate": -3.26,
        "latest_research_to_sale_ratio": 0.2
    },
    "eps_dividends": {
        "1999": {
            "cash": 1.25,
            "stock": 1.25,
            "eps": 0
        },
        "2000": {
            "cash": 2.9,
            "stock": 2.9,
            "eps": 0
        },
        "2001": {
            "cash": 0,
            "stock": 2.33,
            "eps": 1.42
        },
        "2002": {
            "cash": 0,
            "stock": 1,
            "eps": 9.36
        },
        "2003": {
            "cash": 0.5,
            "stock": 6,
            "eps": 1.92
        },
        "2004": {
            "cash": 0.5,
            "stock": 0.5,
            "eps": 0.62
        },
        "2005": {
            "cash": 0.04,
            "stock": 0.4,
            "eps": 1.02
        },
        "2006": {
            "cash": 0.44,
            "stock": 0.21,
            "eps": 0.88
        },
        "2007": {
            "cash": 0.25,
            "stock": 0.45,
            "eps": 0.62
        },
        "2008": {
            "cash": 0.17,
            "stock": 0.17,
            "eps": 0.25
        },
        "2009": {
            "cash": 0.1,
            "stock": 0.15,
            "eps": 0.61
        },
        "2010": {
            "cash": 0.37,
            "stock": 0.18,
            "eps": 1.14
        },
        "2011": {
            "cash": 0.35,
            "stock": 0.65,
            "eps": 1.23
        },
        "2012": {
            "cash": 0.36,
            "stock": 0.69,
            "eps": 0.56
        },
        "2013": {
            "cash": 0.15,
            "stock": 0.1,
            "eps": 0.32
        },
        "2014": {
            "cash": 0.22,
            "stock": 0,
            "eps": 0.36
        },
        "2015": {
            "cash": 0.15,
            "stock": 0,
            "eps": 0.15
        },
        "2016": {
            "cash": 0.2,
            "stock": 0,
            "eps": 0.21
        },
        "2017": {
            "cash": 0.15,
            "stock": 0,
            "eps": 0.01
        },
        "2018": {
            "cash": 0,
            "stock": 0,
            "eps": 0.09
        },
        "2019": {
            "cash": 0.2,
            "stock": 0,
            "eps": 0.23
        },
        "2020": {
            "cash": 0.22,
            "stock": 0,
            "eps": 0.84
        },
        "2021": {
            "cash": 0.6,
            "stock": 0,
            "eps": 1.6
        },
        "2022": {
            "cash": 0.8,
            "stock": 0,
            "eps": 0.63
        },
        "2023": {
            "cash": 0.5,
            "stock": 0,
            "eps": 0.04
        }
    },
    "dividends": {
        "1999-03-26": {
            "cash": 1.25,
            "stock": 1.25
        },
        "2000-05-30": {
            "cash": 2.9,
            "stock": 2.9
        },
        "2001-04-25": {
            "cash": 0,
            "stock": 2.33
        },
        "2002-05-24": {
            "cash": 0,
            "stock": 1
        },
        "2003-05-09": {
            "cash": 0.5,
            "stock": 6
        },
        "2004-03-19": {
            "cash": 0.5,
            "stock": 0.5
        },
        "2005-04-29": {
            "cash": 0.04,
            "stock": 0.4
        },
        "2006-05-04": {
            "cash": 0.44,
            "stock": 0.21
        },
        "2007-04-20": {
            "cash": 0.25,
            "stock": 0.45
        },
        "2008-04-03": {
            "cash": 0.17,
            "stock": 0.17
        },
        "2009-04-28": {
            "cash": 0.1,
            "stock": 0.15
        },
        "2010-04-29": {
            "cash": 0.37,
            "stock": 0.18
        },
        "2011-06-24": {
            "cash": 0.35,
            "stock": 0.65
        },
        "2012-06-28": {
            "cash": 0.36,
            "stock": 0.69
        },
        "2013-06-25": {
            "cash": 0.15,
            "stock": 0.1
        },
        "2014-11-04": {
            "cash": 0.22,
            "stock": 0
        },
        "2015-09-25": {
            "cash": 0.15,
            "stock": 0
        },
        "2016-09-22": {
            "cash": 0.2,
            "stock": 0
        },
        "2017-09-28": {
            "cash": 0.15,
            "stock": 0
        },
        "2019-09-16": {
            "cash": 0.2,
            "stock": 0
        },
        "2020-09-14": {
            "cash": 0.22,
            "stock": 0
        },
        "2021-09-15": {
            "cash": 0.6,
            "stock": 0
        },
        "2022-09-08": {
            "cash": 0.8,
            "stock": 0
        },
        "2023-07-28": {
            "cash": 0.5,
            "stock": 0
        }
    },
    "prices": {
        "200101": "30.17",
        "200102": "36.49",
        "200103": "39.78",
        "200104": "40.44",
        "200105": "33.42",
        "200106": "30.62",
        "200107": "20.97",
        "200108": "18.07",
        "200109": "13.02",
        "200110": "10.10",
        "200111": "14.94",
        "200112": "29.17",
        "200201": "81.68",
        "200202": "101.96",
        "200203": "109.21",
        "200204": "102.86",
        "200205": "95.14",
        "200206": "93.40",
        "200207": "88.41",
        "200208": "89.34",
        "200209": "87.92",
        "200210": "84.50",
        "200211": "85.38",
        "200212": "85.50",
        "200301": "81.11",
        "200302": "69.78",
        "200303": "58.24",
        "200304": "44.37",
        "200305": "34.69",
        "200306": "43.46",
        "200307": "45.85",
        "200308": "41.30",
        "200309": "36.22",
        "200310": "24.43",
        "200311": "25.89",
        "200312": "24.81",
        "200401": "24.57",
        "200402": "26.98",
        "200403": "24.17",
        "200404": "23.01",
        "200405": "21.52",
        "200406": "21.09",
        "200407": "20.58",
        "200408": "17.46",
        "200409": "17.63",
        "200410": "16.20",
        "200411": "16.15",
        "200412": "16.70",
        "200501": "15.03",
        "200502": "15.13",
        "200503": "16.25",
        "200504": "18.32",
        "200505": "17.95",
        "200506": "17.70",
        "200507": "17.93",
        "200508": "15.87",
        "200509": "13.80",
        "200510": "13.50",
        "200511": "16.20",
        "200512": "17.16",
        "200601": "17.29",
        "200602": "13.67",
        "200603": "12.20",
        "200604": "13.43",
        "200605": "15.22",
        "200606": "12.75",
        "200607": "12.44",
        "200608": "12.02",
        "200609": "11.44",
        "200610": "12.11",
        "200611": "12.38",
        "200612": "14.07",
        "200701": "13.51",
        "200702": "12.80",
        "200703": "13.42",
        "200704": "13.85",
        "200705": "13.16",
        "200706": "14.84",
        "200707": "18.43",
        "200708": "18.18",
        "200709": "17.72",
        "200710": "18.89",
        "200711": "14.56",
        "200712": "13.67",
        "200801": "11.98",
        "200802": "11.58",
        "200803": "12.31",
        "200804": "12.76",
        "200805": "11.80",
        "200806": "10.62",
        "200807": "8.27",
        "200808": "8.26",
        "200809": "6.29",
        "200810": "5.53",
        "200811": "4.70",
        "200812": "4.76",
        "200901": "4.16",
        "200902": "4.28",
        "200903": "5.41",
        "200904": "6.33",
        "200905": "6.51",
        "200906": "6.51",
        "200907": "6.69",
        "200908": "7.02",
        "200909": "8.10",
        "200910": "10.63",
        "200911": "10.12",
        "200912": "15.35",
        "201001": "18.66",
        "201002": "19.51",
        "201003": "21.67",
        "201004": "20.93",
        "201005": "17.85",
        "201006": "17.13",
        "201007": "19.60",
        "201008": "18.96",
        "201009": "18.84",
        "201010": "18.45",
        "201011": "17.14",
        "201012": "17.55",
        "201101": "16.39",
        "201102": "16.26",
        "201103": "15.92",
        "201104": "16.11",
        "201105": "15.69",
        "201106": "15.10",
        "201107": "14.37",
        "201108": "13.27",
        "201109": "13.72",
        "201110": "14.16",
        "201111": "12.57",
        "201112": "12.59",
        "201201": "15.50",
        "201202": "19.41",
        "201203": "20.85",
        "201204": "19.20",
        "201205": "16.52",
        "201206": "17.61",
        "201207": "15.26",
        "201208": "14.64",
        "201209": "15.51",
        "201210": "14.60",
        "201211": "13.15",
        "201212": "13.47",
        "201301": "14.42",
        "201302": "13.88",
        "201303": "13.62",
        "201304": "13.18",
        "201305": "13.41",
        "201306": "13.08",
        "201307": "12.27",
        "201308": "12.50",
        "201309": "11.52",
        "201310": "11.75",
        "201311": "11.09",
        "201312": "11.05",
        "201401": "12.11",
        "201402": "12.41",
        "201403": "12.39",
        "201404": "13.27",
        "201405": "12.50",
        "201406": "12.90",
        "201407": "12.39",
        "201408": "11.37",
        "201409": "12.65",
        "201410": "12.49",
        "201411": "12.52",
        "201412": "12.59",
        "201501": "12.05",
        "201502": "11.53",
        "201503": "11.70",
        "201504": "12.36",
        "201505": "11.10",
        "201506": "9.51",
        "201507": "9.13",
        "201508": "7.62",
        "201509": "7.85",
        "201510": "8.45",
        "201511": "9.39",
        "201512": "9.23",
        "201601": "9.64",
        "201602": "9.59",
        "201603": "12.58",
        "201604": "12.26",
        "201605": "10.86",
        "201606": "11.99",
        "201607": "11.68",
        "201608": "10.65",
        "201609": "10.07",
        "201610": "9.97",
        "201611": "9.77",
        "201612": "9.92",
        "201701": "10.00",
        "201702": "10.00",
        "201703": "10.02",
        "201704": "9.48",
        "201705": "9.38",
        "201706": "9.56",
        "201707": "9.22",
        "201708": "9.15",
        "201709": "9.81",
        "201710": "10.37",
        "201711": "9.80",
        "201712": "9.26",
        "201801": "9.33",
        "201802": "8.76",
        "201803": "9.05",
        "201804": "8.48",
        "201805": "7.96",
        "201806": "8.12",
        "201807": "7.89",
        "201808": "7.32",
        "201809": "6.97",
        "201810": "6.12",
        "201811": "5.81",
        "201812": "5.96",
        "201901": "5.78",
        "201902": "6.06",
        "201903": "6.24",
        "201904": "7.36",
        "201905": "6.99",
        "201906": "6.95",
        "201907": "7.09",
        "201908": "7.03",
        "201909": "7.10",
        "201910": "7.08",
        "201911": "6.94",
        "201912": "7.05",
        "202001": "6.98",
        "202002": "6.52",
        "202003": "5.44",
        "202004": "5.84",
        "202005": "6.25",
        "202006": "6.50",
        "202007": "6.90",
        "202008": "8.23",
        "202009": "9.22",
        "202010": "8.92",
        "202011": "10.32",
        "202012": "11.56",
        "202101": "11.43",
        "202102": "11.95",
        "202103": "21.59",
        "202104": "32.62",
        "202105": "24.65",
        "202106": "28.10",
        "202107": "25.57",
        "202108": "23.85",
        "202109": "22.10",
        "202110": "20.74",
        "202111": "21.14",
        "202112": "21.96",
        "202201": "21.45",
        "202202": "22.36",
        "202203": "21.35",
        "202204": "20.23",
        "202205": "17.87",
        "202206": "16.80",
        "202207": "14.24",
        "202208": "15.19",
        "202209": "14.93",
        "202210": "13.70",
        "202211": "13.90",
        "202212": "14.78",
        "202301": "14.39",
        "202302": "15.17",
        "202303": "20.72",
        "202304": "21.66",
        "202305": "20.71",
        "202306": "20.89"
    },
    "quarters": {
        "20011": {
            "year_quarter": 20011,
            "year": 2001,
            "quarter": 1,
            "eps": 0.28,
            "eps_growth_year": -22.22,
            "eps_4q": 2.67,
            "eps_4q_growth_year": 7.88,
            "roe": 2.17,
            "roe_4q": 2.17,
            "gross_profit": 23753,
            "gross_margin": 3.9,
            "gross_margin_4q_avg": 3.9,
            "net_income": 11945,
            "revenue": 608472,
            "common_shares": 419916,
            "book_valuer_per_share": 13.2,
            "book_valuer_per_share_4q_avg": 13.2,
            "equity": 554456,
            "current_ratio": 122.65,
            "debt_ratio": 70.11,
            "inventory_turnover_ratio": 5.31,
            "account_receivable_turnover_ratio": null,
            "reinvestment_rate": null,
            "research_to_sale_ratio": null,
            "price_fair": 0,
            "eps_avg_yearly": 0,
            "eps_latest_yearly": 0,
            "eps_growth_yearly": 0
        },
        "20012": {
            "year_quarter": 20012,
            "year": 2001,
            "quarter": 2,
            "eps": 0.85,
            "eps_growth_year": -12.37,
            "eps_4q": 2.8,
            "eps_4q_growth_year": -17.87,
            "roe": 6.25,
            "roe_4q": 8.42,
            "gross_profit": 64405,
            "gross_margin": 9.19,
            "gross_margin_4q_avg": 6.55,
            "net_income": 35745,
            "revenue": 701147,
            "common_shares": 419916,
            "book_valuer_per_share": 14.02,
            "book_valuer_per_share_4q_avg": 13.61,
            "equity": 588733,
            "current_ratio": 125.1,
            "debt_ratio": 68.78,
            "inventory_turnover_ratio": 7.52,
            "account_receivable_turnover_ratio": null,
            "reinvestment_rate": null,
            "research_to_sale_ratio": null,
            "price_fair": 0,
            "eps_avg_yearly": 0,
            "eps_latest_yearly": 0,
            "eps_growth_yearly": 0
        },
        "20013": {
            "year_quarter": 20013,
            "year": 2001,
            "quarter": 3,
            "eps": -0.23,
            "eps_growth_year": -140.35,
            "eps_4q": 1.58,
            "eps_4q_growth_year": -39.68,
            "roe": -2.03,
            "roe_4q": 6.390000000000001,
            "gross_profit": 35873,
            "gross_margin": 4.94,
            "gross_margin_4q_avg": 6.01,
            "net_income": -11873,
            "revenue": 726573,
            "common_shares": 519952,
            "book_valuer_per_share": 11.19,
            "book_valuer_per_share_4q_avg": 12.8,
            "equity": 581905,
            "current_ratio": 123.1,
            "debt_ratio": 70.89,
            "inventory_turnover_ratio": 7.45,
            "account_receivable_turnover_ratio": null,
            "reinvestment_rate": null,
            "research_to_sale_ratio": null,
            "price_fair": 0,
            "eps_avg_yearly": 0,
            "eps_latest_yearly": 0,
            "eps_growth_yearly": 0
        },
        "20014": {
            "year_quarter": 20014,
            "year": 2001,
            "quarter": 4,
            "eps": 0.52,
            "eps_growth_year": -52.73,
            "eps_4q": 1.2,
            "eps_4q_growth_year": -55.49,
            "roe": 4.58,
            "roe_4q": 10.97,
            "gross_profit": 73132,
            "gross_margin": 8.46,
            "gross_margin_4q_avg": 6.62,
            "net_income": 27200,
            "revenue": 864349,
            "common_shares": 519952,
            "book_valuer_per_share": 11.66,
            "book_valuer_per_share_4q_avg": 12.52,
            "equity": 606410,
            "current_ratio": 128.55,
            "debt_ratio": 74.76,
            "inventory_turnover_ratio": 6.51,
            "account_receivable_turnover_ratio": null,
            "reinvestment_rate": null,
            "research_to_sale_ratio": null,
            "price_fair": 0,
            "eps_avg_yearly": 0,
            "eps_latest_yearly": 0,
            "eps_growth_yearly": 0
        },
        "20021": {
            "year_quarter": 20021,
            "year": 2002,
            "quarter": 1,
            "eps": 3,
            "eps_growth_year": 971.43,
            "eps_4q": 3.98,
            "eps_4q_growth_year": 49.38,
            "roe": 22.73,
            "roe_4q": 31.53,
            "gross_profit": 187883,
            "gross_margin": 14.67,
            "gross_margin_4q_avg": 9.32,
            "net_income": 156060,
            "revenue": 1280485,
            "common_shares": 519952,
            "book_valuer_per_share": 14.75,
            "book_valuer_per_share_4q_avg": 12.91,
            "equity": 767042,
            "current_ratio": 130.1,
            "debt_ratio": 68.31,
            "inventory_turnover_ratio": 8.7,
            "account_receivable_turnover_ratio": null,
            "reinvestment_rate": null,
            "research_to_sale_ratio": null,
            "price_fair": 420,
            "eps_avg_yearly": 12,
            "eps_latest_yearly": 12,
            "eps_growth_yearly": 1907.69
        },
        "20022": {
            "year_quarter": 20022,
            "year": 2002,
            "quarter": 2,
            "eps": 2.7,
            "eps_growth_year": 217.65,
            "eps_4q": 6,
            "eps_4q_growth_year": 113.92,
            "roe": 16.82,
            "roe_4q": 42.099999999999994,
            "gross_profit": 162635,
            "gross_margin": 12.49,
            "gross_margin_4q_avg": 10.14,
            "net_income": 140228,
            "revenue": 1302575,
            "common_shares": 519952,
            "book_valuer_per_share": 17.32,
            "book_valuer_per_share_4q_avg": 13.73,
            "equity": 900379,
            "current_ratio": 133.34,
            "debt_ratio": 67.16,
            "inventory_turnover_ratio": 14.72,
            "account_receivable_turnover_ratio": null,
            "reinvestment_rate": null,
            "research_to_sale_ratio": null,
            "price_fair": 399,
            "eps_avg_yearly": 11.4,
            "eps_latest_yearly": 10.8,
            "eps_growth_yearly": 933.85
        },
        "20023": {
            "year_quarter": 20023,
            "year": 2002,
            "quarter": 3,
            "eps": 2.52,
            "eps_growth_year": null,
            "eps_4q": 8.16,
            "eps_4q_growth_year": 418.06,
            "roe": 14.81,
            "roe_4q": 58.94,
            "gross_profit": 177698,
            "gross_margin": 13.76,
            "gross_margin_4q_avg": 12.35,
            "net_income": 144410,
            "revenue": 1291854,
            "common_shares": 573019,
            "book_valuer_per_share": 18.31,
            "book_valuer_per_share_4q_avg": 15.51,
            "equity": 1049348,
            "current_ratio": 140.48,
            "debt_ratio": 65.43,
            "inventory_turnover_ratio": 13.22,
            "account_receivable_turnover_ratio": null,
            "reinvestment_rate": null,
            "research_to_sale_ratio": null,
            "price_fair": 383.6,
            "eps_avg_yearly": 10.96,
            "eps_latest_yearly": 10.08,
            "eps_growth_yearly": 613.68
        },
        "20024": {
            "year_quarter": 20024,
            "year": 2002,
            "quarter": 4,
            "eps": 1.14,
            "eps_growth_year": 119.23,
            "eps_4q": 8.82,
            "eps_4q_growth_year": 632.13,
            "roe": 6.05,
            "roe_4q": 60.41,
            "gross_profit": 102523,
            "gross_margin": 7.87,
            "gross_margin_4q_avg": 12.2,
            "net_income": 65414,
            "revenue": 1301944,
            "common_shares": 573019,
            "book_valuer_per_share": 19.44,
            "book_valuer_per_share_4q_avg": 17.46,
            "equity": 1114144,
            "current_ratio": 144.65,
            "debt_ratio": 68.05,
            "inventory_turnover_ratio": 7.64,
            "account_receivable_turnover_ratio": null,
            "reinvestment_rate": 9.08,
            "research_to_sale_ratio": null,
            "price_fair": 327.6,
            "eps_avg_yearly": 9.36,
            "eps_latest_yearly": 4.56,
            "eps_growth_yearly": 405.49
        },
        "20031": {
            "year_quarter": 20031,
            "year": 2003,
            "quarter": 1,
            "eps": 1.38,
            "eps_growth_year": -54,
            "eps_4q": 7.5,
            "eps_4q_growth_year": 88.39,
            "roe": 6.84,
            "roe_4q": 44.52,
            "gross_profit": 126091,
            "gross_margin": 11.95,
            "gross_margin_4q_avg": 11.52,
            "net_income": 78916,
            "revenue": 1055038,
            "common_shares": 573019,
            "book_valuer_per_share": 20.82,
            "book_valuer_per_share_4q_avg": 18.97,
            "equity": 1193060,
            "current_ratio": 154.58,
            "debt_ratio": 57.24,
            "inventory_turnover_ratio": 7.45,
            "account_receivable_turnover_ratio": null,
            "reinvestment_rate": -1.86,
            "research_to_sale_ratio": null,
            "price_fair": 300.72,
            "eps_avg_yearly": 8.59,
            "eps_latest_yearly": 5.52,
            "eps_growth_yearly": 341.24
        },
        "20032": {
            "year_quarter": 20032,
            "year": 2003,
            "quarter": 2,
            "eps": 0.33,
            "eps_growth_year": -87.78,
            "eps_4q": 5.39,
            "eps_4q_growth_year": -10.25,
            "roe": 1.59,
            "roe_4q": 29.29,
            "gross_profit": 37468,
            "gross_margin": 6.2,
            "gross_margin_4q_avg": 9.95,
            "net_income": 18849,
            "revenue": 604047,
            "common_shares": 573019,
            "book_valuer_per_share": 20.56,
            "book_valuer_per_share_4q_avg": 19.78,
            "equity": 1178238,
            "current_ratio": 196.79,
            "debt_ratio": 44.03,
            "inventory_turnover_ratio": 11.96,
            "account_receivable_turnover_ratio": null,
            "reinvestment_rate": -2,
            "research_to_sale_ratio": null,
            "price_fair": 258.3,
            "eps_avg_yearly": 7.38,
            "eps_latest_yearly": 1.32,
            "eps_growth_yearly": 233.64
        },
        "20033": {
            "year_quarter": 20033,
            "year": 2003,
            "quarter": 3,
            "eps": 0.12,
            "eps_growth_year": -95.24,
            "eps_4q": 1.77,
            "eps_4q_growth_year": -78.38,
            "roe": 1.01,
            "roe_4q": 15.489999999999998,
            "gross_profit": 37844,
            "gross_margin": 5.94,
            "gross_margin_4q_avg": 7.99,
            "net_income": 11899,
            "revenue": 637415,
            "common_shares": 973134,
            "book_valuer_per_share": 12.19,
            "book_valuer_per_share_4q_avg": 18.25,
            "equity": 1186291,
            "current_ratio": 191.52,
            "debt_ratio": 43.98,
            "inventory_turnover_ratio": 10.19,
            "account_receivable_turnover_ratio": null,
            "reinvestment_rate": -1.93,
            "research_to_sale_ratio": null,
            "price_fair": 223.8,
            "eps_avg_yearly": 6.39,
            "eps_latest_yearly": 0.48,
            "eps_growth_yearly": 163.9
        },
        "20034": {
            "year_quarter": 20034,
            "year": 2003,
            "quarter": 4,
            "eps": 0.09,
            "eps_growth_year": -92.11,
            "eps_4q": 1.25,
            "eps_4q_growth_year": -85.85,
            "roe": 0.72,
            "roe_4q": 10.16,
            "gross_profit": 27927,
            "gross_margin": 2.95,
            "gross_margin_4q_avg": 6.76,
            "net_income": 8523,
            "revenue": 945559,
            "common_shares": 973134,
            "book_valuer_per_share": 12.29,
            "book_valuer_per_share_4q_avg": 16.47,
            "equity": 1195576,
            "current_ratio": 170.6,
            "debt_ratio": 55.68,
            "inventory_turnover_ratio": 7.24,
            "account_receivable_turnover_ratio": null,
            "reinvestment_rate": 8.14,
            "research_to_sale_ratio": null,
            "price_fair": 197.4,
            "eps_avg_yearly": 5.64,
            "eps_latest_yearly": 0.36,
            "eps_growth_yearly": 130.91
        },
        "20041": {
            "year_quarter": 20041,
            "year": 2004,
            "quarter": 1,
            "eps": 0.22,
            "eps_growth_year": -84.06,
            "eps_4q": 0.63,
            "eps_4q_growth_year": -91.58,
            "roe": 1.75,
            "roe_4q": 5.069999999999999,
            "gross_profit": 37022,
            "gross_margin": 4.14,
            "gross_margin_4q_avg": 4.81,
            "net_income": 20997,
            "revenue": 894230,
            "common_shares": 973134,
            "book_valuer_per_share": 12.44,
            "book_valuer_per_share_4q_avg": 14.37,
            "equity": 1210369,
            "current_ratio": 164.6,
            "debt_ratio": 50.87,
            "inventory_turnover_ratio": 5.95,
            "account_receivable_turnover_ratio": null,
            "reinvestment_rate": -1.2,
            "research_to_sale_ratio": null,
            "price_fair": 178.89,
            "eps_avg_yearly": 5.11,
            "eps_latest_yearly": 0.88,
            "eps_growth_yearly": 180.56
        },
        "20042": {
            "year_quarter": 20042,
            "year": 2004,
            "quarter": 2,
            "eps": 0.16,
            "eps_growth_year": -51.52,
            "eps_4q": 0.57,
            "eps_4q_growth_year": -89.41,
            "roe": 1.4,
            "roe_4q": 4.88,
            "gross_profit": 58173,
            "gross_margin": 4.44,
            "gross_margin_4q_avg": 4.37,
            "net_income": 16153,
            "revenue": 1311226,
            "common_shares": 1036501,
            "book_valuer_per_share": 10.56,
            "book_valuer_per_share_4q_avg": 11.87,
            "equity": 1094908,
            "current_ratio": 134.89,
            "debt_ratio": 73.61,
            "inventory_turnover_ratio": 7.56,
            "account_receivable_turnover_ratio": null,
            "reinvestment_rate": -1.14,
            "research_to_sale_ratio": null,
            "price_fair": 163.24,
            "eps_avg_yearly": 4.66,
            "eps_latest_yearly": 0.64,
            "eps_growth_yearly": 151.6
        },
        "20043": {
            "year_quarter": 20043,
            "year": 2004,
            "quarter": 3,
            "eps": 0.2,
            "eps_growth_year": 66.67,
            "eps_4q": 0.64,
            "eps_4q_growth_year": -63.85,
            "roe": 1.89,
            "roe_4q": 5.76,
            "gross_profit": 60308,
            "gross_margin": 4.19,
            "gross_margin_4q_avg": 3.93,
            "net_income": 20840,
            "revenue": 1438373,
            "common_shares": 1036501,
            "book_valuer_per_share": 10.73,
            "book_valuer_per_share_4q_avg": 11.51,
            "equity": 1112569,
            "current_ratio": 129.46,
            "debt_ratio": 75.18,
            "inventory_turnover_ratio": 7.27,
            "account_receivable_turnover_ratio": null,
            "reinvestment_rate": -1.11,
            "research_to_sale_ratio": null,
            "price_fair": 150.95,
            "eps_avg_yearly": 4.31,
            "eps_latest_yearly": 0.8,
            "eps_growth_yearly": 146.91
        },
        "20044": {
            "year_quarter": 20044,
            "year": 2004,
            "quarter": 4,
            "eps": 0.04,
            "eps_growth_year": -55.56,
            "eps_4q": 0.56,
            "eps_4q_growth_year": -55.24,
            "roe": 0.37,
            "roe_4q": 5.41,
            "gross_profit": 93189,
            "gross_margin": 7.66,
            "gross_margin_4q_avg": 5.11,
            "net_income": 4473,
            "revenue": 1216367,
            "common_shares": 1095397,
            "book_valuer_per_share": 10.99,
            "book_valuer_per_share_4q_avg": 11.18,
            "equity": 1274406,
            "current_ratio": 164.37,
            "debt_ratio": 63.63,
            "inventory_turnover_ratio": 6.71,
            "account_receivable_turnover_ratio": null,
            "reinvestment_rate": 3.95,
            "research_to_sale_ratio": null,
            "price_fair": 138.83,
            "eps_avg_yearly": 3.97,
            "eps_latest_yearly": 0.16,
            "eps_growth_yearly": 108
        },
        "20051": {
            "year_quarter": 20051,
            "year": 2005,
            "quarter": 1,
            "eps": 0.16,
            "eps_growth_year": -27.27,
            "eps_4q": 0.55,
            "eps_4q_growth_year": -13.69,
            "roe": 1.38,
            "roe_4q": 5.039999999999999,
            "gross_profit": 49527,
            "gross_margin": 5.2,
            "gross_margin_4q_avg": 5.37,
            "net_income": 17232,
            "revenue": 953041,
            "common_shares": 1036501,
            "book_valuer_per_share": 11.75,
            "book_valuer_per_share_4q_avg": 11.01,
            "equity": 1218068,
            "current_ratio": 153.74,
            "debt_ratio": 62.35,
            "inventory_turnover_ratio": 7.4,
            "account_receivable_turnover_ratio": null,
            "reinvestment_rate": -1.52,
            "research_to_sale_ratio": null,
            "price_fair": 129.88,
            "eps_avg_yearly": 3.71,
            "eps_latest_yearly": 0.64,
            "eps_growth_yearly": 192
        },
        "20052": {
            "year_quarter": 20052,
            "year": 2005,
            "quarter": 2,
            "eps": 0.22,
            "eps_growth_year": 37.5,
            "eps_4q": 0.61,
            "eps_4q_growth_year": 6.92,
            "roe": 1.92,
            "roe_4q": 5.56,
            "gross_profit": 63310,
            "gross_margin": 6.86,
            "gross_margin_4q_avg": 5.98,
            "net_income": 24015,
            "revenue": 922893,
            "common_shares": 1095397,
            "book_valuer_per_share": 11.76,
            "book_valuer_per_share_4q_avg": 11.31,
            "equity": 1288374,
            "current_ratio": 164.32,
            "debt_ratio": 58.67,
            "inventory_turnover_ratio": 20.23,
            "account_receivable_turnover_ratio": null,
            "reinvestment_rate": -4.21,
            "research_to_sale_ratio": null,
            "price_fair": 122.8,
            "eps_avg_yearly": 3.51,
            "eps_latest_yearly": 0.88,
            "eps_growth_yearly": 189
        },
        "20053": {
            "year_quarter": 20053,
            "year": 2005,
            "quarter": 3,
            "eps": 0.46,
            "eps_growth_year": 130,
            "eps_4q": 0.87,
            "eps_4q_growth_year": 36.45,
            "roe": 3.82,
            "roe_4q": 7.49,
            "gross_profit": 67100,
            "gross_margin": 6.35,
            "gross_margin_4q_avg": 6.52,
            "net_income": 51175,
            "revenue": 1056408,
            "common_shares": 1176928,
            "book_valuer_per_share": 11.8,
            "book_valuer_per_share_4q_avg": 11.58,
            "equity": 1389170,
            "current_ratio": 153.32,
            "debt_ratio": 59.76,
            "inventory_turnover_ratio": 27.75,
            "account_receivable_turnover_ratio": null,
            "reinvestment_rate": -4.8,
            "research_to_sale_ratio": null,
            "price_fair": 118.91,
            "eps_avg_yearly": 3.4,
            "eps_latest_yearly": 1.84,
            "eps_growth_yearly": 205.49
        },
        "20054": {
            "year_quarter": 20054,
            "year": 2005,
            "quarter": 4,
            "eps": 0.18,
            "eps_growth_year": 350,
            "eps_4q": 1.01,
            "eps_4q_growth_year": 81.68,
            "roe": 1.38,
            "roe_4q": 8.5,
            "gross_profit": 80674,
            "gross_margin": 6.86,
            "gross_margin_4q_avg": 6.32,
            "net_income": 19928,
            "revenue": 1175700,
            "common_shares": 1200440,
            "book_valuer_per_share": 11.81,
            "book_valuer_per_share_4q_avg": 11.78,
            "equity": 1499175,
            "current_ratio": 155.1,
            "debt_ratio": 59.74,
            "inventory_turnover_ratio": 9.34,
            "account_receivable_turnover_ratio": null,
            "reinvestment_rate": 8.95,
            "research_to_sale_ratio": null,
            "price_fair": 113.05,
            "eps_avg_yearly": 3.23,
            "eps_latest_yearly": 0.72,
            "eps_growth_yearly": 177.43
        },
        "20061": {
            "year_quarter": 20061,
            "year": 2006,
            "quarter": 1,
            "eps": 0.16,
            "eps_growth_year": 0,
            "eps_4q": 0.95,
            "eps_4q_growth_year": 73.4,
            "roe": 1.28,
            "roe_4q": 8.4,
            "gross_profit": 68412,
            "gross_margin": 6.59,
            "gross_margin_4q_avg": 6.67,
            "net_income": 19386,
            "revenue": 1038351,
            "common_shares": 1262008,
            "book_valuer_per_share": 12.2,
            "book_valuer_per_share_4q_avg": 11.89,
            "equity": 1539359,
            "current_ratio": 171.25,
            "debt_ratio": 48.13,
            "inventory_turnover_ratio": 8.75,
            "account_receivable_turnover_ratio": null,
            "reinvestment_rate": -5.69,
            "research_to_sale_ratio": null,
            "price_fair": 88.2,
            "eps_avg_yearly": 2.52,
            "eps_latest_yearly": 0.64,
            "eps_growth_yearly": 55.42
        },
        "20062": {
            "year_quarter": 20062,
            "year": 2006,
            "quarter": 2,
            "eps": 0.22,
            "eps_growth_year": 0,
            "eps_4q": 0.97,
            "eps_4q_growth_year": 58.63,
            "roe": 1.75,
            "roe_4q": 8.23,
            "gross_profit": 54348,
            "gross_margin": 5.19,
            "gross_margin_4q_avg": 6.25,
            "net_income": 26641,
            "revenue": 1046951,
            "common_shares": 1262008,
            "book_valuer_per_share": 11.98,
            "book_valuer_per_share_4q_avg": 11.95,
            "equity": 1512003,
            "current_ratio": 157.36,
            "debt_ratio": 51.03,
            "inventory_turnover_ratio": 14.53,
            "account_receivable_turnover_ratio": null,
            "reinvestment_rate": -6.94,
            "research_to_sale_ratio": null,
            "price_fair": 66.5,
            "eps_avg_yearly": 1.9,
            "eps_latest_yearly": 0.88,
            "eps_growth_yearly": 67.3
        },
        "20063": {
            "year_quarter": 20063,
            "year": 2006,
            "quarter": 3,
            "eps": 0.37,
            "eps_growth_year": -19.57,
            "eps_4q": 0.9,
            "eps_4q_growth_year": 3.77,
            "roe": 2.97,
            "roe_4q": 7.380000000000001,
            "gross_profit": 59262,
            "gross_margin": 5.42,
            "gross_margin_4q_avg": 6.02,
            "net_income": 45714,
            "revenue": 1093687,
            "common_shares": 1300056,
            "book_valuer_per_share": 12.02,
            "book_valuer_per_share_4q_avg": 12,
            "equity": 1563086,
            "current_ratio": 160.68,
            "debt_ratio": 49.87,
            "inventory_turnover_ratio": 9.94,
            "account_receivable_turnover_ratio": null,
            "reinvestment_rate": -8.41,
            "research_to_sale_ratio": null,
            "price_fair": 47.69,
            "eps_avg_yearly": 1.36,
            "eps_latest_yearly": 1.48,
            "eps_growth_yearly": 86.01
        },
        "20064": {
            "year_quarter": 20064,
            "year": 2006,
            "quarter": 4,
            "eps": 0.13,
            "eps_growth_year": -27.78,
            "eps_4q": 0.86,
            "eps_4q_growth_year": -15.26,
            "roe": 1,
            "roe_4q": 7.000000000000001,
            "gross_profit": 58519,
            "gross_margin": 6.18,
            "gross_margin_4q_avg": 5.85,
            "net_income": 16339,
            "revenue": 946758,
            "common_shares": 1300056,
            "book_valuer_per_share": 12.2,
            "book_valuer_per_share_4q_avg": 12.1,
            "equity": 1692107,
            "current_ratio": 174.11,
            "debt_ratio": 52.95,
            "inventory_turnover_ratio": 5.42,
            "account_receivable_turnover_ratio": null,
            "reinvestment_rate": 22.2,
            "research_to_sale_ratio": null,
            "price_fair": 38.85,
            "eps_avg_yearly": 1.11,
            "eps_latest_yearly": 0.52,
            "eps_growth_yearly": 83.48
        },
        "20071": {
            "year_quarter": 20071,
            "year": 2007,
            "quarter": 1,
            "eps": 0.1,
            "eps_growth_year": -37.5,
            "eps_4q": 0.82,
            "eps_4q_growth_year": -13.57,
            "roe": 0.75,
            "roe_4q": 6.470000000000001,
            "gross_profit": 31857,
            "gross_margin": 3.68,
            "gross_margin_4q_avg": 5.12,
            "net_income": 12374,
            "revenue": 865177,
            "common_shares": 1300056,
            "book_valuer_per_share": 12.43,
            "book_valuer_per_share_4q_avg": 12.16,
            "equity": 1615819,
            "current_ratio": 157.09,
            "debt_ratio": 47.77,
            "inventory_turnover_ratio": 5.36,
            "account_receivable_turnover_ratio": null,
            "reinvestment_rate": -3.54,
            "research_to_sale_ratio": null,
            "price_fair": 27.65,
            "eps_avg_yearly": 0.79,
            "eps_latest_yearly": 0.4,
            "eps_growth_yearly": 72.45
        },
        "20072": {
            "year_quarter": 20072,
            "year": 2007,
            "quarter": 2,
            "eps": 0.14,
            "eps_growth_year": -36.36,
            "eps_4q": 0.71,
            "eps_4q_growth_year": -26.24,
            "roe": 1.13,
            "roe_4q": 5.85,
            "gross_profit": 89163,
            "gross_margin": 6.52,
            "gross_margin_4q_avg": 5.45,
            "net_income": 18169,
            "revenue": 1367959,
            "common_shares": 1300056,
            "book_valuer_per_share": 12.31,
            "book_valuer_per_share_4q_avg": 12.24,
            "equity": 1600801,
            "current_ratio": 145.76,
            "debt_ratio": 52.57,
            "inventory_turnover_ratio": 9.71,
            "account_receivable_turnover_ratio": null,
            "reinvestment_rate": -3.44,
            "research_to_sale_ratio": null,
            "price_fair": 25.99,
            "eps_avg_yearly": 0.74,
            "eps_latest_yearly": 0.56,
            "eps_growth_yearly": 101.47
        },
        "20073": {
            "year_quarter": 20073,
            "year": 2007,
            "quarter": 3,
            "eps": 0.18,
            "eps_growth_year": -51.35,
            "eps_4q": 0.53,
            "eps_4q_growth_year": -41.72,
            "roe": 1.51,
            "roe_4q": 4.39,
            "gross_profit": 34330,
            "gross_margin": 2.21,
            "gross_margin_4q_avg": 4.65,
            "net_income": 24337,
            "revenue": 1556427,
            "common_shares": 1327790,
            "book_valuer_per_share": 12.24,
            "book_valuer_per_share_4q_avg": 12.3,
            "equity": 1625381,
            "current_ratio": 141.06,
            "debt_ratio": 55.17,
            "inventory_turnover_ratio": 8.78,
            "account_receivable_turnover_ratio": null,
            "reinvestment_rate": -4.31,
            "research_to_sale_ratio": null,
            "price_fair": 26.51,
            "eps_avg_yearly": 0.76,
            "eps_latest_yearly": 0.72,
            "eps_growth_yearly": 124.52
        },
        "20074": {
            "year_quarter": 20074,
            "year": 2007,
            "quarter": 4,
            "eps": 0.2,
            "eps_growth_year": 53.85,
            "eps_4q": 0.62,
            "eps_4q_growth_year": -28.25,
            "roe": 1.55,
            "roe_4q": 4.9399999999999995,
            "gross_profit": 65519,
            "gross_margin": 3.7,
            "gross_margin_4q_avg": 4.03,
            "net_income": 26324,
            "revenue": 1770166,
            "common_shares": 1327790,
            "book_valuer_per_share": 12.52,
            "book_valuer_per_share_4q_avg": 12.38,
            "equity": 1764941,
            "current_ratio": 157.56,
            "debt_ratio": 59.08,
            "inventory_turnover_ratio": 5.72,
            "account_receivable_turnover_ratio": null,
            "reinvestment_rate": 34.36,
            "research_to_sale_ratio": null,
            "price_fair": 27.48,
            "eps_avg_yearly": 0.79,
            "eps_latest_yearly": 0.8,
            "eps_growth_yearly": 133.55
        },
        "20081": {
            "year_quarter": 20081,
            "year": 2008,
            "quarter": 1,
            "eps": -0.12,
            "eps_growth_year": -220,
            "eps_4q": 0.42,
            "eps_4q_growth_year": -48.59,
            "roe": -0.87,
            "roe_4q": 3.32,
            "gross_profit": 80724,
            "gross_margin": 5.06,
            "gross_margin_4q_avg": 4.37,
            "net_income": -15123,
            "revenue": 1596361,
            "common_shares": 1327790,
            "book_valuer_per_share": 12.22,
            "book_valuer_per_share_4q_avg": 12.32,
            "equity": 1722119,
            "current_ratio": 158.92,
            "debt_ratio": 58.58,
            "inventory_turnover_ratio": 3.28,
            "account_receivable_turnover_ratio": null,
            "reinvestment_rate": 54.84,
            "research_to_sale_ratio": null,
            "price_fair": 27.25,
            "eps_avg_yearly": 0.78,
            "eps_latest_yearly": 0.8,
            "eps_growth_yearly": 103.94
        },
        "20082": {
            "year_quarter": 20082,
            "year": 2008,
            "quarter": 2,
            "eps": 0.18,
            "eps_growth_year": 28.57,
            "eps_4q": 0.42,
            "eps_4q_growth_year": -40.9,
            "roe": 1.47,
            "roe_4q": 3.66,
            "gross_profit": 137488,
            "gross_margin": 6.5,
            "gross_margin_4q_avg": 4.37,
            "net_income": 25218,
            "revenue": 2116021,
            "common_shares": 1327790,
            "book_valuer_per_share": 12.2,
            "book_valuer_per_share_4q_avg": 12.3,
            "equity": 1717759,
            "current_ratio": 155.09,
            "debt_ratio": 60.12,
            "inventory_turnover_ratio": 4.2,
            "account_receivable_turnover_ratio": null,
            "reinvestment_rate": 50.22,
            "research_to_sale_ratio": null,
            "price_fair": 27.6,
            "eps_avg_yearly": 0.79,
            "eps_latest_yearly": 0.8,
            "eps_growth_yearly": 119.15
        },
        "20083": {
            "year_quarter": 20083,
            "year": 2008,
            "quarter": 3,
            "eps": 0.48,
            "eps_growth_year": 166.67,
            "eps_4q": 0.72,
            "eps_4q_growth_year": 36.82,
            "roe": 3.83,
            "roe_4q": 5.9799999999999995,
            "gross_profit": 87753,
            "gross_margin": 3.87,
            "gross_margin_4q_avg": 4.78,
            "net_income": 65974,
            "revenue": 2266483,
            "common_shares": 1353738,
            "book_valuer_per_share": 12.08,
            "book_valuer_per_share_4q_avg": 12.26,
            "equity": 1728608,
            "current_ratio": 149.83,
            "debt_ratio": 62.22,
            "inventory_turnover_ratio": 5.13,
            "account_receivable_turnover_ratio": null,
            "reinvestment_rate": 45.11,
            "research_to_sale_ratio": null,
            "price_fair": 30.4,
            "eps_avg_yearly": 0.87,
            "eps_latest_yearly": 1.92,
            "eps_growth_yearly": 159.63
        },
        "20084": {
            "year_quarter": 20084,
            "year": 2008,
            "quarter": 4,
            "eps": -0.29,
            "eps_growth_year": -245,
            "eps_4q": 0.27,
            "eps_4q_growth_year": -56.25,
            "roe": -2.52,
            "roe_4q": 1.9100000000000001,
            "gross_profit": 109161,
            "gross_margin": 8,
            "gross_margin_4q_avg": 5.86,
            "net_income": -42929,
            "revenue": 1364654,
            "common_shares": 1271968,
            "book_valuer_per_share": 12.49,
            "book_valuer_per_share_4q_avg": 12.25,
            "equity": 1678153,
            "current_ratio": 169.46,
            "debt_ratio": 53.83,
            "inventory_turnover_ratio": 3.75,
            "account_receivable_turnover_ratio": 1.24,
            "reinvestment_rate": 29.45,
            "research_to_sale_ratio": null,
            "price_fair": 32.31,
            "eps_avg_yearly": 0.92,
            "eps_latest_yearly": 1.92,
            "eps_growth_yearly": 196.52
        },
        "20091": {
            "year_quarter": 20091,
            "year": 2009,
            "quarter": 1,
            "eps": 0.03,
            "eps_growth_year": null,
            "eps_4q": 0.8,
            "eps_4q_growth_year": 90.62,
            "roe": 0.12,
            "roe_4q": 2.9000000000000004,
            "gross_profit": 98651,
            "gross_margin": 8.44,
            "gross_margin_4q_avg": 6.7,
            "net_income": 2014,
            "revenue": 1168598,
            "common_shares": 1249278,
            "book_valuer_per_share": 12.72,
            "book_valuer_per_share_4q_avg": 12.37,
            "equity": 1675467,
            "current_ratio": 193.86,
            "debt_ratio": 46.92,
            "inventory_turnover_ratio": 4.28,
            "account_receivable_turnover_ratio": 0.59,
            "reinvestment_rate": 52.4,
            "research_to_sale_ratio": null,
            "price_fair": 33.13,
            "eps_avg_yearly": 0.95,
            "eps_latest_yearly": 1.92,
            "eps_growth_yearly": 112.9
        },
        "20092": {
            "year_quarter": 20092,
            "year": 2009,
            "quarter": 2,
            "eps": 0.1,
            "eps_growth_year": -44.44,
            "eps_4q": 0.32,
            "eps_4q_growth_year": -24.63,
            "roe": 0.8,
            "roe_4q": 2.23,
            "gross_profit": 146190,
            "gross_margin": 9.2,
            "gross_margin_4q_avg": 7.38,
            "net_income": 13362,
            "revenue": 1588581,
            "common_shares": 1249278,
            "book_valuer_per_share": 12.75,
            "book_valuer_per_share_4q_avg": 12.51,
            "equity": 1680013,
            "current_ratio": 178.07,
            "debt_ratio": 50.99,
            "inventory_turnover_ratio": 5.53,
            "account_receivable_turnover_ratio": 0.9,
            "reinvestment_rate": 53.14,
            "research_to_sale_ratio": null,
            "price_fair": 31.73,
            "eps_avg_yearly": 0.91,
            "eps_latest_yearly": 0.4,
            "eps_growth_yearly": 178.18
        },
        "20093": {
            "year_quarter": 20093,
            "year": 2009,
            "quarter": 3,
            "eps": 0.34,
            "eps_growth_year": -29.17,
            "eps_4q": 0.16,
            "eps_4q_growth_year": -77.79,
            "roe": 2.59,
            "roe_4q": 0.9899999999999998,
            "gross_profit": 91484,
            "gross_margin": 4.82,
            "gross_margin_4q_avg": 7.62,
            "net_income": 43944,
            "revenue": 1897952,
            "common_shares": 1268528,
            "book_valuer_per_share": 12.87,
            "book_valuer_per_share_4q_avg": 12.71,
            "equity": 1719402,
            "current_ratio": 174.62,
            "debt_ratio": 52.6,
            "inventory_turnover_ratio": 5.89,
            "account_receivable_turnover_ratio": 0.96,
            "reinvestment_rate": 55.46,
            "research_to_sale_ratio": null,
            "price_fair": 30.33,
            "eps_avg_yearly": 0.87,
            "eps_latest_yearly": 1.36,
            "eps_growth_yearly": 221.81
        },
        "20094": {
            "year_quarter": 20094,
            "year": 2009,
            "quarter": 4,
            "eps": 0.14,
            "eps_growth_year": null,
            "eps_4q": 0.6,
            "eps_4q_growth_year": 122.78,
            "roe": 1.08,
            "roe_4q": 4.59,
            "gross_profit": 204773,
            "gross_margin": 12.43,
            "gross_margin_4q_avg": 8.72,
            "net_income": 18670,
            "revenue": 1647692,
            "common_shares": 1268528,
            "book_valuer_per_share": 13.01,
            "book_valuer_per_share_4q_avg": 12.84,
            "equity": 1739475,
            "current_ratio": 184.88,
            "debt_ratio": 49.7,
            "inventory_turnover_ratio": 4.7,
            "account_receivable_turnover_ratio": 1.69,
            "reinvestment_rate": 218.97,
            "research_to_sale_ratio": null,
            "price_fair": 29.87,
            "eps_avg_yearly": 0.85,
            "eps_latest_yearly": 0.56,
            "eps_growth_yearly": 222.5
        },
        "20101": {
            "year_quarter": 20101,
            "year": 2010,
            "quarter": 1,
            "eps": 0.33,
            "eps_growth_year": 1000,
            "eps_4q": 0.9,
            "eps_4q_growth_year": 12.92,
            "roe": 2.42,
            "roe_4q": 6.89,
            "gross_profit": 117075,
            "gross_margin": 6.21,
            "gross_margin_4q_avg": 8.17,
            "net_income": 42853,
            "revenue": 1885632,
            "common_shares": 1268528,
            "book_valuer_per_share": 13.43,
            "book_valuer_per_share_4q_avg": 13.02,
            "equity": 1797593,
            "current_ratio": 172.14,
            "debt_ratio": 52.07,
            "inventory_turnover_ratio": 4.93,
            "account_receivable_turnover_ratio": 0.94,
            "reinvestment_rate": 258.36,
            "research_to_sale_ratio": null,
            "price_fair": 31.85,
            "eps_avg_yearly": 0.91,
            "eps_latest_yearly": 1.32,
            "eps_growth_yearly": 271.44
        },
        "20102": {
            "year_quarter": 20102,
            "year": 2010,
            "quarter": 2,
            "eps": 0.63,
            "eps_growth_year": 529.59,
            "eps_4q": 1.42,
            "eps_4q_growth_year": 345.56,
            "roe": 4.99,
            "roe_4q": 11.08,
            "gross_profit": 213402,
            "gross_margin": 8.72,
            "gross_margin_4q_avg": 8.05,
            "net_income": 94439,
            "revenue": 2447669,
            "common_shares": 1268528,
            "book_valuer_per_share": 13.78,
            "book_valuer_per_share_4q_avg": 13.27,
            "equity": 1988441,
            "current_ratio": 144.43,
            "debt_ratio": 61.17,
            "inventory_turnover_ratio": 4.01,
            "account_receivable_turnover_ratio": 0.99,
            "reinvestment_rate": 329.96,
            "research_to_sale_ratio": null,
            "price_fair": 36.63,
            "eps_avg_yearly": 1.05,
            "eps_latest_yearly": 2.52,
            "eps_growth_yearly": 289.24
        },
        "20103": {
            "year_quarter": 20103,
            "year": 2010,
            "quarter": 3,
            "eps": 0.29,
            "eps_growth_year": -14.86,
            "eps_4q": 1.38,
            "eps_4q_growth_year": 759.5,
            "roe": 2.47,
            "roe_4q": 10.96,
            "gross_profit": 125400,
            "gross_margin": 5.12,
            "gross_margin_4q_avg": 8.12,
            "net_income": 49823,
            "revenue": 2450564,
            "common_shares": 1291780,
            "book_valuer_per_share": 13.9,
            "book_valuer_per_share_4q_avg": 13.53,
            "equity": 2050218,
            "current_ratio": 150.35,
            "debt_ratio": 58.99,
            "inventory_turnover_ratio": 3.66,
            "account_receivable_turnover_ratio": 0.84,
            "reinvestment_rate": 345.21,
            "research_to_sale_ratio": null,
            "price_fair": 35.7,
            "eps_avg_yearly": 1.02,
            "eps_latest_yearly": 1.16,
            "eps_growth_yearly": 248.52
        },
        "20104": {
            "year_quarter": 20104,
            "year": 2010,
            "quarter": 4,
            "eps": -0.11,
            "eps_growth_year": -181.73,
            "eps_4q": 1.13,
            "eps_4q_growth_year": 87.61,
            "roe": -0.28,
            "roe_4q": 9.600000000000001,
            "gross_profit": 184625,
            "gross_margin": 8.9,
            "gross_margin_4q_avg": 7.24,
            "net_income": -5733,
            "revenue": 2074819,
            "common_shares": 1291780,
            "book_valuer_per_share": 13.55,
            "book_valuer_per_share_4q_avg": 13.67,
            "equity": 2000367,
            "current_ratio": 153.23,
            "debt_ratio": 57.78,
            "inventory_turnover_ratio": 3.22,
            "account_receivable_turnover_ratio": 0.73,
            "reinvestment_rate": 303.24,
            "research_to_sale_ratio": null,
            "price_fair": 37.29,
            "eps_avg_yearly": 1.07,
            "eps_latest_yearly": 1.16,
            "eps_growth_yearly": 294.7
        },
        "20111": {
            "year_quarter": 20111,
            "year": 2011,
            "quarter": 1,
            "eps": 0.42,
            "eps_growth_year": 27.27,
            "eps_4q": 1.23,
            "eps_4q_growth_year": 35.94,
            "roe": 2.99,
            "roe_4q": 10.17,
            "gross_profit": 162883,
            "gross_margin": 6.92,
            "gross_margin_4q_avg": 7.42,
            "net_income": 60887,
            "revenue": 2353385,
            "common_shares": 1291780,
            "book_valuer_per_share": 14,
            "book_valuer_per_share_4q_avg": 13.81,
            "equity": 2068754,
            "current_ratio": 146.88,
            "debt_ratio": 61.05,
            "inventory_turnover_ratio": 3.23,
            "account_receivable_turnover_ratio": 0.83,
            "reinvestment_rate": 322.13,
            "research_to_sale_ratio": 0.11,
            "price_fair": 39.62,
            "eps_avg_yearly": 1.13,
            "eps_latest_yearly": 1.16,
            "eps_growth_yearly": 333.41
        },
        "20112": {
            "year_quarter": 20112,
            "year": 2011,
            "quarter": 2,
            "eps": 0.59,
            "eps_growth_year": -6.29,
            "eps_4q": 1.15,
            "eps_4q_growth_year": -18.63,
            "roe": 1.91,
            "roe_4q": 7.09,
            "gross_profit": 160259,
            "gross_margin": 6.74,
            "gross_margin_4q_avg": 6.92,
            "net_income": 40722,
            "revenue": 2379014,
            "common_shares": 1291780,
            "book_valuer_per_share": 14.14,
            "book_valuer_per_share_4q_avg": 13.9,
            "equity": 2189538,
            "current_ratio": 147.41,
            "debt_ratio": 60.81,
            "inventory_turnover_ratio": 2.88,
            "account_receivable_turnover_ratio": 0.78,
            "reinvestment_rate": 306.36,
            "research_to_sale_ratio": 0.1,
            "price_fair": 45.92,
            "eps_avg_yearly": 1.31,
            "eps_latest_yearly": 2.36,
            "eps_growth_yearly": 333.6
        },
        "20113": {
            "year_quarter": 20113,
            "year": 2011,
            "quarter": 3,
            "eps": 0.17,
            "eps_growth_year": -41.64,
            "eps_4q": 1.05,
            "eps_4q_growth_year": -23.74,
            "roe": 1.28,
            "roe_4q": 5.8999999999999995,
            "gross_profit": 130612,
            "gross_margin": 5.67,
            "gross_margin_4q_avg": 7.06,
            "net_income": 28946,
            "revenue": 2305278,
            "common_shares": 1376000,
            "book_valuer_per_share": 14.11,
            "book_valuer_per_share_4q_avg": 13.95,
            "equity": 2331725,
            "current_ratio": 167.24,
            "debt_ratio": 64.35,
            "inventory_turnover_ratio": 2.98,
            "account_receivable_turnover_ratio": 0.72,
            "reinvestment_rate": 323.65,
            "research_to_sale_ratio": 0.11,
            "price_fair": 45.78,
            "eps_avg_yearly": 1.31,
            "eps_latest_yearly": 0.68,
            "eps_growth_yearly": 293.69
        },
        "20114": {
            "year_quarter": 20114,
            "year": 2011,
            "quarter": 4,
            "eps": 0.05,
            "eps_growth_year": null,
            "eps_4q": 1.21,
            "eps_4q_growth_year": 6.88,
            "roe": -0.22,
            "roe_4q": 5.96,
            "gross_profit": 112673,
            "gross_margin": 6.38,
            "gross_margin_4q_avg": 6.43,
            "net_income": -5057,
            "revenue": 1765954,
            "common_shares": 1376000,
            "book_valuer_per_share": 14.11,
            "book_valuer_per_share_4q_avg": 14.09,
            "equity": 2319109,
            "current_ratio": 212.04,
            "debt_ratio": 54.99,
            "inventory_turnover_ratio": 2.65,
            "account_receivable_turnover_ratio": 0.6,
            "reinvestment_rate": 279.68,
            "research_to_sale_ratio": 0.09,
            "price_fair": 43.68,
            "eps_avg_yearly": 1.25,
            "eps_latest_yearly": 0.2,
            "eps_growth_yearly": 261.01
        },
        "20121": {
            "year_quarter": 20121,
            "year": 2012,
            "quarter": 1,
            "eps": 0.03,
            "eps_growth_year": -92.86,
            "eps_4q": 0.84,
            "eps_4q_growth_year": -31.33,
            "roe": 0.83,
            "roe_4q": 3.8,
            "gross_profit": 140118,
            "gross_margin": 7.17,
            "gross_margin_4q_avg": 6.49,
            "net_income": 19324,
            "revenue": 1954253,
            "common_shares": 1376000,
            "book_valuer_per_share": 14.08,
            "book_valuer_per_share_4q_avg": 14.11,
            "equity": 2314686,
            "current_ratio": 201.79,
            "debt_ratio": 55.25,
            "inventory_turnover_ratio": 3.14,
            "account_receivable_turnover_ratio": 0.75,
            "reinvestment_rate": 266.75,
            "research_to_sale_ratio": 0.23,
            "price_fair": 40.09,
            "eps_avg_yearly": 1.15,
            "eps_latest_yearly": 0.12,
            "eps_growth_yearly": 222.74
        },
        "20122": {
            "year_quarter": 20122,
            "year": 2012,
            "quarter": 2,
            "eps": 0.25,
            "eps_growth_year": -56.87,
            "eps_4q": 0.5,
            "eps_4q_growth_year": -56.99,
            "roe": 1.98,
            "roe_4q": 3.87,
            "gross_profit": 191645,
            "gross_margin": 7.51,
            "gross_margin_4q_avg": 6.68,
            "net_income": 45049,
            "revenue": 2552354,
            "common_shares": 1376000,
            "book_valuer_per_share": 13.88,
            "book_valuer_per_share_4q_avg": 14.05,
            "equity": 2243139,
            "current_ratio": 169.88,
            "debt_ratio": 61.69,
            "inventory_turnover_ratio": 3.86,
            "account_receivable_turnover_ratio": 0.92,
            "reinvestment_rate": 53.89,
            "research_to_sale_ratio": 0.18,
            "price_fair": 39.67,
            "eps_avg_yearly": 1.13,
            "eps_latest_yearly": 1,
            "eps_growth_yearly": 448.62
        },
        "20123": {
            "year_quarter": 20123,
            "year": 2012,
            "quarter": 3,
            "eps": 0.25,
            "eps_growth_year": 47.28,
            "eps_4q": 0.59,
            "eps_4q_growth_year": -43.9,
            "roe": 2.14,
            "roe_4q": 4.73,
            "gross_profit": 194163,
            "gross_margin": 8.51,
            "gross_margin_4q_avg": 7.39,
            "net_income": 48121,
            "revenue": 2282811,
            "common_shares": 1326471,
            "book_valuer_per_share": 14.09,
            "book_valuer_per_share_4q_avg": 14.04,
            "equity": 2244929,
            "current_ratio": 171.09,
            "debt_ratio": 60.33,
            "inventory_turnover_ratio": 3.09,
            "account_receivable_turnover_ratio": 0.77,
            "reinvestment_rate": 66.22,
            "research_to_sale_ratio": 0.2,
            "price_fair": 36.98,
            "eps_avg_yearly": 1.06,
            "eps_latest_yearly": 1,
            "eps_growth_yearly": 393.07
        },
        "20124": {
            "year_quarter": 20124,
            "year": 2012,
            "quarter": 4,
            "eps": 0.03,
            "eps_growth_year": -32.05,
            "eps_4q": 0.58,
            "eps_4q_growth_year": -52.2,
            "roe": 0.33,
            "roe_4q": 5.28,
            "gross_profit": 150021,
            "gross_margin": 7.91,
            "gross_margin_4q_avg": 7.78,
            "net_income": 7449,
            "revenue": 1896379,
            "common_shares": 1416471,
            "book_valuer_per_share": 13.19,
            "book_valuer_per_share_4q_avg": 13.81,
            "equity": 2239456,
            "current_ratio": 154.24,
            "debt_ratio": 57.94,
            "inventory_turnover_ratio": 2.45,
            "account_receivable_turnover_ratio": 0.67,
            "reinvestment_rate": 57.73,
            "research_to_sale_ratio": 0.03,
            "price_fair": 34.46,
            "eps_avg_yearly": 0.98,
            "eps_latest_yearly": 0.12,
            "eps_growth_yearly": 335.75
        },
        "20131": {
            "year_quarter": 20131,
            "year": 2013,
            "quarter": 1,
            "eps": 0.05,
            "eps_growth_year": 66.67,
            "eps_4q": 0.57,
            "eps_4q_growth_year": -32.29,
            "roe": 0.49,
            "roe_4q": 4.9399999999999995,
            "gross_profit": 121044,
            "gross_margin": 6.91,
            "gross_margin_4q_avg": 7.71,
            "net_income": 11191,
            "revenue": 1751811,
            "common_shares": 1450486,
            "book_valuer_per_share": 13.54,
            "book_valuer_per_share_4q_avg": 13.68,
            "equity": 2345472,
            "current_ratio": 158.82,
            "debt_ratio": 56.13,
            "inventory_turnover_ratio": 2.29,
            "account_receivable_turnover_ratio": 0.67,
            "reinvestment_rate": 60.7,
            "research_to_sale_ratio": 0.2,
            "price_fair": 32.5,
            "eps_avg_yearly": 0.93,
            "eps_latest_yearly": 0.2,
            "eps_growth_yearly": 330.82
        },
        "20132": {
            "year_quarter": 20132,
            "year": 2013,
            "quarter": 2,
            "eps": 0.04,
            "eps_growth_year": -84.28,
            "eps_4q": 0.35,
            "eps_4q_growth_year": -28.78,
            "roe": -0.01,
            "roe_4q": 2.95,
            "gross_profit": 121147,
            "gross_margin": 6.25,
            "gross_margin_4q_avg": 7.4,
            "net_income": -332,
            "revenue": 1936961,
            "common_shares": 1474109,
            "book_valuer_per_share": 13.14,
            "book_valuer_per_share_4q_avg": 13.49,
            "equity": 2313201,
            "current_ratio": 151.23,
            "debt_ratio": 59.21,
            "inventory_turnover_ratio": 2.28,
            "account_receivable_turnover_ratio": 0.78,
            "reinvestment_rate": 62.36,
            "research_to_sale_ratio": 0.1,
            "price_fair": 31.9,
            "eps_avg_yearly": 0.91,
            "eps_latest_yearly": 0.16,
            "eps_growth_yearly": 258.44
        },
        "20133": {
            "year_quarter": 20133,
            "year": 2013,
            "quarter": 3,
            "eps": 0.07,
            "eps_growth_year": -71.87,
            "eps_4q": 0.18,
            "eps_4q_growth_year": -69,
            "roe": 0.39,
            "roe_4q": 1.2,
            "gross_profit": 114283,
            "gross_margin": 5.69,
            "gross_margin_4q_avg": 6.69,
            "net_income": 8732,
            "revenue": 2009961,
            "common_shares": 1488824,
            "book_valuer_per_share": 12.83,
            "book_valuer_per_share_4q_avg": 13.18,
            "equity": 2141641,
            "current_ratio": 151.02,
            "debt_ratio": 58.85,
            "inventory_turnover_ratio": 2.65,
            "account_receivable_turnover_ratio": 0.8,
            "reinvestment_rate": 65.8,
            "research_to_sale_ratio": 0.11,
            "price_fair": 29.2,
            "eps_avg_yearly": 0.83,
            "eps_latest_yearly": 0.28,
            "eps_growth_yearly": 211.3
        },
        "20134": {
            "year_quarter": 20134,
            "year": 2013,
            "quarter": 4,
            "eps": 0.16,
            "eps_growth_year": 390.51,
            "eps_4q": 0.31,
            "eps_4q_growth_year": -45.6,
            "roe": 1.13,
            "roe_4q": 2,
            "gross_profit": 132479,
            "gross_margin": 7.56,
            "gross_margin_4q_avg": 6.6,
            "net_income": 24367,
            "revenue": 1751878,
            "common_shares": 1488824,
            "book_valuer_per_share": 12.99,
            "book_valuer_per_share_4q_avg": 13.13,
            "equity": 2168648,
            "current_ratio": 150.31,
            "debt_ratio": 59.66,
            "inventory_turnover_ratio": 2.56,
            "account_receivable_turnover_ratio": 0.7,
            "reinvestment_rate": -78.95,
            "research_to_sale_ratio": 0.16,
            "price_fair": 29.4,
            "eps_avg_yearly": 0.84,
            "eps_latest_yearly": 0.64,
            "eps_growth_yearly": 264.84
        },
        "20141": {
            "year_quarter": 20141,
            "year": 2014,
            "quarter": 1,
            "eps": 0.06,
            "eps_growth_year": 20,
            "eps_4q": 0.33,
            "eps_4q_growth_year": -42.85,
            "roe": 0.29,
            "roe_4q": 1.8,
            "gross_profit": 119307,
            "gross_margin": 7.02,
            "gross_margin_4q_avg": 6.63,
            "net_income": 6450,
            "revenue": 1698799,
            "common_shares": 1488824,
            "book_valuer_per_share": 13.21,
            "book_valuer_per_share_4q_avg": 13.04,
            "equity": 2205531,
            "current_ratio": 151.6,
            "debt_ratio": 59.36,
            "inventory_turnover_ratio": 2.1,
            "account_receivable_turnover_ratio": 0.7,
            "reinvestment_rate": -93.87,
            "research_to_sale_ratio": 0.16,
            "price_fair": 26.7,
            "eps_avg_yearly": 0.76,
            "eps_latest_yearly": 0.24,
            "eps_growth_yearly": 208.2
        },
        "20142": {
            "year_quarter": 20142,
            "year": 2014,
            "quarter": 2,
            "eps": 0.09,
            "eps_growth_year": 125,
            "eps_4q": 0.38,
            "eps_4q_growth_year": 6.69,
            "roe": 0.68,
            "roe_4q": 2.4899999999999998,
            "gross_profit": 141934,
            "gross_margin": 7.12,
            "gross_margin_4q_avg": 6.85,
            "net_income": 14895,
            "revenue": 1993244,
            "common_shares": 1519373,
            "book_valuer_per_share": 12.94,
            "book_valuer_per_share_4q_avg": 12.99,
            "equity": 2193395,
            "current_ratio": 153.42,
            "debt_ratio": 58.73,
            "inventory_turnover_ratio": 2.36,
            "account_receivable_turnover_ratio": 0.83,
            "reinvestment_rate": -239.67,
            "research_to_sale_ratio": 0.17,
            "price_fair": 21.3,
            "eps_avg_yearly": 0.61,
            "eps_latest_yearly": 0.36,
            "eps_growth_yearly": 196.52
        },
        "20143": {
            "year_quarter": 20143,
            "year": 2014,
            "quarter": 3,
            "eps": 0.11,
            "eps_growth_year": 57.14,
            "eps_4q": 0.42,
            "eps_4q_growth_year": 129.48,
            "roe": 0.84,
            "roe_4q": 2.94,
            "gross_profit": 124802,
            "gross_margin": 6.62,
            "gross_margin_4q_avg": 7.08,
            "net_income": 18767,
            "revenue": 1884569,
            "common_shares": 1532977,
            "book_valuer_per_share": 13.16,
            "book_valuer_per_share_4q_avg": 13.08,
            "equity": 2248634,
            "current_ratio": 169.87,
            "debt_ratio": 52.74,
            "inventory_turnover_ratio": 2.32,
            "account_receivable_turnover_ratio": 0.79,
            "reinvestment_rate": -264.07,
            "research_to_sale_ratio": 0.11,
            "price_fair": 19.5,
            "eps_avg_yearly": 0.56,
            "eps_latest_yearly": 0.44,
            "eps_growth_yearly": 218.28
        },
        "20144": {
            "year_quarter": 20144,
            "year": 2014,
            "quarter": 4,
            "eps": 0.1,
            "eps_growth_year": -40.18,
            "eps_4q": 0.36,
            "eps_4q_growth_year": 14.27,
            "roe": 0.42,
            "roe_4q": 2.23,
            "gross_profit": 91424,
            "gross_margin": 5.96,
            "gross_margin_4q_avg": 6.68,
            "net_income": 9425,
            "revenue": 1533109,
            "common_shares": 1532977,
            "book_valuer_per_share": 13.4,
            "book_valuer_per_share_4q_avg": 13.18,
            "equity": 2287782,
            "current_ratio": 194.86,
            "debt_ratio": 45.94,
            "inventory_turnover_ratio": 2.2,
            "account_receivable_turnover_ratio": 0.7,
            "reinvestment_rate": -222.61,
            "research_to_sale_ratio": 0.14,
            "price_fair": 19.13,
            "eps_avg_yearly": 0.55,
            "eps_latest_yearly": 0.4,
            "eps_growth_yearly": 201.31
        },
        "20151": {
            "year_quarter": 20151,
            "year": 2015,
            "quarter": 1,
            "eps": -0.15,
            "eps_growth_year": -350,
            "eps_4q": 0.15,
            "eps_4q_growth_year": -53.69,
            "roe": -1.17,
            "roe_4q": 0.77,
            "gross_profit": 83004,
            "gross_margin": 6.51,
            "gross_margin_4q_avg": 6.55,
            "net_income": -26557,
            "revenue": 1275479,
            "common_shares": 1532977,
            "book_valuer_per_share": 13.13,
            "book_valuer_per_share_4q_avg": 13.16,
            "equity": 2235431,
            "current_ratio": 200.73,
            "debt_ratio": 44.65,
            "inventory_turnover_ratio": 1.76,
            "account_receivable_turnover_ratio": 0.68,
            "reinvestment_rate": -299.07,
            "research_to_sale_ratio": 0.21,
            "price_fair": 19.13,
            "eps_avg_yearly": 0.55,
            "eps_latest_yearly": 0.4,
            "eps_growth_yearly": 201.31
        },
        "20152": {
            "year_quarter": 20152,
            "year": 2015,
            "quarter": 2,
            "eps": -0.05,
            "eps_growth_year": -155.56,
            "eps_4q": 0.01,
            "eps_4q_growth_year": -96.93,
            "roe": -0.18,
            "roe_4q": -0.08999999999999997,
            "gross_profit": 119845,
            "gross_margin": 7.93,
            "gross_margin_4q_avg": 6.76,
            "net_income": -4029,
            "revenue": 1512202,
            "common_shares": 1532977,
            "book_valuer_per_share": 12.77,
            "book_valuer_per_share_4q_avg": 13.12,
            "equity": 2178833,
            "current_ratio": 192.58,
            "debt_ratio": 46.6,
            "inventory_turnover_ratio": 1.77,
            "account_receivable_turnover_ratio": 0.86,
            "reinvestment_rate": -531.62,
            "research_to_sale_ratio": 0.25,
            "price_fair": 14.6,
            "eps_avg_yearly": 0.42,
            "eps_latest_yearly": 0.4,
            "eps_growth_yearly": 204.12
        },
        "20153": {
            "year_quarter": 20153,
            "year": 2015,
            "quarter": 3,
            "eps": 0.29,
            "eps_growth_year": 163.64,
            "eps_4q": 0.19,
            "eps_4q_growth_year": -55.41,
            "roe": 2.06,
            "roe_4q": 1.1300000000000001,
            "gross_profit": 115916,
            "gross_margin": 7.98,
            "gross_margin_4q_avg": 7.1,
            "net_income": 45226,
            "revenue": 1452732,
            "common_shares": 1532977,
            "book_valuer_per_share": 13.02,
            "book_valuer_per_share_4q_avg": 13.08,
            "equity": 2205695,
            "current_ratio": 193.37,
            "debt_ratio": 46.58,
            "inventory_turnover_ratio": 1.83,
            "account_receivable_turnover_ratio": 0.77,
            "reinvestment_rate": -520.63,
            "research_to_sale_ratio": 0.28,
            "price_fair": 13.89,
            "eps_avg_yearly": 0.4,
            "eps_latest_yearly": 0.4,
            "eps_growth_yearly": 241.73
        },
        "20154": {
            "year_quarter": 20154,
            "year": 2015,
            "quarter": 4,
            "eps": 0.06,
            "eps_growth_year": -38.4,
            "eps_4q": 0.15,
            "eps_4q_growth_year": -58.31,
            "roe": 0.37,
            "roe_4q": 1.08,
            "gross_profit": 157129,
            "gross_margin": 10.96,
            "gross_margin_4q_avg": 8.35,
            "net_income": 8083,
            "revenue": 1433559,
            "common_shares": 1508657,
            "book_valuer_per_share": 13.04,
            "book_valuer_per_share_4q_avg": 12.99,
            "equity": 2204687,
            "current_ratio": 192.57,
            "debt_ratio": 46.81,
            "inventory_turnover_ratio": 1.99,
            "account_receivable_turnover_ratio": 0.73,
            "reinvestment_rate": -515.72,
            "research_to_sale_ratio": 0.08,
            "price_fair": 14,
            "eps_avg_yearly": 0.4,
            "eps_latest_yearly": 0.24,
            "eps_growth_yearly": 239.04
        },
        "20161": {
            "year_quarter": 20161,
            "year": 2016,
            "quarter": 1,
            "eps": 0.02,
            "eps_growth_year": null,
            "eps_4q": 0.32,
            "eps_4q_growth_year": 108.59,
            "roe": 0.22,
            "roe_4q": 2.4699999999999998,
            "gross_profit": 125663,
            "gross_margin": 10.57,
            "gross_margin_4q_avg": 9.36,
            "net_income": 4828,
            "revenue": 1188681,
            "common_shares": 1500897,
            "book_valuer_per_share": 13.09,
            "book_valuer_per_share_4q_avg": 12.98,
            "equity": 2215927,
            "current_ratio": 207.11,
            "debt_ratio": 42.78,
            "inventory_turnover_ratio": 1.63,
            "account_receivable_turnover_ratio": 0.66,
            "reinvestment_rate": -504.87,
            "research_to_sale_ratio": 0.15,
            "price_fair": 13.89,
            "eps_avg_yearly": 0.4,
            "eps_latest_yearly": 0.08,
            "eps_growth_yearly": 230.84
        },
        "20162": {
            "year_quarter": 20162,
            "year": 2016,
            "quarter": 2,
            "eps": -0.07,
            "eps_growth_year": null,
            "eps_4q": 0.3,
            "eps_4q_growth_year": 2463.12,
            "roe": -0.56,
            "roe_4q": 2.09,
            "gross_profit": 127347,
            "gross_margin": 9.3,
            "gross_margin_4q_avg": 9.7,
            "net_income": -12324,
            "revenue": 1369658,
            "common_shares": 1500897,
            "book_valuer_per_share": 12.75,
            "book_valuer_per_share_4q_avg": 12.98,
            "equity": 2156615,
            "current_ratio": 206.99,
            "debt_ratio": 42.52,
            "inventory_turnover_ratio": 1.8,
            "account_receivable_turnover_ratio": 0.84,
            "reinvestment_rate": -46.03,
            "research_to_sale_ratio": 0.1,
            "price_fair": 5.42,
            "eps_avg_yearly": 0.35,
            "eps_latest_yearly": 0.08,
            "eps_growth_yearly": 5.63
        },
        "20163": {
            "year_quarter": 20163,
            "year": 2016,
            "quarter": 3,
            "eps": 0.08,
            "eps_growth_year": -72.41,
            "eps_4q": 0.09,
            "eps_4q_growth_year": -54.24,
            "roe": 0.46,
            "roe_4q": 0.49,
            "gross_profit": 138438,
            "gross_margin": 9.79,
            "gross_margin_4q_avg": 10.16,
            "net_income": 9876,
            "revenue": 1414260,
            "common_shares": 1492337,
            "book_valuer_per_share": 12.65,
            "book_valuer_per_share_4q_avg": 12.88,
            "equity": 2131901,
            "current_ratio": 222.1,
            "debt_ratio": 42.54,
            "inventory_turnover_ratio": 1.93,
            "account_receivable_turnover_ratio": 0.88,
            "reinvestment_rate": -96.9,
            "research_to_sale_ratio": 0.15,
            "price_fair": 4.64,
            "eps_avg_yearly": 0.29,
            "eps_latest_yearly": 0.08,
            "eps_growth_yearly": 6.14
        },
        "20164": {
            "year_quarter": 20164,
            "year": 2016,
            "quarter": 4,
            "eps": 0.18,
            "eps_growth_year": 195.62,
            "eps_4q": 0.2,
            "eps_4q_growth_year": 35.8,
            "roe": 1.1,
            "roe_4q": 1.22,
            "gross_profit": 121282,
            "gross_margin": 9.44,
            "gross_margin_4q_avg": 9.78,
            "net_income": 23507,
            "revenue": 1284694,
            "common_shares": 1487637,
            "book_valuer_per_share": 12.76,
            "book_valuer_per_share_4q_avg": 12.81,
            "equity": 2140705,
            "current_ratio": 217.26,
            "debt_ratio": 43.03,
            "inventory_turnover_ratio": 1.93,
            "account_receivable_turnover_ratio": 0.77,
            "reinvestment_rate": -79.46,
            "research_to_sale_ratio": 0.16,
            "price_fair": 11.96,
            "eps_avg_yearly": 0.34,
            "eps_latest_yearly": 0.72,
            "eps_growth_yearly": 83.6
        },
        "20171": {
            "year_quarter": 20171,
            "year": 2017,
            "quarter": 1,
            "eps": -0.08,
            "eps_growth_year": -500,
            "eps_4q": 0.11,
            "eps_4q_growth_year": -65.39,
            "roe": -0.49,
            "roe_4q": 0.51,
            "gross_profit": 135938,
            "gross_margin": 10.02,
            "gross_margin_4q_avg": 9.64,
            "net_income": -10343,
            "revenue": 1357308,
            "common_shares": 1487637,
            "book_valuer_per_share": 12.47,
            "book_valuer_per_share_4q_avg": 12.66,
            "equity": 2086344,
            "current_ratio": 206.19,
            "debt_ratio": 45.49,
            "inventory_turnover_ratio": 2.02,
            "account_receivable_turnover_ratio": 0.79,
            "reinvestment_rate": -116.81,
            "research_to_sale_ratio": 0.11,
            "price_fair": 12.46,
            "eps_avg_yearly": 0.36,
            "eps_latest_yearly": 0.72,
            "eps_growth_yearly": 65.29
        },
        "20172": {
            "year_quarter": 20172,
            "year": 2017,
            "quarter": 2,
            "eps": 0.15,
            "eps_growth_year": null,
            "eps_4q": 0.32,
            "eps_4q_growth_year": 8.62,
            "roe": 0.97,
            "roe_4q": 2.04,
            "gross_profit": 139922,
            "gross_margin": 9.3,
            "gross_margin_4q_avg": 9.64,
            "net_income": 20414,
            "revenue": 1503839,
            "common_shares": 1487637,
            "book_valuer_per_share": 12.58,
            "book_valuer_per_share_4q_avg": 12.62,
            "equity": 2106532,
            "current_ratio": 208.67,
            "debt_ratio": 45.53,
            "inventory_turnover_ratio": 2.12,
            "account_receivable_turnover_ratio": 0.84,
            "reinvestment_rate": -103.69,
            "research_to_sale_ratio": 0.09,
            "price_fair": 13.22,
            "eps_avg_yearly": 0.38,
            "eps_latest_yearly": 0.72,
            "eps_growth_yearly": 81.43
        },
        "20173": {
            "year_quarter": 20173,
            "year": 2017,
            "quarter": 3,
            "eps": 0.05,
            "eps_growth_year": -37.5,
            "eps_4q": 0.29,
            "eps_4q_growth_year": 245.01,
            "roe": 0.53,
            "roe_4q": 2.1100000000000003,
            "gross_profit": 139506,
            "gross_margin": 7.87,
            "gross_margin_4q_avg": 9.16,
            "net_income": 11187,
            "revenue": 1771828,
            "common_shares": 1487637,
            "book_valuer_per_share": 12.71,
            "book_valuer_per_share_4q_avg": 12.63,
            "equity": 2131129,
            "current_ratio": 203.2,
            "debt_ratio": 46.85,
            "inventory_turnover_ratio": 2.82,
            "account_receivable_turnover_ratio": 0.89,
            "reinvestment_rate": -99.46,
            "research_to_sale_ratio": 0.07,
            "price_fair": 10.5,
            "eps_avg_yearly": 0.37,
            "eps_latest_yearly": 0.2,
            "eps_growth_yearly": 18.47
        },
        "20174": {
            "year_quarter": 20174,
            "year": 2017,
            "quarter": 4,
            "eps": -0.11,
            "eps_growth_year": -162.86,
            "eps_4q": 0.01,
            "eps_4q_growth_year": -97.04,
            "roe": -0.88,
            "roe_4q": 0.13,
            "gross_profit": 145793,
            "gross_margin": 9.36,
            "gross_margin_4q_avg": 9.14,
            "net_income": -18624,
            "revenue": 1556780,
            "common_shares": 1487637,
            "book_valuer_per_share": 12.57,
            "book_valuer_per_share_4q_avg": 12.58,
            "equity": 2110401,
            "current_ratio": 202.09,
            "debt_ratio": 46.46,
            "inventory_turnover_ratio": 2.42,
            "account_receivable_turnover_ratio": 0.74,
            "reinvestment_rate": -182.63,
            "research_to_sale_ratio": 0.05,
            "price_fair": 1.01,
            "eps_avg_yearly": 0.34,
            "eps_latest_yearly": 0.2,
            "eps_growth_yearly": -43.51
        },
        "20181": {
            "year_quarter": 20181,
            "year": 2018,
            "quarter": 1,
            "eps": -0.06,
            "eps_growth_year": null,
            "eps_4q": 0.02,
            "eps_4q_growth_year": -82.93,
            "roe": -0.36,
            "roe_4q": 0.26,
            "gross_profit": 112322,
            "gross_margin": 8.22,
            "gross_margin_4q_avg": 8.69,
            "net_income": -7465,
            "revenue": 1365941,
            "common_shares": 1487637,
            "book_valuer_per_share": 12.54,
            "book_valuer_per_share_4q_avg": 12.6,
            "equity": 2054913,
            "current_ratio": 207.15,
            "debt_ratio": 45.59,
            "inventory_turnover_ratio": 2.02,
            "account_receivable_turnover_ratio": 0.7,
            "reinvestment_rate": -219.48,
            "research_to_sale_ratio": 0.11,
            "price_fair": 1.05,
            "eps_avg_yearly": 0.35,
            "eps_latest_yearly": 0.2,
            "eps_growth_yearly": -14.01
        },
        "20182": {
            "year_quarter": 20182,
            "year": 2018,
            "quarter": 2,
            "eps": -0.02,
            "eps_growth_year": -113.33,
            "eps_4q": -0.15,
            "eps_4q_growth_year": -146.05,
            "roe": -0.54,
            "roe_4q": -1.25,
            "gross_profit": 105866,
            "gross_margin": 7.43,
            "gross_margin_4q_avg": 8.22,
            "net_income": -11055,
            "revenue": 1424436,
            "common_shares": 1487637,
            "book_valuer_per_share": 12.47,
            "book_valuer_per_share_4q_avg": 12.57,
            "equity": 2036827,
            "current_ratio": 197.2,
            "debt_ratio": 46.87,
            "inventory_turnover_ratio": 2.2,
            "account_receivable_turnover_ratio": 0.77,
            "reinvestment_rate": -229.08,
            "research_to_sale_ratio": 0.09,
            "price_fair": 1.04,
            "eps_avg_yearly": 0.35,
            "eps_latest_yearly": 0.2,
            "eps_growth_yearly": -49.67
        },
        "20183": {
            "year_quarter": 20183,
            "year": 2018,
            "quarter": 3,
            "eps": -0.05,
            "eps_growth_year": -200,
            "eps_4q": -0.25,
            "eps_4q_growth_year": -184.97,
            "roe": -0.65,
            "roe_4q": -2.4299999999999997,
            "gross_profit": 107842,
            "gross_margin": 7.94,
            "gross_margin_4q_avg": 8.24,
            "net_income": -13137,
            "revenue": 1358933,
            "common_shares": 1487637,
            "book_valuer_per_share": 12.38,
            "book_valuer_per_share_4q_avg": 12.49,
            "equity": 2012871,
            "current_ratio": 203.71,
            "debt_ratio": 45.11,
            "inventory_turnover_ratio": 2.24,
            "account_receivable_turnover_ratio": 0.75,
            "reinvestment_rate": -376.75,
            "research_to_sale_ratio": 0.16,
            "price_fair": 0.98,
            "eps_avg_yearly": 0.33,
            "eps_latest_yearly": 0.2,
            "eps_growth_yearly": -77.39
        },
        "20184": {
            "year_quarter": 20184,
            "year": 2018,
            "quarter": 4,
            "eps": 0.22,
            "eps_growth_year": null,
            "eps_4q": 0.08,
            "eps_4q_growth_year": 1174.65,
            "roe": 2.14,
            "roe_4q": 0.5900000000000002,
            "gross_profit": 110009,
            "gross_margin": 9.12,
            "gross_margin_4q_avg": 8.18,
            "net_income": 43278,
            "revenue": 1206571,
            "common_shares": 1487637,
            "book_valuer_per_share": 12.59,
            "book_valuer_per_share_4q_avg": 12.5,
            "equity": 2033222,
            "current_ratio": 216.75,
            "debt_ratio": 43.27,
            "inventory_turnover_ratio": 1.84,
            "account_receivable_turnover_ratio": 0.71,
            "reinvestment_rate": -337.8,
            "research_to_sale_ratio": 0.11,
            "price_fair": 0.93,
            "eps_avg_yearly": 0.31,
            "eps_latest_yearly": 0.2,
            "eps_growth_yearly": -87.64
        },
        "20191": {
            "year_quarter": 20191,
            "year": 2019,
            "quarter": 1,
            "eps": 0.07,
            "eps_growth_year": null,
            "eps_4q": 0.21,
            "eps_4q_growth_year": 1049.86,
            "roe": 0.64,
            "roe_4q": 1.5900000000000003,
            "gross_profit": 104397,
            "gross_margin": 8.97,
            "gross_margin_4q_avg": 8.37,
            "net_income": 13063,
            "revenue": 1164003,
            "common_shares": 1487637,
            "book_valuer_per_share": 12.79,
            "book_valuer_per_share_4q_avg": 12.56,
            "equity": 2069425,
            "current_ratio": 223.97,
            "debt_ratio": 41.94,
            "inventory_turnover_ratio": 1.52,
            "account_receivable_turnover_ratio": 0.76,
            "reinvestment_rate": -207.35,
            "research_to_sale_ratio": 0.15,
            "price_fair": 0.91,
            "eps_avg_yearly": 0.3,
            "eps_latest_yearly": 0.28,
            "eps_growth_yearly": -124.66
        },
        "20192": {
            "year_quarter": 20192,
            "year": 2019,
            "quarter": 2,
            "eps": 0.07,
            "eps_growth_year": null,
            "eps_4q": 0.31,
            "eps_4q_growth_year": null,
            "roe": 0.59,
            "roe_4q": 2.72,
            "gross_profit": 135216,
            "gross_margin": 10.3,
            "gross_margin_4q_avg": 9.08,
            "net_income": 12025,
            "revenue": 1312795,
            "common_shares": 1487637,
            "book_valuer_per_share": 12.68,
            "book_valuer_per_share_4q_avg": 12.61,
            "equity": 2002864,
            "current_ratio": 214.36,
            "debt_ratio": 44.08,
            "inventory_turnover_ratio": 1.63,
            "account_receivable_turnover_ratio": 0.89,
            "reinvestment_rate": -166.29,
            "research_to_sale_ratio": 0.13,
            "price_fair": 0.9,
            "eps_avg_yearly": 0.3,
            "eps_latest_yearly": 0.28,
            "eps_growth_yearly": -103.88
        },
        "20193": {
            "year_quarter": 20193,
            "year": 2019,
            "quarter": 3,
            "eps": 0.06,
            "eps_growth_year": null,
            "eps_4q": 0.43,
            "eps_4q_growth_year": null,
            "roe": 0.6,
            "roe_4q": 3.97,
            "gross_profit": 135681,
            "gross_margin": 11.19,
            "gross_margin_4q_avg": 9.9,
            "net_income": 11930,
            "revenue": 1212496,
            "common_shares": 1487637,
            "book_valuer_per_share": 12.77,
            "book_valuer_per_share_4q_avg": 12.71,
            "equity": 2002200,
            "current_ratio": 241.98,
            "debt_ratio": 38.7,
            "inventory_turnover_ratio": 1.77,
            "account_receivable_turnover_ratio": 0.8,
            "reinvestment_rate": -230.36,
            "research_to_sale_ratio": 0.18,
            "price_fair": 0.87,
            "eps_avg_yearly": 0.29,
            "eps_latest_yearly": 0.24,
            "eps_growth_yearly": -97.21
        },
        "20194": {
            "year_quarter": 20194,
            "year": 2019,
            "quarter": 4,
            "eps": 0.03,
            "eps_growth_year": -85.24,
            "eps_4q": 0.24,
            "eps_4q_growth_year": 216.45,
            "roe": 0.38,
            "roe_4q": 2.21,
            "gross_profit": 118497,
            "gross_margin": 10.62,
            "gross_margin_4q_avg": 10.27,
            "net_income": 7608,
            "revenue": 1115644,
            "common_shares": 1487637,
            "book_valuer_per_share": 12.69,
            "book_valuer_per_share_4q_avg": 12.73,
            "equity": 1991240,
            "current_ratio": 250.25,
            "debt_ratio": 37.76,
            "inventory_turnover_ratio": 1.9,
            "account_receivable_turnover_ratio": 0.76,
            "reinvestment_rate": -230.93,
            "research_to_sale_ratio": 0.19,
            "price_fair": 0.82,
            "eps_avg_yearly": 0.27,
            "eps_latest_yearly": 0.12,
            "eps_growth_yearly": -80.46
        },
        "20201": {
            "year_quarter": 20201,
            "year": 2020,
            "quarter": 1,
            "eps": 0.08,
            "eps_growth_year": 14.29,
            "eps_4q": 0.25,
            "eps_4q_growth_year": 17.5,
            "roe": 0.72,
            "roe_4q": 2.29,
            "gross_profit": 103990,
            "gross_margin": 10.5,
            "gross_margin_4q_avg": 10.65,
            "net_income": 14225,
            "revenue": 990815,
            "common_shares": 1487637,
            "book_valuer_per_share": 12.55,
            "book_valuer_per_share_4q_avg": 12.67,
            "equity": 1971515,
            "current_ratio": 263.39,
            "debt_ratio": 35.94,
            "inventory_turnover_ratio": 1.55,
            "account_receivable_turnover_ratio": 0.73,
            "reinvestment_rate": -226.24,
            "research_to_sale_ratio": 0.19,
            "price_fair": 10.8,
            "eps_avg_yearly": 0.31,
            "eps_latest_yearly": 0.32,
            "eps_growth_yearly": 52.88
        },
        "20202": {
            "year_quarter": 20202,
            "year": 2020,
            "quarter": 2,
            "eps": 0.17,
            "eps_growth_year": 142.86,
            "eps_4q": 0.35,
            "eps_4q_growth_year": 12.2,
            "roe": 1.61,
            "roe_4q": 3.31,
            "gross_profit": 117705,
            "gross_margin": 10.58,
            "gross_margin_4q_avg": 10.72,
            "net_income": 31783,
            "revenue": 1112095,
            "common_shares": 1487637,
            "book_valuer_per_share": 12.52,
            "book_valuer_per_share_4q_avg": 12.63,
            "equity": 1972429,
            "current_ratio": 281.5,
            "debt_ratio": 34.27,
            "inventory_turnover_ratio": 2.03,
            "account_receivable_turnover_ratio": 0.85,
            "reinvestment_rate": -157.53,
            "research_to_sale_ratio": 0.12,
            "price_fair": 12.43,
            "eps_avg_yearly": 0.36,
            "eps_latest_yearly": 0.68,
            "eps_growth_yearly": 102.52
        },
        "20203": {
            "year_quarter": 20203,
            "year": 2020,
            "quarter": 3,
            "eps": 0.31,
            "eps_growth_year": 416.67,
            "eps_4q": 0.59,
            "eps_4q_growth_year": 38.45,
            "roe": 2.81,
            "roe_4q": 5.52,
            "gross_profit": 152070,
            "gross_margin": 11.73,
            "gross_margin_4q_avg": 10.86,
            "net_income": 56093,
            "revenue": 1296266,
            "common_shares": 1487637,
            "book_valuer_per_share": 12.78,
            "book_valuer_per_share_4q_avg": 12.64,
            "equity": 2024289,
            "current_ratio": 278.43,
            "debt_ratio": 35.28,
            "inventory_turnover_ratio": 2.83,
            "account_receivable_turnover_ratio": 0.92,
            "reinvestment_rate": -114.8,
            "research_to_sale_ratio": 0.12,
            "price_fair": 15.87,
            "eps_avg_yearly": 0.45,
            "eps_latest_yearly": 1.24,
            "eps_growth_yearly": 127.73
        },
        "20204": {
            "year_quarter": 20204,
            "year": 2020,
            "quarter": 4,
            "eps": 0.28,
            "eps_growth_year": 789.45,
            "eps_4q": 0.84,
            "eps_4q_growth_year": 247.26,
            "roe": 2.49,
            "roe_4q": 7.630000000000001,
            "gross_profit": 204783,
            "gross_margin": 13.85,
            "gross_margin_4q_avg": 11.67,
            "net_income": 51393,
            "revenue": 1478176,
            "common_shares": 1487637,
            "book_valuer_per_share": 13.21,
            "book_valuer_per_share_4q_avg": 12.77,
            "equity": 2100249,
            "current_ratio": 236.09,
            "debt_ratio": 42.02,
            "inventory_turnover_ratio": 2.52,
            "account_receivable_turnover_ratio": 0.94,
            "reinvestment_rate": -102.8,
            "research_to_sale_ratio": 0.11,
            "price_fair": 17.42,
            "eps_avg_yearly": 0.5,
            "eps_latest_yearly": 1.12,
            "eps_growth_yearly": 67.87
        },
        "20211": {
            "year_quarter": 20211,
            "year": 2021,
            "quarter": 1,
            "eps": 0.59,
            "eps_growth_year": 637.5,
            "eps_4q": 1.34,
            "eps_4q_growth_year": 434.26,
            "roe": 4.46,
            "roe_4q": 11.37,
            "gross_profit": 255242,
            "gross_margin": 15.15,
            "gross_margin_4q_avg": 12.83,
            "net_income": 95211,
            "revenue": 1684510,
            "common_shares": 1487637,
            "book_valuer_per_share": 13.65,
            "book_valuer_per_share_4q_avg": 13.04,
            "equity": 2172477,
            "current_ratio": 212.82,
            "debt_ratio": 46.07,
            "inventory_turnover_ratio": 2.07,
            "account_receivable_turnover_ratio": 0.94,
            "reinvestment_rate": -59.81,
            "research_to_sale_ratio": 0.14,
            "price_fair": 23.94,
            "eps_avg_yearly": 0.68,
            "eps_latest_yearly": 2.36,
            "eps_growth_yearly": 105.37
        },
        "20212": {
            "year_quarter": 20212,
            "year": 2021,
            "quarter": 2,
            "eps": 0.45,
            "eps_growth_year": 164.71,
            "eps_4q": 1.63,
            "eps_4q_growth_year": 372.19,
            "roe": 3.37,
            "roe_4q": 13.13,
            "gross_profit": 231484,
            "gross_margin": 13.73,
            "gross_margin_4q_avg": 13.62,
            "net_income": 73959,
            "revenue": 1685681,
            "common_shares": 1487637,
            "book_valuer_per_share": 13.91,
            "book_valuer_per_share_4q_avg": 13.39,
            "equity": 2216195,
            "current_ratio": 197.06,
            "debt_ratio": 49.48,
            "inventory_turnover_ratio": 1.56,
            "account_receivable_turnover_ratio": 0.87,
            "reinvestment_rate": -31.56,
            "research_to_sale_ratio": 0.12,
            "price_fair": 27.49,
            "eps_avg_yearly": 0.79,
            "eps_latest_yearly": 1.8,
            "eps_growth_yearly": 87.16
        },
        "20213": {
            "year_quarter": 20213,
            "year": 2021,
            "quarter": 3,
            "eps": 0.3,
            "eps_growth_year": -3.23,
            "eps_4q": 1.63,
            "eps_4q_growth_year": 175.91,
            "roe": 2.37,
            "roe_4q": 12.69,
            "gross_profit": 196020,
            "gross_margin": 11.37,
            "gross_margin_4q_avg": 13.53,
            "net_income": 51848,
            "revenue": 1724347,
            "common_shares": 1487637,
            "book_valuer_per_share": 13.43,
            "book_valuer_per_share_4q_avg": 13.55,
            "equity": 2150947,
            "current_ratio": 199.84,
            "debt_ratio": 49.06,
            "inventory_turnover_ratio": 1.47,
            "account_receivable_turnover_ratio": 0.9,
            "reinvestment_rate": -28.04,
            "research_to_sale_ratio": 0.12,
            "price_fair": 30.67,
            "eps_avg_yearly": 0.88,
            "eps_latest_yearly": 1.2,
            "eps_growth_yearly": 99.28
        },
        "20214": {
            "year_quarter": 20214,
            "year": 2021,
            "quarter": 4,
            "eps": 0.26,
            "eps_growth_year": -7.77,
            "eps_4q": 1.6,
            "eps_4q_growth_year": 90.88,
            "roe": 2.16,
            "roe_4q": 12.36,
            "gross_profit": 171909,
            "gross_margin": 9.17,
            "gross_margin_4q_avg": 12.36,
            "net_income": 47165,
            "revenue": 1874036,
            "common_shares": 1487637,
            "book_valuer_per_share": 13.76,
            "book_valuer_per_share_4q_avg": 13.69,
            "equity": 2209798,
            "current_ratio": 207.68,
            "debt_ratio": 47.79,
            "inventory_turnover_ratio": 1.8,
            "account_receivable_turnover_ratio": 0.93,
            "reinvestment_rate": -11.88,
            "research_to_sale_ratio": 0.08,
            "price_fair": 31.15,
            "eps_avg_yearly": 0.89,
            "eps_latest_yearly": 1.04,
            "eps_growth_yearly": 86.56
        },
        "20221": {
            "year_quarter": 20221,
            "year": 2022,
            "quarter": 1,
            "eps": 0.28,
            "eps_growth_year": -52.54,
            "eps_4q": 1.3,
            "eps_4q_growth_year": -3.35,
            "roe": 2.09,
            "roe_4q": 9.99,
            "gross_profit": 184516,
            "gross_margin": 9.54,
            "gross_margin_4q_avg": 10.95,
            "net_income": 47162,
            "revenue": 1933250,
            "common_shares": 1487637,
            "book_valuer_per_share": 14.37,
            "book_valuer_per_share_4q_avg": 13.87,
            "equity": 2313256,
            "current_ratio": 193.5,
            "debt_ratio": 51.19,
            "inventory_turnover_ratio": 1.63,
            "account_receivable_turnover_ratio": 0.87,
            "reinvestment_rate": -8.96,
            "research_to_sale_ratio": 0.12,
            "price_fair": 31.77,
            "eps_avg_yearly": 0.91,
            "eps_latest_yearly": 1.12,
            "eps_growth_yearly": 82.27
        },
        "20222": {
            "year_quarter": 20222,
            "year": 2022,
            "quarter": 2,
            "eps": 0.11,
            "eps_growth_year": -75.56,
            "eps_4q": 0.96,
            "eps_4q_growth_year": -41.11,
            "roe": 0.93,
            "roe_4q": 7.55,
            "gross_profit": 150641,
            "gross_margin": 9.2,
            "gross_margin_4q_avg": 9.82,
            "net_income": 21029,
            "revenue": 1638001,
            "common_shares": 1487637,
            "book_valuer_per_share": 13.52,
            "book_valuer_per_share_4q_avg": 13.77,
            "equity": 2187238,
            "current_ratio": 182.88,
            "debt_ratio": 54.16,
            "inventory_turnover_ratio": 1.11,
            "account_receivable_turnover_ratio": 0.75,
            "reinvestment_rate": -13.55,
            "research_to_sale_ratio": 0.13,
            "price_fair": 30.6,
            "eps_avg_yearly": 0.87,
            "eps_latest_yearly": 0.44,
            "eps_growth_yearly": 59.05
        },
        "20223": {
            "year_quarter": 20223,
            "year": 2022,
            "quarter": 3,
            "eps": 0.21,
            "eps_growth_year": -30,
            "eps_4q": 0.87,
            "eps_4q_growth_year": -46.74,
            "roe": 1.41,
            "roe_4q": 6.59,
            "gross_profit": 132752,
            "gross_margin": 9.45,
            "gross_margin_4q_avg": 9.34,
            "net_income": 31188,
            "revenue": 1404239,
            "common_shares": 1487637,
            "book_valuer_per_share": 13.74,
            "book_valuer_per_share_4q_avg": 13.85,
            "equity": 2221287,
            "current_ratio": 212.09,
            "debt_ratio": 47.86,
            "inventory_turnover_ratio": 0.99,
            "account_receivable_turnover_ratio": 0.73,
            "reinvestment_rate": -11.13,
            "research_to_sale_ratio": 0.12,
            "price_fair": 30.52,
            "eps_avg_yearly": 0.87,
            "eps_latest_yearly": 0.84,
            "eps_growth_yearly": 79.35
        },
        "20224": {
            "year_quarter": 20224,
            "year": 2022,
            "quarter": 4,
            "eps": 0.03,
            "eps_growth_year": -89.85,
            "eps_4q": 0.63,
            "eps_4q_growth_year": -60.62,
            "roe": 0.25,
            "roe_4q": 4.68,
            "gross_profit": 108078,
            "gross_margin": 7.93,
            "gross_margin_4q_avg": 9.03,
            "net_income": 5671,
            "revenue": 1362525,
            "common_shares": 1487637,
            "book_valuer_per_share": 13.95,
            "book_valuer_per_share_4q_avg": 13.9,
            "equity": 2251649,
            "current_ratio": 238.03,
            "debt_ratio": 43.24,
            "inventory_turnover_ratio": 1.2,
            "account_receivable_turnover_ratio": 0.8,
            "reinvestment_rate": -2.37,
            "research_to_sale_ratio": 0.18,
            "price_fair": 28.88,
            "eps_avg_yearly": 0.83,
            "eps_latest_yearly": 0.12,
            "eps_growth_yearly": 52.97
        },
        "20231": {
            "year_quarter": 20231,
            "year": 2023,
            "quarter": 1,
            "eps": 0.04,
            "eps_growth_year": -85.71,
            "eps_4q": 0.39,
            "eps_4q_growth_year": -69.87,
            "roe": 0.4,
            "roe_4q": 2.99,
            "gross_profit": 118779,
            "gross_margin": 8.92,
            "gross_margin_4q_avg": 8.88,
            "net_income": 9001,
            "revenue": 1331177,
            "common_shares": 1487637,
            "book_valuer_per_share": 14.03,
            "book_valuer_per_share_4q_avg": 13.81,
            "equity": 2267856,
            "current_ratio": 241.09,
            "debt_ratio": 42.91,
            "inventory_turnover_ratio": 1.26,
            "account_receivable_turnover_ratio": 0.83,
            "reinvestment_rate": -3.26,
            "research_to_sale_ratio": 0.2,
            "price_fair": 28.61,
            "eps_avg_yearly": 0.82,
            "eps_latest_yearly": 0.16,
            "eps_growth_yearly": 78.35
        }
    },
    "months": {
        "2001-06": {
            "month": "2001-06",
            "price": "30.62",
            "revenue": 201601
        },
        "2001-07": {
            "month": "2001-07",
            "price": "20.97",
            "revenue": 201834
        },
        "2001-08": {
            "month": "2001-08",
            "price": "18.07",
            "revenue": 224993
        },
        "2001-09": {
            "month": "2001-09",
            "price": "13.02",
            "revenue": 299745
        },
        "2001-10": {
            "month": "2001-10",
            "price": "10.10",
            "revenue": 315373
        },
        "2001-11": {
            "month": "2001-11",
            "price": "14.94",
            "revenue": 302925
        },
        "2001-12": {
            "month": "2001-12",
            "price": "29.17",
            "revenue": 246052
        },
        "2002-01": {
            "month": "2002-01",
            "price": "81.68",
            "revenue": 413398
        },
        "2002-02": {
            "month": "2002-02",
            "price": "101.96",
            "revenue": 384884
        },
        "2002-03": {
            "month": "2002-03",
            "price": "109.21",
            "revenue": 482203
        },
        "2002-04": {
            "month": "2002-04",
            "price": "102.86",
            "revenue": 441509
        },
        "2002-05": {
            "month": "2002-05",
            "price": "95.14",
            "revenue": 447209
        },
        "2002-06": {
            "month": "2002-06",
            "price": "93.40",
            "revenue": 413857
        },
        "2002-07": {
            "month": "2002-07",
            "price": "88.41",
            "revenue": 413141
        },
        "2002-08": {
            "month": "2002-08",
            "price": "89.34",
            "revenue": 436233
        },
        "2002-09": {
            "month": "2002-09",
            "price": "87.92",
            "revenue": 442480
        },
        "2002-10": {
            "month": "2002-10",
            "price": "84.50",
            "revenue": 454672
        },
        "2002-11": {
            "month": "2002-11",
            "price": "85.38",
            "revenue": 461909
        },
        "2002-12": {
            "month": "2002-12",
            "price": "85.50",
            "revenue": 385363
        },
        "2003-01": {
            "month": "2003-01",
            "price": "81.11",
            "revenue": 416954
        },
        "2003-02": {
            "month": "2003-02",
            "price": "69.78",
            "revenue": 336619
        },
        "2003-03": {
            "month": "2003-03",
            "price": "58.24",
            "revenue": 301464
        },
        "2003-04": {
            "month": "2003-04",
            "price": "44.37",
            "revenue": 240468
        },
        "2003-05": {
            "month": "2003-05",
            "price": "34.69",
            "revenue": 175996
        },
        "2003-06": {
            "month": "2003-06",
            "price": "43.46",
            "revenue": 187584
        },
        "2003-07": {
            "month": "2003-07",
            "price": "45.85",
            "revenue": 203132
        },
        "2003-08": {
            "month": "2003-08",
            "price": "41.30",
            "revenue": 211798
        },
        "2003-09": {
            "month": "2003-09",
            "price": "36.22",
            "revenue": 222485
        },
        "2003-10": {
            "month": "2003-10",
            "price": "24.43",
            "revenue": 327341
        },
        "2003-11": {
            "month": "2003-11",
            "price": "25.89",
            "revenue": 286688
        },
        "2003-12": {
            "month": "2003-12",
            "price": "24.81",
            "revenue": 331529
        },
        "2004-01": {
            "month": "2004-01",
            "price": "24.57",
            "revenue": 341128
        },
        "2004-02": {
            "month": "2004-02",
            "price": "26.98",
            "revenue": 269635
        },
        "2004-03": {
            "month": "2004-03",
            "price": "24.17",
            "revenue": 283466
        },
        "2004-04": {
            "month": "2004-04",
            "price": "23.01",
            "revenue": 400408
        },
        "2004-05": {
            "month": "2004-05",
            "price": "21.52",
            "revenue": 465959
        },
        "2004-06": {
            "month": "2004-06",
            "price": "21.09",
            "revenue": 444859
        },
        "2004-07": {
            "month": "2004-07",
            "price": "20.58",
            "revenue": 466736
        },
        "2004-08": {
            "month": "2004-08",
            "price": "17.46",
            "revenue": 480677
        },
        "2004-09": {
            "month": "2004-09",
            "price": "17.63",
            "revenue": 490960
        },
        "2004-10": {
            "month": "2004-10",
            "price": "16.20",
            "revenue": 504919
        },
        "2004-11": {
            "month": "2004-11",
            "price": "16.15",
            "revenue": 421806
        },
        "2004-12": {
            "month": "2004-12",
            "price": "16.70",
            "revenue": 315363
        },
        "2005-01": {
            "month": "2005-01",
            "price": "15.03",
            "revenue": 311486
        },
        "2005-02": {
            "month": "2005-02",
            "price": "15.13",
            "revenue": 288070
        },
        "2005-03": {
            "month": "2005-03",
            "price": "16.25",
            "revenue": 347644
        },
        "2005-04": {
            "month": "2005-04",
            "price": "18.32",
            "revenue": 326762
        },
        "2005-05": {
            "month": "2005-05",
            "price": "17.95",
            "revenue": 304512
        },
        "2005-06": {
            "month": "2005-06",
            "price": "17.70",
            "revenue": 291619
        },
        "2005-07": {
            "month": "2005-07",
            "price": "17.93",
            "revenue": 301006
        },
        "2005-08": {
            "month": "2005-08",
            "price": "15.87",
            "revenue": 353736
        },
        "2005-09": {
            "month": "2005-09",
            "price": "13.80",
            "revenue": 401667
        },
        "2005-10": {
            "month": "2005-10",
            "price": "13.50",
            "revenue": 403952
        },
        "2005-11": {
            "month": "2005-11",
            "price": "16.20",
            "revenue": 402341
        },
        "2005-12": {
            "month": "2005-12",
            "price": "17.16",
            "revenue": 369407
        },
        "2006-01": {
            "month": "2006-01",
            "price": "17.29",
            "revenue": 351681
        },
        "2006-02": {
            "month": "2006-02",
            "price": "13.67",
            "revenue": 334423
        },
        "2006-03": {
            "month": "2006-03",
            "price": "12.20",
            "revenue": 352248
        },
        "2006-04": {
            "month": "2006-04",
            "price": "13.43",
            "revenue": 337780
        },
        "2006-05": {
            "month": "2006-05",
            "price": "15.22",
            "revenue": 355471
        },
        "2006-06": {
            "month": "2006-06",
            "price": "12.75",
            "revenue": 353699
        },
        "2006-07": {
            "month": "2006-07",
            "price": "12.44",
            "revenue": 350506
        },
        "2006-08": {
            "month": "2006-08",
            "price": "12.02",
            "revenue": 351177
        },
        "2006-09": {
            "month": "2006-09",
            "price": "11.44",
            "revenue": 392004
        },
        "2006-10": {
            "month": "2006-10",
            "price": "12.11",
            "revenue": 385824
        },
        "2006-11": {
            "month": "2006-11",
            "price": "12.38",
            "revenue": 345762
        },
        "2006-12": {
            "month": "2006-12",
            "price": "14.07",
            "revenue": 215172
        },
        "2007-01": {
            "month": "2007-01",
            "price": "13.51",
            "revenue": 300345
        },
        "2007-02": {
            "month": "2007-02",
            "price": "12.80",
            "revenue": 203574
        },
        "2007-03": {
            "month": "2007-03",
            "price": "13.42",
            "revenue": 361258
        },
        "2007-04": {
            "month": "2007-04",
            "price": "13.85",
            "revenue": 372453
        },
        "2007-05": {
            "month": "2007-05",
            "price": "13.16",
            "revenue": 496811
        },
        "2007-06": {
            "month": "2007-06",
            "price": "14.84",
            "revenue": 498695
        },
        "2007-07": {
            "month": "2007-07",
            "price": "18.43",
            "revenue": 515742
        },
        "2007-08": {
            "month": "2007-08",
            "price": "18.18",
            "revenue": 518715
        },
        "2007-09": {
            "month": "2007-09",
            "price": "17.72",
            "revenue": 521970
        },
        "2007-10": {
            "month": "2007-10",
            "price": "18.89",
            "revenue": 572532
        },
        "2007-11": {
            "month": "2007-11",
            "price": "14.56",
            "revenue": 682824
        },
        "2007-12": {
            "month": "2007-12",
            "price": "13.67",
            "revenue": 514810
        },
        "2008-01": {
            "month": "2008-01",
            "price": "11.98",
            "revenue": 402837
        },
        "2008-02": {
            "month": "2008-02",
            "price": "11.58",
            "revenue": 402948
        },
        "2008-03": {
            "month": "2008-03",
            "price": "12.31",
            "revenue": 382378
        },
        "2008-04": {
            "month": "2008-04",
            "price": "12.76",
            "revenue": 587385
        },
        "2008-05": {
            "month": "2008-05",
            "price": "11.80",
            "revenue": 502588
        },
        "2008-06": {
            "month": "2008-06",
            "price": "10.62",
            "revenue": 539904
        },
        "2008-07": {
            "month": "2008-07",
            "price": "8.27",
            "revenue": 580649
        },
        "2008-08": {
            "month": "2008-08",
            "price": "8.26",
            "revenue": 544889
        },
        "2008-09": {
            "month": "2008-09",
            "price": "6.29",
            "revenue": 584306
        },
        "2008-10": {
            "month": "2008-10",
            "price": "5.53",
            "revenue": 535185
        },
        "2008-11": {
            "month": "2008-11",
            "price": "4.70",
            "revenue": 313736
        },
        "2008-12": {
            "month": "2008-12",
            "price": "4.76",
            "revenue": 183630
        },
        "2009-01": {
            "month": "2009-01",
            "price": "4.16",
            "revenue": 208797
        },
        "2009-02": {
            "month": "2009-02",
            "price": "4.28",
            "revenue": 337895
        },
        "2009-03": {
            "month": "2009-03",
            "price": "5.41",
            "revenue": 333391
        },
        "2009-04": {
            "month": "2009-04",
            "price": "6.33",
            "revenue": 406101
        },
        "2009-05": {
            "month": "2009-05",
            "price": "6.51",
            "revenue": 411184
        },
        "2009-06": {
            "month": "2009-06",
            "price": "6.51",
            "revenue": 447877
        },
        "2009-07": {
            "month": "2009-07",
            "price": "6.69",
            "revenue": 470765
        },
        "2009-08": {
            "month": "2009-08",
            "price": "7.02",
            "revenue": 542621
        },
        "2009-09": {
            "month": "2009-09",
            "price": "8.10",
            "revenue": 524270
        },
        "2009-10": {
            "month": "2009-10",
            "price": "10.63",
            "revenue": 501043
        },
        "2009-11": {
            "month": "2009-11",
            "price": "10.12",
            "revenue": 351754
        },
        "2009-12": {
            "month": "2009-12",
            "price": "15.35",
            "revenue": 491252
        },
        "2010-01": {
            "month": "2010-01",
            "price": "18.66",
            "revenue": 526126
        },
        "2010-02": {
            "month": "2010-02",
            "price": "19.51",
            "revenue": 466753
        },
        "2010-03": {
            "month": "2010-03",
            "price": "21.67",
            "revenue": 469252
        },
        "2010-04": {
            "month": "2010-04",
            "price": "20.93",
            "revenue": 601306
        },
        "2010-05": {
            "month": "2010-05",
            "price": "17.85",
            "revenue": 602742
        },
        "2010-06": {
            "month": "2010-06",
            "price": "17.13",
            "revenue": 606787
        },
        "2010-07": {
            "month": "2010-07",
            "price": "19.60",
            "revenue": 560564
        },
        "2010-08": {
            "month": "2010-08",
            "price": "18.96",
            "revenue": 511679
        },
        "2010-09": {
            "month": "2010-09",
            "price": "18.84",
            "revenue": 518077
        },
        "2010-10": {
            "month": "2010-10",
            "price": "18.45",
            "revenue": 500127
        },
        "2010-11": {
            "month": "2010-11",
            "price": "17.14",
            "revenue": 472766
        },
        "2010-12": {
            "month": "2010-12",
            "price": "17.55",
            "revenue": 465318
        },
        "2011-01": {
            "month": "2011-01",
            "price": "16.39",
            "revenue": 489471
        },
        "2011-02": {
            "month": "2011-02",
            "price": "16.26",
            "revenue": 577242
        },
        "2011-03": {
            "month": "2011-03",
            "price": "15.92",
            "revenue": 552991
        },
        "2011-04": {
            "month": "2011-04",
            "price": "16.11",
            "revenue": 484672
        },
        "2011-05": {
            "month": "2011-05",
            "price": "15.69",
            "revenue": 550468
        },
        "2011-06": {
            "month": "2011-06",
            "price": "15.10",
            "revenue": 553829
        },
        "2011-07": {
            "month": "2011-07",
            "price": "14.37",
            "revenue": 421059
        },
        "2011-08": {
            "month": "2011-08",
            "price": "13.27",
            "revenue": 414388
        },
        "2011-09": {
            "month": "2011-09",
            "price": "13.72",
            "revenue": 536859
        },
        "2011-10": {
            "month": "2011-10",
            "price": "14.16",
            "revenue": 359141
        },
        "2011-11": {
            "month": "2011-11",
            "price": "12.57",
            "revenue": 312497
        },
        "2011-12": {
            "month": "2011-12",
            "price": "12.59",
            "revenue": 401620
        },
        "2012-01": {
            "month": "2012-01",
            "price": "15.50",
            "revenue": 330170
        },
        "2012-02": {
            "month": "2012-02",
            "price": "19.41",
            "revenue": 348369
        },
        "2012-03": {
            "month": "2012-03",
            "price": "20.85",
            "revenue": 423104
        },
        "2012-04": {
            "month": "2012-04",
            "price": "19.20",
            "revenue": 512335
        },
        "2012-05": {
            "month": "2012-05",
            "price": "16.52",
            "revenue": 525631
        },
        "2012-06": {
            "month": "2012-06",
            "price": "17.61",
            "revenue": 530819
        },
        "2012-07": {
            "month": "2012-07",
            "price": "15.26",
            "revenue": 448665
        },
        "2012-08": {
            "month": "2012-08",
            "price": "14.64",
            "revenue": 379032
        },
        "2012-09": {
            "month": "2012-09",
            "price": "15.51",
            "revenue": 428049
        },
        "2012-10": {
            "month": "2012-10",
            "price": "14.60",
            "revenue": 489889
        },
        "2012-11": {
            "month": "2012-11",
            "price": "13.15",
            "revenue": 322795
        },
        "2012-12": {
            "month": "2012-12",
            "price": "13.47",
            "revenue": 304855
        },
        "2013-01": {
            "month": "2013-01",
            "price": "14.42",
            "revenue": 570210
        },
        "2013-02": {
            "month": "2013-02",
            "price": "13.88",
            "revenue": 568633
        },
        "2013-03": {
            "month": "2013-03",
            "price": "13.62",
            "revenue": 608229
        },
        "2013-04": {
            "month": "2013-04",
            "price": "13.18",
            "revenue": 665242
        },
        "2013-05": {
            "month": "2013-05",
            "price": "13.41",
            "revenue": 656773
        },
        "2013-06": {
            "month": "2013-06",
            "price": "13.08",
            "revenue": 616165
        },
        "2013-07": {
            "month": "2013-07",
            "price": "12.27",
            "revenue": 563945
        },
        "2013-08": {
            "month": "2013-08",
            "price": "12.50",
            "revenue": 698490
        },
        "2013-09": {
            "month": "2013-09",
            "price": "11.52",
            "revenue": 769697
        },
        "2013-10": {
            "month": "2013-10",
            "price": "11.75",
            "revenue": 612141
        },
        "2013-11": {
            "month": "2013-11",
            "price": "11.09",
            "revenue": 560817
        },
        "2013-12": {
            "month": "2013-12",
            "price": "11.05",
            "revenue": 601260
        },
        "2014-01": {
            "month": "2014-01",
            "price": "12.11",
            "revenue": 663741
        },
        "2014-02": {
            "month": "2014-02",
            "price": "12.41",
            "revenue": 496796
        },
        "2014-03": {
            "month": "2014-03",
            "price": "12.39",
            "revenue": 537572
        },
        "2014-04": {
            "month": "2014-04",
            "price": "13.27",
            "revenue": 739730
        },
        "2014-05": {
            "month": "2014-05",
            "price": "12.50",
            "revenue": 651267
        },
        "2014-06": {
            "month": "2014-06",
            "price": "12.90",
            "revenue": 612287
        },
        "2014-07": {
            "month": "2014-07",
            "price": "12.39",
            "revenue": 629590
        },
        "2014-08": {
            "month": "2014-08",
            "price": "11.37",
            "revenue": 627354
        },
        "2014-09": {
            "month": "2014-09",
            "price": "12.65",
            "revenue": 623340
        },
        "2014-10": {
            "month": "2014-10",
            "price": "12.49",
            "revenue": 525053
        },
        "2014-11": {
            "month": "2014-11",
            "price": "12.52",
            "revenue": 506097
        },
        "2014-12": {
            "month": "2014-12",
            "price": "12.59",
            "revenue": 484576
        },
        "2015-01": {
            "month": "2015-01",
            "price": "12.05",
            "revenue": 391985
        },
        "2015-02": {
            "month": "2015-02",
            "price": "11.53",
            "revenue": 431038
        },
        "2015-03": {
            "month": "2015-03",
            "price": "11.70",
            "revenue": 433583
        },
        "2015-04": {
            "month": "2015-04",
            "price": "12.36",
            "revenue": 511479
        },
        "2015-05": {
            "month": "2015-05",
            "price": "11.10",
            "revenue": 516638
        },
        "2015-06": {
            "month": "2015-06",
            "price": "9.51",
            "revenue": 519190
        },
        "2015-07": {
            "month": "2015-07",
            "price": "9.13",
            "revenue": 459949
        },
        "2015-08": {
            "month": "2015-08",
            "price": "7.62",
            "revenue": 466047
        },
        "2015-09": {
            "month": "2015-09",
            "price": "7.85",
            "revenue": 510505
        },
        "2015-10": {
            "month": "2015-10",
            "price": "8.45",
            "revenue": 437584
        },
        "2015-11": {
            "month": "2015-11",
            "price": "9.39",
            "revenue": 504221
        },
        "2015-12": {
            "month": "2015-12",
            "price": "9.23",
            "revenue": 491755
        },
        "2016-01": {
            "month": "2016-01",
            "price": "9.64",
            "revenue": 436297
        },
        "2016-02": {
            "month": "2016-02",
            "price": "9.59",
            "revenue": 329524
        },
        "2016-03": {
            "month": "2016-03",
            "price": "12.58",
            "revenue": 443916
        },
        "2016-04": {
            "month": "2016-04",
            "price": "12.26",
            "revenue": 398590
        },
        "2016-05": {
            "month": "2016-05",
            "price": "10.86",
            "revenue": 435460
        },
        "2016-06": {
            "month": "2016-06",
            "price": "11.99",
            "revenue": 525814
        },
        "2016-07": {
            "month": "2016-07",
            "price": "11.68",
            "revenue": 463114
        },
        "2016-08": {
            "month": "2016-08",
            "price": "10.65",
            "revenue": 481172
        },
        "2016-09": {
            "month": "2016-09",
            "price": "10.07",
            "revenue": 489973
        },
        "2016-10": {
            "month": "2016-10",
            "price": "9.97",
            "revenue": 392770
        },
        "2016-11": {
            "month": "2016-11",
            "price": "9.77",
            "revenue": 436070
        },
        "2016-12": {
            "month": "2016-12",
            "price": "9.92",
            "revenue": 485658
        },
        "2017-01": {
            "month": "2017-01",
            "price": "10.00",
            "revenue": 456815
        },
        "2017-02": {
            "month": "2017-02",
            "price": "10.00",
            "revenue": 426382
        },
        "2017-03": {
            "month": "2017-03",
            "price": "10.02",
            "revenue": 479902
        },
        "2017-04": {
            "month": "2017-04",
            "price": "9.48",
            "revenue": 495599
        },
        "2017-05": {
            "month": "2017-05",
            "price": "9.38",
            "revenue": 488291
        },
        "2017-06": {
            "month": "2017-06",
            "price": "9.56",
            "revenue": 519737
        },
        "2017-07": {
            "month": "2017-07",
            "price": "9.22",
            "revenue": 526223
        },
        "2017-08": {
            "month": "2017-08",
            "price": "9.15",
            "revenue": 628951
        },
        "2017-09": {
            "month": "2017-09",
            "price": "9.81",
            "revenue": 597814
        },
        "2017-10": {
            "month": "2017-10",
            "price": "10.37",
            "revenue": 542618
        },
        "2017-11": {
            "month": "2017-11",
            "price": "9.80",
            "revenue": 529727
        },
        "2017-12": {
            "month": "2017-12",
            "price": "9.26",
            "revenue": 465527
        },
        "2018-01": {
            "month": "2018-01",
            "price": "9.33",
            "revenue": 514859
        },
        "2018-02": {
            "month": "2018-02",
            "price": "8.76",
            "revenue": 390745
        },
        "2018-03": {
            "month": "2018-03",
            "price": "9.05",
            "revenue": 459294
        },
        "2018-04": {
            "month": "2018-04",
            "price": "8.48",
            "revenue": 463895
        },
        "2018-05": {
            "month": "2018-05",
            "price": "7.96",
            "revenue": 494772
        },
        "2018-06": {
            "month": "2018-06",
            "price": "8.12",
            "revenue": 464127
        },
        "2018-07": {
            "month": "2018-07",
            "price": "7.89",
            "revenue": 412771
        },
        "2018-08": {
            "month": "2018-08",
            "price": "7.32",
            "revenue": 443689
        },
        "2018-09": {
            "month": "2018-09",
            "price": "6.97",
            "revenue": 512362
        },
        "2018-10": {
            "month": "2018-10",
            "price": "6.12",
            "revenue": 403266
        },
        "2018-11": {
            "month": "2018-11",
            "price": "5.81",
            "revenue": 405699
        },
        "2018-12": {
            "month": "2018-12",
            "price": "5.96",
            "revenue": 404370
        },
        "2019-01": {
            "month": "2019-01",
            "price": "5.78",
            "revenue": 424127
        },
        "2019-02": {
            "month": "2019-02",
            "price": "6.06",
            "revenue": 343159
        },
        "2019-03": {
            "month": "2019-03",
            "price": "6.24",
            "revenue": 398288
        },
        "2019-04": {
            "month": "2019-04",
            "price": "7.36",
            "revenue": 443788
        },
        "2019-05": {
            "month": "2019-05",
            "price": "6.99",
            "revenue": 453574
        },
        "2019-06": {
            "month": "2019-06",
            "price": "6.95",
            "revenue": 415603
        },
        "2019-07": {
            "month": "2019-07",
            "price": "7.09",
            "revenue": 353857
        },
        "2019-08": {
            "month": "2019-08",
            "price": "7.03",
            "revenue": 402924
        },
        "2019-09": {
            "month": "2019-09",
            "price": "7.10",
            "revenue": 451892
        },
        "2019-10": {
            "month": "2019-10",
            "price": "7.08",
            "revenue": 374394
        },
        "2019-11": {
            "month": "2019-11",
            "price": "6.94",
            "revenue": 387740
        },
        "2019-12": {
            "month": "2019-12",
            "price": "7.05",
            "revenue": 366452
        },
        "2020-01": {
            "month": "2020-01",
            "price": "6.98",
            "revenue": 351156
        },
        "2020-02": {
            "month": "2020-02",
            "price": "6.52",
            "revenue": 261477
        },
        "2020-03": {
            "month": "2020-03",
            "price": "5.44",
            "revenue": 385080
        },
        "2020-04": {
            "month": "2020-04",
            "price": "5.84",
            "revenue": 366283
        },
        "2020-05": {
            "month": "2020-05",
            "price": "6.25",
            "revenue": 339091
        },
        "2020-06": {
            "month": "2020-06",
            "price": "6.50",
            "revenue": 414447
        },
        "2020-07": {
            "month": "2020-07",
            "price": "6.90",
            "revenue": 447760
        },
        "2020-08": {
            "month": "2020-08",
            "price": "8.23",
            "revenue": 429397
        },
        "2020-09": {
            "month": "2020-09",
            "price": "9.22",
            "revenue": 422182
        },
        "2020-10": {
            "month": "2020-10",
            "price": "8.92",
            "revenue": 443452
        },
        "2020-11": {
            "month": "2020-11",
            "price": "10.32",
            "revenue": 488483
        },
        "2020-12": {
            "month": "2020-12",
            "price": "11.56",
            "revenue": 540067
        },
        "2021-01": {
            "month": "2021-01",
            "price": "11.43",
            "revenue": 535971
        },
        "2021-02": {
            "month": "2021-02",
            "price": "11.95",
            "revenue": 517667
        },
        "2021-03": {
            "month": "2021-03",
            "price": "21.59",
            "revenue": 638265
        },
        "2021-04": {
            "month": "2021-04",
            "price": "32.62",
            "revenue": 580235
        },
        "2021-05": {
            "month": "2021-05",
            "price": "24.65",
            "revenue": 616091
        },
        "2021-06": {
            "month": "2021-06",
            "price": "28.10",
            "revenue": 520482
        },
        "2021-07": {
            "month": "2021-07",
            "price": "25.57",
            "revenue": 578264
        },
        "2021-08": {
            "month": "2021-08",
            "price": "23.85",
            "revenue": 580522
        },
        "2021-09": {
            "month": "2021-09",
            "price": "22.10",
            "revenue": 612316
        },
        "2021-10": {
            "month": "2021-10",
            "price": "20.74",
            "revenue": 583775
        },
        "2021-11": {
            "month": "2021-11",
            "price": "21.14",
            "revenue": 680589
        },
        "2021-12": {
            "month": "2021-12",
            "price": "21.96",
            "revenue": 646027
        },
        "2022-01": {
            "month": "2022-01",
            "price": "21.45",
            "revenue": 700896
        },
        "2022-02": {
            "month": "2022-02",
            "price": "22.36",
            "revenue": 524662
        },
        "2022-03": {
            "month": "2022-03",
            "price": "21.35",
            "revenue": 694593
        },
        "2022-04": {
            "month": "2022-04",
            "price": "20.23",
            "revenue": 612456
        },
        "2022-05": {
            "month": "2022-05",
            "price": "17.87",
            "revenue": 548836
        },
        "2022-06": {
            "month": "2022-06",
            "price": "16.80",
            "revenue": 477435
        },
        "2022-07": {
            "month": "2022-07",
            "price": "14.24",
            "revenue": 473270
        },
        "2022-08": {
            "month": "2022-08",
            "price": "15.19",
            "revenue": 455480
        },
        "2022-09": {
            "month": "2022-09",
            "price": "14.93",
            "revenue": 487060
        },
        "2022-10": {
            "month": "2022-10",
            "price": "13.70",
            "revenue": 431936
        },
        "2022-11": {
            "month": "2022-11",
            "price": "13.90",
            "revenue": 474204
        },
        "2022-12": {
            "month": "2022-12",
            "price": "14.78",
            "revenue": 438456
        },
        "2023-01": {
            "month": "2023-01",
            "price": "14.39",
            "revenue": 399301
        },
        "2023-02": {
            "month": "2023-02",
            "price": "15.17",
            "revenue": 455482
        },
        "2023-03": {
            "month": "2023-03",
            "price": "20.72",
            "revenue": 482536
        },
        "2023-04": {
            "month": "2023-04",
            "price": "21.66",
            "revenue": 417519
        },
        "2023-05": {
            "month": "2023-05",
            "price": "20.71",
            "revenue": 472980
        }
    }
}
