{
    "summary": {
        "stock_name": "昇益",
        "stock_id": "5455",
        "category": "建材營造",
        "main_business": "住宅及大樓開發租售業<br>建材批發業",
        "website_url": "http://www.signality.com.tw",
        "ceo": "陳文熾",
        "pe_ratio": -87,
        "report_year_from": 2001,
        "report_year_to": 2023,
        "age": 23,
        "eps_negative_percentage": 74,
        "eps_growth_avg": {
            "last_all": -25.67,
            "last_2y": -100,
            "last_4y": -33.33,
            "last_8y": -33.33,
            "last_12y": -33.33,
            "last_16y": -25.67,
            "last_20y": -25.67,
            "at_2006_last_3y": null,
            "at_2007_last_3y": 100,
            "at_2008_last_3y": 22.99,
            "at_2009_last_3y": -18,
            "at_2010_last_3y": -18,
            "at_2011_last_3y": -77.01,
            "at_2012_last_3y": -100,
            "at_2013_last_3y": null,
            "at_2014_last_3y": null,
            "at_2015_last_3y": null,
            "at_2016_last_3y": null,
            "at_2017_last_3y": null,
            "at_2018_last_3y": null,
            "at_2019_last_3y": 100,
            "at_2020_last_3y": 0,
            "at_2021_last_3y": 0,
            "at_2022_last_3y": 0,
            "at_2023_last_3y": -100,
            "at_2024_last_3y": -100,
            "at_2006_last_all": null,
            "at_2007_last_all": 100,
            "at_2008_last_all": 22.99,
            "at_2009_last_all": -18,
            "at_2010_last_all": -18,
            "at_2011_last_all": -18,
            "at_2012_last_all": -18,
            "at_2013_last_all": -18,
            "at_2014_last_all": -18,
            "at_2015_last_all": -18,
            "at_2016_last_all": -18,
            "at_2017_last_all": -18,
            "at_2018_last_all": -18,
            "at_2019_last_all": 11.5,
            "at_2020_last_all": -10.8,
            "at_2021_last_all": -10.8,
            "at_2022_last_all": -10.8,
            "at_2023_last_all": -25.67,
            "at_2024_last_all": -25.67
        },
        "latest_eps": -0.45,
        "latest_price": 39.15,
        "latest_roe": -5.07,
        "latest_gross_margin": 87.28,
        "latest_equity": 574904,
        "latest_revenue": 558,
        "latest_gross_profit": 487,
        "latest_net_income": -8554,
        "latest_debt_ratio": 89.23,
        "latest_current_ratio": 110.77,
        "latest_account_receivable_turnover_ratio": null,
        "latest_inventory_turnover_ratio": 0,
        "latest_reinvestment_rate": -0.17,
        "latest_research_to_sale_ratio": null
    },
    "eps_dividends": {
        "1998": {
            "cash": 0,
            "stock": 4.5,
            "eps": 0
        },
        "1999": {
            "cash": 0,
            "stock": 2.1,
            "eps": 0
        },
        "2000": {
            "cash": 0,
            "stock": 1,
            "eps": 0
        },
        "2001": {
            "cash": 0,
            "stock": 2,
            "eps": -0.43
        },
        "2002": {
            "cash": 0,
            "stock": 0,
            "eps": -1.45
        },
        "2003": {
            "cash": 0,
            "stock": 0,
            "eps": -3.26
        },
        "2004": {
            "cash": 0,
            "stock": 0,
            "eps": -2.21
        },
        "2005": {
            "cash": 0,
            "stock": 0,
            "eps": -2.03
        },
        "2006": {
            "cash": 0,
            "stock": 0,
            "eps": 0.88
        },
        "2007": {
            "cash": 0,
            "stock": 0.57,
            "eps": 2.74
        },
        "2008": {
            "cash": 0,
            "stock": 1.55,
            "eps": 1.26
        },
        "2009": {
            "cash": 0,
            "stock": 0,
            "eps": -4.66
        },
        "2010": {
            "cash": 0,
            "stock": 0,
            "eps": -1.29
        },
        "2011": {
            "cash": 0,
            "stock": 0,
            "eps": -1.54
        },
        "2012": {
            "cash": 0,
            "stock": 0,
            "eps": -1.83
        },
        "2013": {
            "cash": 0,
            "stock": 0,
            "eps": -1.74
        },
        "2014": {
            "cash": 0,
            "stock": 0,
            "eps": -0.24
        },
        "2015": {
            "cash": 0,
            "stock": 0,
            "eps": -3.05
        },
        "2016": {
            "cash": 0,
            "stock": 0,
            "eps": -0.43
        },
        "2017": {
            "cash": 0,
            "stock": 0,
            "eps": -0.74
        },
        "2018": {
            "cash": 0,
            "stock": 0,
            "eps": 1.46
        },
        "2019": {
            "cash": 0,
            "stock": 0,
            "eps": 3.11
        },
        "2020": {
            "cash": 0,
            "stock": 0,
            "eps": -0.22
        },
        "2021": {
            "cash": 0,
            "stock": 0,
            "eps": -0.1
        },
        "2022": {
            "cash": 0,
            "stock": 0,
            "eps": 0.91
        },
        "2023": {
            "cash": 0,
            "stock": 0,
            "eps": -0.37
        }
    },
    "dividends": {
        "1998-05-20": {
            "cash": 0,
            "stock": 4.5
        },
        "1999-06-10": {
            "cash": 0,
            "stock": 2.1
        },
        "2000-06-20": {
            "cash": 0,
            "stock": 1
        },
        "2001-04-16": {
            "cash": 0,
            "stock": 2
        },
        "2007-03-22": {
            "cash": 0,
            "stock": 0.57
        },
        "2008-03-25": {
            "cash": 0,
            "stock": 1.55
        }
    },
    "prices": {
        "200101": "27.91",
        "200102": "36.21",
        "200103": "34.89",
        "200104": "32.90",
        "200105": "24.34",
        "200106": "19.82",
        "200107": "13.73",
        "200108": "12.19",
        "200109": "9.21",
        "200110": "8.26",
        "200111": "9.11",
        "200112": "12.80",
        "200201": "16.84",
        "200202": "16.28",
        "200203": "17.74",
        "200204": "22.15",
        "200205": "16.60",
        "200206": "13.85",
        "200207": "11.61",
        "200208": "10.72",
        "200209": "9.93",
        "200210": "8.19",
        "200211": "7.81",
        "200212": "7.16",
        "200301": "6.76",
        "200302": "6.23",
        "200303": "5.37",
        "200304": "4.71",
        "200305": "4.15",
        "200306": "5.79",
        "200307": "6.98",
        "200308": "5.58",
        "200309": "4.60",
        "200310": "4.71",
        "200311": "4.98",
        "200312": "7.34",
        "200401": "8.13",
        "200402": "10.08",
        "200403": "13.54",
        "200404": "13.08",
        "200405": "9.30",
        "200406": "7.21",
        "200407": "5.47",
        "200408": "4.47",
        "200409": "4.11",
        "200410": "3.80",
        "200411": "3.39",
        "200412": "4.43",
        "200501": "4.86",
        "200502": "4.58",
        "200503": "4.84",
        "200504": "4.66",
        "200505": "4.15",
        "200506": "4.42",
        "200507": "4.19",
        "200508": "3.34",
        "200509": "2.15",
        "200510": "1.84",
        "200511": "1.49",
        "200512": "1.43",
        "200601": "1.59",
        "200602": "1.62",
        "200603": "1.55",
        "200604": "1.76",
        "200605": "1.67",
        "200606": "1.75",
        "200607": "1.21",
        "200608": "1.63",
        "200609": "1.79",
        "200610": "1.82",
        "200611": "8.98",
        "200612": "13.36",
        "200701": "13.98",
        "200702": "16.38",
        "200703": "20.84",
        "200704": "23.56",
        "200705": "21.17",
        "200706": "22.92",
        "200707": "25.49",
        "200708": "29.64",
        "200709": "32.19",
        "200710": "27.88",
        "200711": "21.76",
        "200712": "16.84",
        "200801": "14.24",
        "200802": "13.43",
        "200803": "18.21",
        "200804": "23.30",
        "200805": "22.87",
        "200806": "18.15",
        "200807": "14.72",
        "200808": "14.55",
        "200809": "10.41",
        "200810": "7.89",
        "200811": "7.51",
        "200812": "6.75",
        "200901": "6.86",
        "200902": "6.74",
        "200903": "7.92",
        "200904": "8.53",
        "200905": "7.53",
        "200906": "7.19",
        "200907": "7.75",
        "200908": "7.67",
        "200909": "7.99",
        "200910": "17.55",
        "200911": "14.63",
        "200912": "15.85",
        "201001": "13.87",
        "201002": "10.85",
        "201003": "13.26",
        "201004": "14.26",
        "201005": "13.40",
        "201006": "13.03",
        "201007": "14.37",
        "201008": "15.87",
        "201009": "17.70",
        "201010": "18.79",
        "201011": "16.46",
        "201012": "16.60",
        "201101": "14.80",
        "201102": "13.14",
        "201103": "12.77",
        "201104": "13.26",
        "201105": "11.93",
        "201106": "10.43",
        "201107": "10.08",
        "201108": "9.33",
        "201109": "8.60",
        "201110": "7.38",
        "201111": "5.19",
        "201112": "4.16",
        "201201": "4.05",
        "201202": "6.02",
        "201203": "6.02",
        "201204": "3.58",
        "201205": "2.35",
        "201206": "2.23",
        "201207": "1.94",
        "201208": "1.91",
        "201209": "2.10",
        "201210": "2.12",
        "201211": "1.94",
        "201212": "1.95",
        "201301": "2.03",
        "201302": "2.12",
        "201303": "2.00",
        "201304": "2.11",
        "201305": "2.33",
        "201306": "2.27",
        "201307": "2.30",
        "201308": "1.95",
        "201309": "1.86",
        "201310": "2.10",
        "201311": "1.89",
        "201312": "1.94",
        "201401": "2.06",
        "201402": "2.25",
        "201403": "3.26",
        "201404": "2.59",
        "201405": "2.85",
        "201406": "2.93",
        "201407": "3.03",
        "201408": "3.00",
        "201409": "2.34",
        "201410": "2.35",
        "201411": "2.53",
        "201412": "1.98",
        "201501": "9.28",
        "201502": "10.57",
        "201503": "10.10",
        "201504": "10.91",
        "201505": "13.27",
        "201506": "13.99",
        "201507": "14.05",
        "201508": "12.77",
        "201509": "7.95",
        "201510": "7.09",
        "201511": "6.33",
        "201512": "6.20",
        "201601": "6.23",
        "201602": "5.72",
        "201603": "5.57",
        "201604": "6.24",
        "201605": "5.72",
        "201606": "7.35",
        "201607": "9.62",
        "201608": "7.62",
        "201609": "6.60",
        "201610": "6.53",
        "201611": "5.89",
        "201612": "5.66",
        "201701": "5.76",
        "201702": "7.48",
        "201703": "9.07",
        "201704": "8.37",
        "201705": "8.04",
        "201706": "10.58",
        "201707": "11.07",
        "201708": "9.34",
        "201709": "10.64",
        "201710": "8.64",
        "201711": "8.35",
        "201712": "8.80",
        "201801": "9.19",
        "201802": "9.22",
        "201803": "9.42",
        "201804": "9.51",
        "201805": "10.22",
        "201806": "14.79",
        "201807": "14.33",
        "201808": "15.61",
        "201809": "15.30",
        "201810": "18.12",
        "201811": "18.29",
        "201812": "19.50",
        "201901": "25.77",
        "201902": "29.74",
        "201903": "27.47",
        "201904": "25.87",
        "201905": "24.99",
        "201906": "25.34",
        "201907": "25.81",
        "201908": "29.67",
        "201909": "29.20",
        "201910": "28.65",
        "201911": "27.46",
        "201912": "27.90",
        "202001": "21.18",
        "202002": "19.45",
        "202003": "19.14",
        "202004": "17.06",
        "202005": "17.89",
        "202006": "17.88",
        "202007": "17.24",
        "202008": "16.88",
        "202009": "17.10",
        "202010": "17.44",
        "202011": "17.28",
        "202012": "16.39",
        "202101": "17.03",
        "202102": "17.79",
        "202103": "17.85",
        "202104": "18.47",
        "202105": "22.75",
        "202106": "23.36",
        "202107": "23.18",
        "202108": "23.88",
        "202109": "25.90",
        "202110": "29.05",
        "202111": "28.33",
        "202112": "28.42",
        "202201": "28.75",
        "202202": "29.52",
        "202203": "29.55",
        "202204": "27.48",
        "202205": "25.28",
        "202206": "26.64",
        "202207": "26.58",
        "202208": "27.44",
        "202209": "27.68",
        "202210": "27.90",
        "202211": "27.55",
        "202212": "28.34",
        "202301": "27.27",
        "202302": "28.32",
        "202303": "27.28",
        "202304": "27.81",
        "202305": "28.03",
        "202306": "27.13",
        "202307": "28.35",
        "202308": "28.00",
        "202309": "28.55",
        "202310": "28.76",
        "202311": "30.58",
        "202312": "34.27"
    },
    "quarters": {
        "20011": {
            "year_quarter": 20011,
            "year": 2001,
            "quarter": 1,
            "eps": 0.31,
            "eps_growth_year": -69.9,
            "eps_4q": 2.4,
            "eps_4q_growth_year": 31.65,
            "roe": 2.2,
            "roe_4q": 2.2,
            "gross_profit": 34540,
            "gross_margin": 33.11,
            "gross_margin_4q_avg": 33.11,
            "net_income": 15790,
            "net_income_4q": null,
            "revenue": 104316,
            "revenue_4q": null,
            "common_shares": 501750,
            "book_valuer_per_share": 14.46,
            "book_valuer_per_share_4q_avg": 14.46,
            "equity": 725656,
            "current_ratio": 350.91,
            "debt_ratio": 28.6,
            "inventory_turnover_ratio": 0.57,
            "account_receivable_turnover_ratio": null,
            "reinvestment_rate": null,
            "research_to_sale_ratio": null,
            "price_fair": 0,
            "eps_avg_yearly": 0,
            "eps_latest_yearly": 0,
            "eps_growth_yearly": 0
        },
        "20012": {
            "year_quarter": 20012,
            "year": 2001,
            "quarter": 2,
            "eps": 0.15,
            "eps_growth_year": -81.48,
            "eps_4q": 1.47,
            "eps_4q_growth_year": -34.8,
            "roe": 1.27,
            "roe_4q": 3.47,
            "gross_profit": 17716,
            "gross_margin": 16.66,
            "gross_margin_4q_avg": 24.89,
            "net_income": 9207,
            "net_income_4q": null,
            "revenue": 106327,
            "revenue_4q": null,
            "common_shares": 620916,
            "book_valuer_per_share": 11.73,
            "book_valuer_per_share_4q_avg": 13.1,
            "equity": 728591,
            "current_ratio": 796.96,
            "debt_ratio": 51.4,
            "inventory_turnover_ratio": 0.66,
            "account_receivable_turnover_ratio": null,
            "reinvestment_rate": null,
            "research_to_sale_ratio": null,
            "price_fair": 0,
            "eps_avg_yearly": 0,
            "eps_latest_yearly": 0,
            "eps_growth_yearly": 0
        },
        "20013": {
            "year_quarter": 20013,
            "year": 2001,
            "quarter": 3,
            "eps": -0.52,
            "eps_growth_year": -153.06,
            "eps_4q": 0.15,
            "eps_4q_growth_year": -95.7,
            "roe": -4.51,
            "roe_4q": -1.0399999999999996,
            "gross_profit": 350,
            "gross_margin": 0.19,
            "gross_margin_4q_avg": 16.65,
            "net_income": -32030,
            "net_income_4q": null,
            "revenue": 180283,
            "revenue_4q": null,
            "common_shares": 620916,
            "book_valuer_per_share": 11.12,
            "book_valuer_per_share_4q_avg": 12.44,
            "equity": 690546,
            "current_ratio": 638.88,
            "debt_ratio": 53.14,
            "inventory_turnover_ratio": 1.17,
            "account_receivable_turnover_ratio": null,
            "reinvestment_rate": null,
            "research_to_sale_ratio": null,
            "price_fair": 0,
            "eps_avg_yearly": 0,
            "eps_latest_yearly": 0,
            "eps_growth_yearly": 0
        },
        "20014": {
            "year_quarter": 20014,
            "year": 2001,
            "quarter": 4,
            "eps": -0.37,
            "eps_growth_year": -215.62,
            "eps_4q": -0.49,
            "eps_4q_growth_year": -116.23,
            "roe": -3.39,
            "roe_4q": -4.430000000000001,
            "gross_profit": 2570,
            "gross_margin": 1.06,
            "gross_margin_4q_avg": 12.76,
            "net_income": -22853,
            "net_income_4q": null,
            "revenue": 241854,
            "revenue_4q": null,
            "common_shares": 621705,
            "book_valuer_per_share": 10.59,
            "book_valuer_per_share_4q_avg": 11.98,
            "equity": 658159,
            "current_ratio": 707.49,
            "debt_ratio": 53.01,
            "inventory_turnover_ratio": 1.55,
            "account_receivable_turnover_ratio": null,
            "reinvestment_rate": null,
            "research_to_sale_ratio": null,
            "price_fair": 0,
            "eps_avg_yearly": 0,
            "eps_latest_yearly": 0,
            "eps_growth_yearly": 0
        },
        "20021": {
            "year_quarter": 20021,
            "year": 2002,
            "quarter": 1,
            "eps": -0.34,
            "eps_growth_year": -209.68,
            "eps_4q": -1.09,
            "eps_4q_growth_year": -145.55,
            "roe": -2.98,
            "roe_4q": -9.61,
            "gross_profit": 3216,
            "gross_margin": 1.42,
            "gross_margin_4q_avg": 4.83,
            "net_income": -20658,
            "net_income_4q": null,
            "revenue": 226747,
            "revenue_4q": null,
            "common_shares": 667260,
            "book_valuer_per_share": 10.89,
            "book_valuer_per_share_4q_avg": 11.08,
            "equity": 726433,
            "current_ratio": 660.12,
            "debt_ratio": 47.43,
            "inventory_turnover_ratio": 1.47,
            "account_receivable_turnover_ratio": null,
            "reinvestment_rate": null,
            "research_to_sale_ratio": null,
            "price_fair": 0,
            "eps_avg_yearly": 0,
            "eps_latest_yearly": 0,
            "eps_growth_yearly": 0
        },
        "20022": {
            "year_quarter": 20022,
            "year": 2002,
            "quarter": 2,
            "eps": -0.2,
            "eps_growth_year": -233.33,
            "eps_4q": -1.32,
            "eps_4q_growth_year": -189.87,
            "roe": -1.76,
            "roe_4q": -12.64,
            "gross_profit": 22329,
            "gross_margin": 9.6,
            "gross_margin_4q_avg": 3.07,
            "net_income": -12870,
            "net_income_4q": null,
            "revenue": 232591,
            "revenue_4q": null,
            "common_shares": 667260,
            "book_valuer_per_share": 11.04,
            "book_valuer_per_share_4q_avg": 10.91,
            "equity": 736733,
            "current_ratio": 499.64,
            "debt_ratio": 47.89,
            "inventory_turnover_ratio": 1.5,
            "account_receivable_turnover_ratio": null,
            "reinvestment_rate": null,
            "research_to_sale_ratio": null,
            "price_fair": 0,
            "eps_avg_yearly": 0,
            "eps_latest_yearly": 0,
            "eps_growth_yearly": 0
        },
        "20023": {
            "year_quarter": 20023,
            "year": 2002,
            "quarter": 3,
            "eps": -0.56,
            "eps_growth_year": null,
            "eps_4q": -1.39,
            "eps_4q_growth_year": -1042.62,
            "roe": -5.1,
            "roe_4q": -13.23,
            "gross_profit": -8611,
            "gross_margin": -3.38,
            "gross_margin_4q_avg": 2.18,
            "net_income": -36063,
            "net_income_4q": null,
            "revenue": 254781,
            "revenue_4q": null,
            "common_shares": 667260,
            "book_valuer_per_share": 10.16,
            "book_valuer_per_share_4q_avg": 10.67,
            "equity": 678025,
            "current_ratio": 408.62,
            "debt_ratio": 50.37,
            "inventory_turnover_ratio": 1.83,
            "account_receivable_turnover_ratio": null,
            "reinvestment_rate": null,
            "research_to_sale_ratio": null,
            "price_fair": 0,
            "eps_avg_yearly": 0,
            "eps_latest_yearly": 0,
            "eps_growth_yearly": 0
        },
        "20024": {
            "year_quarter": 20024,
            "year": 2002,
            "quarter": 4,
            "eps": -0.35,
            "eps_growth_year": null,
            "eps_4q": -1.44,
            "eps_4q_growth_year": null,
            "roe": -3.39,
            "roe_4q": -13.23,
            "gross_profit": 4731,
            "gross_margin": 2.23,
            "gross_margin_4q_avg": 2.47,
            "net_income": -22560,
            "net_income_4q": null,
            "revenue": 212124,
            "revenue_4q": null,
            "common_shares": 667260,
            "book_valuer_per_share": 9.8,
            "book_valuer_per_share_4q_avg": 10.47,
            "equity": 653661,
            "current_ratio": 469.29,
            "debt_ratio": 53.35,
            "inventory_turnover_ratio": 1.25,
            "account_receivable_turnover_ratio": null,
            "reinvestment_rate": 202.6,
            "research_to_sale_ratio": null,
            "price_fair": 0,
            "eps_avg_yearly": 0,
            "eps_latest_yearly": 0,
            "eps_growth_yearly": 0
        },
        "20031": {
            "year_quarter": 20031,
            "year": 2003,
            "quarter": 1,
            "eps": -0.47,
            "eps_growth_year": null,
            "eps_4q": -1.59,
            "eps_4q_growth_year": null,
            "roe": -4.71,
            "roe_4q": -14.959999999999999,
            "gross_profit": 9690,
            "gross_margin": 7.56,
            "gross_margin_4q_avg": 4,
            "net_income": -30095,
            "net_income_4q": null,
            "revenue": 128260,
            "revenue_4q": null,
            "common_shares": 667260,
            "book_valuer_per_share": 9.35,
            "book_valuer_per_share_4q_avg": 10.09,
            "equity": 623756,
            "current_ratio": 572.11,
            "debt_ratio": 52.92,
            "inventory_turnover_ratio": 0.65,
            "account_receivable_turnover_ratio": null,
            "reinvestment_rate": 423.24,
            "research_to_sale_ratio": null,
            "price_fair": 0,
            "eps_avg_yearly": 0,
            "eps_latest_yearly": 0,
            "eps_growth_yearly": 0
        },
        "20032": {
            "year_quarter": 20032,
            "year": 2003,
            "quarter": 2,
            "eps": -0.61,
            "eps_growth_year": null,
            "eps_4q": -1.91,
            "eps_4q_growth_year": null,
            "roe": -6.46,
            "roe_4q": -19.66,
            "gross_profit": 9298,
            "gross_margin": 8.33,
            "gross_margin_4q_avg": 3.69,
            "net_income": -39044,
            "net_income_4q": null,
            "revenue": 111648,
            "revenue_4q": null,
            "common_shares": 667260,
            "book_valuer_per_share": 8.76,
            "book_valuer_per_share_4q_avg": 9.52,
            "equity": 584631,
            "current_ratio": 120.28,
            "debt_ratio": 57.74,
            "inventory_turnover_ratio": 0.51,
            "account_receivable_turnover_ratio": null,
            "reinvestment_rate": null,
            "research_to_sale_ratio": null,
            "price_fair": 0,
            "eps_avg_yearly": 0,
            "eps_latest_yearly": 0,
            "eps_growth_yearly": 0
        },
        "20033": {
            "year_quarter": 20033,
            "year": 2003,
            "quarter": 3,
            "eps": -1.52,
            "eps_growth_year": null,
            "eps_4q": -2.83,
            "eps_4q_growth_year": null,
            "roe": -18.15,
            "roe_4q": -32.71,
            "gross_profit": 26030,
            "gross_margin": 18.01,
            "gross_margin_4q_avg": 9.03,
            "net_income": -97336,
            "net_income_4q": null,
            "revenue": 144540,
            "revenue_4q": null,
            "common_shares": 667260,
            "book_valuer_per_share": 7.31,
            "book_valuer_per_share_4q_avg": 8.81,
            "equity": 487950,
            "current_ratio": 131.36,
            "debt_ratio": 64.9,
            "inventory_turnover_ratio": 0.55,
            "account_receivable_turnover_ratio": null,
            "reinvestment_rate": null,
            "research_to_sale_ratio": null,
            "price_fair": 0,
            "eps_avg_yearly": 0,
            "eps_latest_yearly": 0,
            "eps_growth_yearly": 0
        },
        "20034": {
            "year_quarter": 20034,
            "year": 2003,
            "quarter": 4,
            "eps": -0.66,
            "eps_growth_year": null,
            "eps_4q": -3.26,
            "eps_4q_growth_year": null,
            "roe": -9.16,
            "roe_4q": -38.48,
            "gross_profit": 37846,
            "gross_margin": 23.94,
            "gross_margin_4q_avg": 14.46,
            "net_income": -42688,
            "net_income_4q": null,
            "revenue": 158106,
            "revenue_4q": null,
            "common_shares": 667260,
            "book_valuer_per_share": 6.66,
            "book_valuer_per_share_4q_avg": 8.02,
            "equity": 444138,
            "current_ratio": 112.35,
            "debt_ratio": 68.83,
            "inventory_turnover_ratio": 0.59,
            "account_receivable_turnover_ratio": null,
            "reinvestment_rate": null,
            "research_to_sale_ratio": null,
            "price_fair": 0,
            "eps_avg_yearly": 0,
            "eps_latest_yearly": 0,
            "eps_growth_yearly": 0
        },
        "20041": {
            "year_quarter": 20041,
            "year": 2004,
            "quarter": 1,
            "eps": 0.05,
            "eps_growth_year": null,
            "eps_4q": -2.91,
            "eps_4q_growth_year": null,
            "roe": 0.68,
            "roe_4q": -33.089999999999996,
            "gross_profit": 45843,
            "gross_margin": 27.66,
            "gross_margin_4q_avg": 19.49,
            "net_income": 3023,
            "net_income_4q": null,
            "revenue": 165732,
            "revenue_4q": null,
            "common_shares": 667260,
            "book_valuer_per_share": 6.67,
            "book_valuer_per_share_4q_avg": 7.35,
            "equity": 445392,
            "current_ratio": 111.44,
            "debt_ratio": 64.35,
            "inventory_turnover_ratio": 0.73,
            "account_receivable_turnover_ratio": null,
            "reinvestment_rate": null,
            "research_to_sale_ratio": null,
            "price_fair": 0,
            "eps_avg_yearly": 0,
            "eps_latest_yearly": 0,
            "eps_growth_yearly": 0
        },
        "20042": {
            "year_quarter": 20042,
            "year": 2004,
            "quarter": 2,
            "eps": -1.04,
            "eps_growth_year": null,
            "eps_4q": -2.68,
            "eps_4q_growth_year": null,
            "roe": -14.09,
            "roe_4q": -40.72,
            "gross_profit": 39781,
            "gross_margin": 27.3,
            "gross_margin_4q_avg": 24.23,
            "net_income": -66620,
            "net_income_4q": null,
            "revenue": 145742,
            "revenue_4q": null,
            "common_shares": 761181,
            "book_valuer_per_share": 6.57,
            "book_valuer_per_share_4q_avg": 6.8,
            "equity": 500271,
            "current_ratio": 136.68,
            "debt_ratio": 55.39,
            "inventory_turnover_ratio": 0.76,
            "account_receivable_turnover_ratio": null,
            "reinvestment_rate": null,
            "research_to_sale_ratio": null,
            "price_fair": 0,
            "eps_avg_yearly": 0,
            "eps_latest_yearly": 0,
            "eps_growth_yearly": 0
        },
        "20043": {
            "year_quarter": 20043,
            "year": 2004,
            "quarter": 3,
            "eps": -0.71,
            "eps_growth_year": null,
            "eps_4q": -2.03,
            "eps_4q_growth_year": null,
            "roe": -10.03,
            "roe_4q": -32.599999999999994,
            "gross_profit": 22189,
            "gross_margin": 17.89,
            "gross_margin_4q_avg": 24.2,
            "net_income": -47773,
            "net_income_4q": null,
            "revenue": 124041,
            "revenue_4q": null,
            "common_shares": 759330,
            "book_valuer_per_share": 5.96,
            "book_valuer_per_share_4q_avg": 6.47,
            "equity": 452647,
            "current_ratio": 113.25,
            "debt_ratio": 56.09,
            "inventory_turnover_ratio": 0.75,
            "account_receivable_turnover_ratio": null,
            "reinvestment_rate": null,
            "research_to_sale_ratio": null,
            "price_fair": 0,
            "eps_avg_yearly": 0,
            "eps_latest_yearly": 0,
            "eps_growth_yearly": 0
        },
        "20044": {
            "year_quarter": 20044,
            "year": 2004,
            "quarter": 4,
            "eps": -0.51,
            "eps_growth_year": null,
            "eps_4q": -2.12,
            "eps_4q_growth_year": null,
            "roe": -8.06,
            "roe_4q": -31.5,
            "gross_profit": 4632,
            "gross_margin": 4.12,
            "gross_margin_4q_avg": 19.24,
            "net_income": -35045,
            "net_income_4q": null,
            "revenue": 112380,
            "revenue_4q": null,
            "common_shares": 759331,
            "book_valuer_per_share": 5.49,
            "book_valuer_per_share_4q_avg": 6.17,
            "equity": 416631,
            "current_ratio": 113.94,
            "debt_ratio": 57.71,
            "inventory_turnover_ratio": 0.78,
            "account_receivable_turnover_ratio": null,
            "reinvestment_rate": null,
            "research_to_sale_ratio": null,
            "price_fair": 0,
            "eps_avg_yearly": 0,
            "eps_latest_yearly": 0,
            "eps_growth_yearly": 0
        },
        "20051": {
            "year_quarter": 20051,
            "year": 2005,
            "quarter": 1,
            "eps": -0.37,
            "eps_growth_year": -840,
            "eps_4q": -2.4,
            "eps_4q_growth_year": null,
            "roe": -6.76,
            "roe_4q": -38.94,
            "gross_profit": 9607,
            "gross_margin": 6.58,
            "gross_margin_4q_avg": 13.97,
            "net_income": -27247,
            "net_income_4q": null,
            "revenue": 146044,
            "revenue_4q": null,
            "common_shares": 759331,
            "book_valuer_per_share": 5.13,
            "book_valuer_per_share_4q_avg": 5.79,
            "equity": 389271,
            "current_ratio": 112.16,
            "debt_ratio": 57.01,
            "inventory_turnover_ratio": 1.03,
            "account_receivable_turnover_ratio": null,
            "reinvestment_rate": null,
            "research_to_sale_ratio": null,
            "price_fair": 0,
            "eps_avg_yearly": 0,
            "eps_latest_yearly": 0,
            "eps_growth_yearly": 0
        },
        "20052": {
            "year_quarter": 20052,
            "year": 2005,
            "quarter": 2,
            "eps": -0.42,
            "eps_growth_year": null,
            "eps_4q": -1.85,
            "eps_4q_growth_year": null,
            "roe": -8.21,
            "roe_4q": -33.06,
            "gross_profit": 23087,
            "gross_margin": 18.28,
            "gross_margin_4q_avg": 11.72,
            "net_income": -30658,
            "net_income_4q": null,
            "revenue": 126300,
            "revenue_4q": null,
            "common_shares": 759331,
            "book_valuer_per_share": 4.71,
            "book_valuer_per_share_4q_avg": 5.32,
            "equity": 357431,
            "current_ratio": 127.93,
            "debt_ratio": 54.23,
            "inventory_turnover_ratio": 0.91,
            "account_receivable_turnover_ratio": null,
            "reinvestment_rate": null,
            "research_to_sale_ratio": null,
            "price_fair": 0,
            "eps_avg_yearly": 0,
            "eps_latest_yearly": 0,
            "eps_growth_yearly": 0
        },
        "20053": {
            "year_quarter": 20053,
            "year": 2005,
            "quarter": 3,
            "eps": -0.58,
            "eps_growth_year": null,
            "eps_4q": -1.84,
            "eps_4q_growth_year": null,
            "roe": -12.73,
            "roe_4q": -35.760000000000005,
            "gross_profit": 22858,
            "gross_margin": 21.79,
            "gross_margin_4q_avg": 12.69,
            "net_income": -42904,
            "net_income_4q": null,
            "revenue": 104909,
            "revenue_4q": null,
            "common_shares": 739331,
            "book_valuer_per_share": 4.28,
            "book_valuer_per_share_4q_avg": 4.9,
            "equity": 316473,
            "current_ratio": 97.68,
            "debt_ratio": 56.7,
            "inventory_turnover_ratio": 0.79,
            "account_receivable_turnover_ratio": null,
            "reinvestment_rate": null,
            "research_to_sale_ratio": null,
            "price_fair": 0,
            "eps_avg_yearly": 0,
            "eps_latest_yearly": 0,
            "eps_growth_yearly": 0
        },
        "20054": {
            "year_quarter": 20054,
            "year": 2005,
            "quarter": 4,
            "eps": -0.66,
            "eps_growth_year": null,
            "eps_4q": -1.97,
            "eps_4q_growth_year": null,
            "roe": -16.79,
            "roe_4q": -44.49,
            "gross_profit": 18694,
            "gross_margin": 21.67,
            "gross_margin_4q_avg": 17.08,
            "net_income": -48887,
            "net_income_4q": null,
            "revenue": 86281,
            "revenue_4q": null,
            "common_shares": 736101,
            "book_valuer_per_share": 3.63,
            "book_valuer_per_share_4q_avg": 4.44,
            "equity": 265873,
            "current_ratio": 100.57,
            "debt_ratio": 64.29,
            "inventory_turnover_ratio": 0.57,
            "account_receivable_turnover_ratio": null,
            "reinvestment_rate": null,
            "research_to_sale_ratio": null,
            "price_fair": 0,
            "eps_avg_yearly": 0,
            "eps_latest_yearly": 0,
            "eps_growth_yearly": 0
        },
        "20061": {
            "year_quarter": 20061,
            "year": 2006,
            "quarter": 1,
            "eps": -0.18,
            "eps_growth_year": null,
            "eps_4q": -1.86,
            "eps_4q_growth_year": null,
            "roe": -5.04,
            "roe_4q": -42.77,
            "gross_profit": 19966,
            "gross_margin": 17.28,
            "gross_margin_4q_avg": 19.76,
            "net_income": -13101,
            "net_income_4q": null,
            "revenue": 115518,
            "revenue_4q": null,
            "common_shares": 736101,
            "book_valuer_per_share": 3.45,
            "book_valuer_per_share_4q_avg": 4.02,
            "equity": 254055,
            "current_ratio": 111.27,
            "debt_ratio": 60.34,
            "inventory_turnover_ratio": 0.82,
            "account_receivable_turnover_ratio": null,
            "reinvestment_rate": null,
            "research_to_sale_ratio": null,
            "price_fair": 0,
            "eps_avg_yearly": 0,
            "eps_latest_yearly": 0,
            "eps_growth_yearly": 0
        },
        "20062": {
            "year_quarter": 20062,
            "year": 2006,
            "quarter": 2,
            "eps": 0.2,
            "eps_growth_year": null,
            "eps_4q": -1.21,
            "eps_4q_growth_year": null,
            "roe": 5.71,
            "roe_4q": -28.849999999999998,
            "gross_profit": 39179,
            "gross_margin": 28.76,
            "gross_margin_4q_avg": 22.38,
            "net_income": 14923,
            "net_income_4q": null,
            "revenue": 136230,
            "revenue_4q": null,
            "common_shares": 736101,
            "book_valuer_per_share": 3.65,
            "book_valuer_per_share_4q_avg": 3.75,
            "equity": 268964,
            "current_ratio": 112.04,
            "debt_ratio": 58.88,
            "inventory_turnover_ratio": 0.96,
            "account_receivable_turnover_ratio": null,
            "reinvestment_rate": null,
            "research_to_sale_ratio": null,
            "price_fair": 0,
            "eps_avg_yearly": 0,
            "eps_latest_yearly": 0,
            "eps_growth_yearly": 0
        },
        "20063": {
            "year_quarter": 20063,
            "year": 2006,
            "quarter": 3,
            "eps": 0.87,
            "eps_growth_year": null,
            "eps_4q": -0.88,
            "eps_4q_growth_year": null,
            "roe": 8.36,
            "roe_4q": -7.759999999999998,
            "gross_profit": 49454,
            "gross_margin": 34.11,
            "gross_margin_4q_avg": 25.46,
            "net_income": 23446,
            "net_income_4q": null,
            "revenue": 144979,
            "revenue_4q": null,
            "common_shares": 268013,
            "book_valuer_per_share": 10.89,
            "book_valuer_per_share_4q_avg": 5.41,
            "equity": 291733,
            "current_ratio": 129.85,
            "debt_ratio": 59.72,
            "inventory_turnover_ratio": 0.93,
            "account_receivable_turnover_ratio": null,
            "reinvestment_rate": null,
            "research_to_sale_ratio": null,
            "price_fair": 121.8,
            "eps_avg_yearly": 3.48,
            "eps_latest_yearly": 3.48,
            "eps_growth_yearly": 1340
        },
        "20064": {
            "year_quarter": 20064,
            "year": 2006,
            "quarter": 4,
            "eps": -0.01,
            "eps_growth_year": null,
            "eps_4q": 0.95,
            "eps_4q_growth_year": null,
            "roe": -0.12,
            "roe_4q": 8.91,
            "gross_profit": 35210,
            "gross_margin": 27.44,
            "gross_margin_4q_avg": 26.9,
            "net_income": -357,
            "net_income_4q": null,
            "revenue": 128301,
            "revenue_4q": null,
            "common_shares": 268013,
            "book_valuer_per_share": 10.88,
            "book_valuer_per_share_4q_avg": 7.22,
            "equity": 289916,
            "current_ratio": 128.32,
            "debt_ratio": 57.65,
            "inventory_turnover_ratio": 0.81,
            "account_receivable_turnover_ratio": null,
            "reinvestment_rate": null,
            "research_to_sale_ratio": null,
            "price_fair": 121.8,
            "eps_avg_yearly": 3.48,
            "eps_latest_yearly": 3.48,
            "eps_growth_yearly": 1340
        },
        "20071": {
            "year_quarter": 20071,
            "year": 2007,
            "quarter": 1,
            "eps": 0.45,
            "eps_growth_year": null,
            "eps_4q": 1.8,
            "eps_4q_growth_year": null,
            "roe": 4.08,
            "roe_4q": 18.03,
            "gross_profit": 46368,
            "gross_margin": 29.87,
            "gross_margin_4q_avg": 30.05,
            "net_income": 12671,
            "net_income_4q": null,
            "revenue": 155220,
            "revenue_4q": null,
            "common_shares": 268013,
            "book_valuer_per_share": 12.33,
            "book_valuer_per_share_4q_avg": 9.44,
            "equity": 330471,
            "current_ratio": 214.12,
            "debt_ratio": 52.56,
            "inventory_turnover_ratio": 1,
            "account_receivable_turnover_ratio": null,
            "reinvestment_rate": null,
            "research_to_sale_ratio": null,
            "price_fair": 121.8,
            "eps_avg_yearly": 3.48,
            "eps_latest_yearly": 3.48,
            "eps_growth_yearly": 1340
        },
        "20072": {
            "year_quarter": 20072,
            "year": 2007,
            "quarter": 2,
            "eps": 0.9,
            "eps_growth_year": 350,
            "eps_4q": 2.16,
            "eps_4q_growth_year": null,
            "roe": 7.47,
            "roe_4q": 19.79,
            "gross_profit": 53131,
            "gross_margin": 37.54,
            "gross_margin_4q_avg": 32.24,
            "net_income": 25551,
            "net_income_4q": null,
            "revenue": 141541,
            "revenue_4q": null,
            "common_shares": 288813,
            "book_valuer_per_share": 12.26,
            "book_valuer_per_share_4q_avg": 11.59,
            "equity": 354003,
            "current_ratio": 168.34,
            "debt_ratio": 50.94,
            "inventory_turnover_ratio": 1,
            "account_receivable_turnover_ratio": null,
            "reinvestment_rate": null,
            "research_to_sale_ratio": null,
            "price_fair": 123.9,
            "eps_avg_yearly": 3.54,
            "eps_latest_yearly": 3.6,
            "eps_growth_yearly": 870
        },
        "20073": {
            "year_quarter": 20073,
            "year": 2007,
            "quarter": 3,
            "eps": 0.56,
            "eps_growth_year": -35.63,
            "eps_4q": 1.8,
            "eps_4q_growth_year": null,
            "roe": 4.61,
            "roe_4q": 16.04,
            "gross_profit": 49773,
            "gross_margin": 35.17,
            "gross_margin_4q_avg": 32.51,
            "net_income": 17091,
            "net_income_4q": null,
            "revenue": 141505,
            "revenue_4q": null,
            "common_shares": 308288,
            "book_valuer_per_share": 12.57,
            "book_valuer_per_share_4q_avg": 12.01,
            "equity": 387559,
            "current_ratio": 162.39,
            "debt_ratio": 58.22,
            "inventory_turnover_ratio": 0.93,
            "account_receivable_turnover_ratio": null,
            "reinvestment_rate": null,
            "research_to_sale_ratio": null,
            "price_fair": 108.73,
            "eps_avg_yearly": 3.11,
            "eps_latest_yearly": 2.24,
            "eps_growth_yearly": 529.63
        },
        "20074": {
            "year_quarter": 20074,
            "year": 2007,
            "quarter": 4,
            "eps": 0.83,
            "eps_growth_year": null,
            "eps_4q": 2.63,
            "eps_4q_growth_year": 177.89,
            "roe": 6.52,
            "roe_4q": 22.68,
            "gross_profit": 61363,
            "gross_margin": 37.08,
            "gross_margin_4q_avg": 34.92,
            "net_income": 25474,
            "net_income_4q": null,
            "revenue": 165494,
            "revenue_4q": null,
            "common_shares": 308288,
            "book_valuer_per_share": 12.81,
            "book_valuer_per_share_4q_avg": 12.49,
            "equity": 393991,
            "current_ratio": 169.62,
            "debt_ratio": 54.95,
            "inventory_turnover_ratio": 0.94,
            "account_receivable_turnover_ratio": null,
            "reinvestment_rate": null,
            "research_to_sale_ratio": null,
            "price_fair": 110.6,
            "eps_avg_yearly": 3.16,
            "eps_latest_yearly": 3.32,
            "eps_growth_yearly": 445.44
        },
        "20081": {
            "year_quarter": 20081,
            "year": 2008,
            "quarter": 1,
            "eps": 0.28,
            "eps_growth_year": -37.78,
            "eps_4q": 2.5,
            "eps_4q_growth_year": 39.1,
            "roe": 2.15,
            "roe_4q": 20.75,
            "gross_profit": 47167,
            "gross_margin": 31.4,
            "gross_margin_4q_avg": 35.3,
            "net_income": 8577,
            "net_income_4q": null,
            "revenue": 150232,
            "revenue_4q": null,
            "common_shares": 308288,
            "book_valuer_per_share": 13.08,
            "book_valuer_per_share_4q_avg": 12.68,
            "equity": 402180,
            "current_ratio": 176.19,
            "debt_ratio": 51.88,
            "inventory_turnover_ratio": 1.05,
            "account_receivable_turnover_ratio": null,
            "reinvestment_rate": null,
            "research_to_sale_ratio": null,
            "price_fair": 96.32,
            "eps_avg_yearly": 2.75,
            "eps_latest_yearly": 1.12,
            "eps_growth_yearly": 303.34
        },
        "20082": {
            "year_quarter": 20082,
            "year": 2008,
            "quarter": 2,
            "eps": 1.16,
            "eps_growth_year": 28.89,
            "eps_4q": 2.82,
            "eps_4q_growth_year": 30.42,
            "roe": 8.55,
            "roe_4q": 21.83,
            "gross_profit": 43794,
            "gross_margin": 28.09,
            "gross_margin_4q_avg": 32.94,
            "net_income": 35811,
            "net_income_4q": null,
            "revenue": 155912,
            "revenue_4q": null,
            "common_shares": 308288,
            "book_valuer_per_share": 14.16,
            "book_valuer_per_share_4q_avg": 13.16,
            "equity": 435823,
            "current_ratio": 177.25,
            "debt_ratio": 52.97,
            "inventory_turnover_ratio": 1.15,
            "account_receivable_turnover_ratio": null,
            "reinvestment_rate": null,
            "research_to_sale_ratio": null,
            "price_fair": 107.33,
            "eps_avg_yearly": 3.07,
            "eps_latest_yearly": 4.64,
            "eps_growth_yearly": 462.3
        },
        "20083": {
            "year_quarter": 20083,
            "year": 2008,
            "quarter": 3,
            "eps": -0.1,
            "eps_growth_year": -117.86,
            "eps_4q": 1.81,
            "eps_4q_growth_year": 0.47,
            "roe": -0.88,
            "roe_4q": 16.34,
            "gross_profit": 46130,
            "gross_margin": 29.66,
            "gross_margin_4q_avg": 31.56,
            "net_income": -3827,
            "net_income_4q": null,
            "revenue": 155518,
            "revenue_4q": null,
            "common_shares": 365000,
            "book_valuer_per_share": 11.84,
            "book_valuer_per_share_4q_avg": 12.97,
            "equity": 431983,
            "current_ratio": 210,
            "debt_ratio": 49.75,
            "inventory_turnover_ratio": 1.11,
            "account_receivable_turnover_ratio": null,
            "reinvestment_rate": null,
            "research_to_sale_ratio": null,
            "price_fair": 107.33,
            "eps_avg_yearly": 3.07,
            "eps_latest_yearly": 4.64,
            "eps_growth_yearly": 462.3
        },
        "20084": {
            "year_quarter": 20084,
            "year": 2008,
            "quarter": 4,
            "eps": -0.08,
            "eps_growth_year": -109.64,
            "eps_4q": 1.04,
            "eps_4q_growth_year": -60.49,
            "roe": -0.67,
            "roe_4q": 9.15,
            "gross_profit": 21493,
            "gross_margin": 23.38,
            "gross_margin_4q_avg": 28.13,
            "net_income": -2831,
            "net_income_4q": null,
            "revenue": 91941,
            "revenue_4q": null,
            "common_shares": 365000,
            "book_valuer_per_share": 11.4,
            "book_valuer_per_share_4q_avg": 12.62,
            "equity": 416499,
            "current_ratio": 109.4,
            "debt_ratio": 46.54,
            "inventory_turnover_ratio": 0.95,
            "account_receivable_turnover_ratio": 1.45,
            "reinvestment_rate": null,
            "research_to_sale_ratio": null,
            "price_fair": 107.33,
            "eps_avg_yearly": 3.07,
            "eps_latest_yearly": 4.64,
            "eps_growth_yearly": 462.3
        },
        "20091": {
            "year_quarter": 20091,
            "year": 2009,
            "quarter": 1,
            "eps": -1.64,
            "eps_growth_year": -685.71,
            "eps_4q": -0.77,
            "eps_4q_growth_year": -130.79,
            "roe": -14.77,
            "roe_4q": -7.77,
            "gross_profit": -23941,
            "gross_margin": -91.45,
            "gross_margin_4q_avg": -2.58,
            "net_income": -57287,
            "net_income_4q": null,
            "revenue": 26178,
            "revenue_4q": null,
            "common_shares": 365000,
            "book_valuer_per_share": 9.85,
            "book_valuer_per_share_4q_avg": 11.81,
            "equity": 359142,
            "current_ratio": 127.84,
            "debt_ratio": 48.39,
            "inventory_turnover_ratio": 0.94,
            "account_receivable_turnover_ratio": 0.23,
            "reinvestment_rate": null,
            "research_to_sale_ratio": null,
            "price_fair": 107.33,
            "eps_avg_yearly": 3.07,
            "eps_latest_yearly": 4.64,
            "eps_growth_yearly": 462.3
        },
        "20092": {
            "year_quarter": 20092,
            "year": 2009,
            "quarter": 2,
            "eps": -0.95,
            "eps_growth_year": -181.9,
            "eps_4q": -2.67,
            "eps_4q_growth_year": -194.62,
            "roe": -9.73,
            "roe_4q": -26.05,
            "gross_profit": -115,
            "gross_margin": -0.3,
            "gross_margin_4q_avg": -9.68,
            "net_income": -33333,
            "net_income_4q": null,
            "revenue": 38250,
            "revenue_4q": null,
            "common_shares": 365000,
            "book_valuer_per_share": 8.96,
            "book_valuer_per_share_4q_avg": 10.51,
            "equity": 326046,
            "current_ratio": 119.05,
            "debt_ratio": 51.87,
            "inventory_turnover_ratio": 0.79,
            "account_receivable_turnover_ratio": 0.39,
            "reinvestment_rate": null,
            "research_to_sale_ratio": null,
            "price_fair": 107.33,
            "eps_avg_yearly": 3.07,
            "eps_latest_yearly": 4.64,
            "eps_growth_yearly": 462.3
        },
        "20093": {
            "year_quarter": 20093,
            "year": 2009,
            "quarter": 3,
            "eps": -1.22,
            "eps_growth_year": null,
            "eps_4q": -3.73,
            "eps_4q_growth_year": -306.06,
            "roe": -13.98,
            "roe_4q": -39.150000000000006,
            "gross_profit": 658,
            "gross_margin": 1.37,
            "gross_margin_4q_avg": -16.75,
            "net_income": -42620,
            "net_income_4q": null,
            "revenue": 48155,
            "revenue_4q": null,
            "common_shares": 365000,
            "book_valuer_per_share": 7.82,
            "book_valuer_per_share_4q_avg": 9.51,
            "equity": 283548,
            "current_ratio": 116.55,
            "debt_ratio": 40.67,
            "inventory_turnover_ratio": 0.88,
            "account_receivable_turnover_ratio": 0.5,
            "reinvestment_rate": null,
            "research_to_sale_ratio": null,
            "price_fair": 107.33,
            "eps_avg_yearly": 3.07,
            "eps_latest_yearly": 4.64,
            "eps_growth_yearly": 462.3
        },
        "20094": {
            "year_quarter": 20094,
            "year": 2009,
            "quarter": 4,
            "eps": -0.85,
            "eps_growth_year": null,
            "eps_4q": -4.5,
            "eps_4q_growth_year": -532.79,
            "roe": -11.04,
            "roe_4q": -49.519999999999996,
            "gross_profit": -2261,
            "gross_margin": -4.45,
            "gross_margin_4q_avg": -23.71,
            "net_income": -31048,
            "net_income_4q": null,
            "revenue": 50833,
            "revenue_4q": null,
            "common_shares": 365000,
            "book_valuer_per_share": 7.7,
            "book_valuer_per_share_4q_avg": 8.58,
            "equity": 278928,
            "current_ratio": 116.59,
            "debt_ratio": 39.48,
            "inventory_turnover_ratio": 0.87,
            "account_receivable_turnover_ratio": 1.03,
            "reinvestment_rate": null,
            "research_to_sale_ratio": null,
            "price_fair": 107.33,
            "eps_avg_yearly": 3.07,
            "eps_latest_yearly": 4.64,
            "eps_growth_yearly": 462.3
        },
        "20101": {
            "year_quarter": 20101,
            "year": 2010,
            "quarter": 1,
            "eps": -0.27,
            "eps_growth_year": null,
            "eps_4q": -3.2,
            "eps_4q_growth_year": null,
            "roe": -3.55,
            "roe_4q": -38.3,
            "gross_profit": 11881,
            "gross_margin": 19.95,
            "gross_margin_4q_avg": 4.14,
            "net_income": -9736,
            "net_income_4q": null,
            "revenue": 59556,
            "revenue_4q": null,
            "common_shares": 365000,
            "book_valuer_per_share": 7.41,
            "book_valuer_per_share_4q_avg": 7.97,
            "equity": 269167,
            "current_ratio": 113.26,
            "debt_ratio": 39.56,
            "inventory_turnover_ratio": 0.81,
            "account_receivable_turnover_ratio": 0.6,
            "reinvestment_rate": null,
            "research_to_sale_ratio": 10.79,
            "price_fair": 107.33,
            "eps_avg_yearly": 3.07,
            "eps_latest_yearly": 4.64,
            "eps_growth_yearly": 462.3
        },
        "20102": {
            "year_quarter": 20102,
            "year": 2010,
            "quarter": 2,
            "eps": -0.48,
            "eps_growth_year": null,
            "eps_4q": -2.77,
            "eps_4q_growth_year": null,
            "roe": -6.77,
            "roe_4q": -35.34,
            "gross_profit": 11028,
            "gross_margin": 16.34,
            "gross_margin_4q_avg": 8.3,
            "net_income": -17629,
            "net_income_4q": null,
            "revenue": 67503,
            "revenue_4q": null,
            "common_shares": 365000,
            "book_valuer_per_share": 6.94,
            "book_valuer_per_share_4q_avg": 7.47,
            "equity": 251734,
            "current_ratio": 105.29,
            "debt_ratio": 46.46,
            "inventory_turnover_ratio": 0.95,
            "account_receivable_turnover_ratio": 0.62,
            "reinvestment_rate": null,
            "research_to_sale_ratio": 15.73,
            "price_fair": 107.33,
            "eps_avg_yearly": 3.07,
            "eps_latest_yearly": 4.64,
            "eps_growth_yearly": 462.3
        },
        "20103": {
            "year_quarter": 20103,
            "year": 2010,
            "quarter": 3,
            "eps": -0.3,
            "eps_growth_year": null,
            "eps_4q": -1.9,
            "eps_4q_growth_year": null,
            "roe": -4.4,
            "roe_4q": -25.759999999999998,
            "gross_profit": 17405,
            "gross_margin": 20.65,
            "gross_margin_4q_avg": 13.12,
            "net_income": -10875,
            "net_income_4q": null,
            "revenue": 84301,
            "revenue_4q": null,
            "common_shares": 365000,
            "book_valuer_per_share": 6.71,
            "book_valuer_per_share_4q_avg": 7.19,
            "equity": 242557,
            "current_ratio": 103.38,
            "debt_ratio": 49.44,
            "inventory_turnover_ratio": 0.92,
            "account_receivable_turnover_ratio": 0.74,
            "reinvestment_rate": null,
            "research_to_sale_ratio": 9.58,
            "price_fair": 104.44,
            "eps_avg_yearly": 2.98,
            "eps_latest_yearly": 4.64,
            "eps_growth_yearly": 286.77
        },
        "20104": {
            "year_quarter": 20104,
            "year": 2010,
            "quarter": 4,
            "eps": -0.24,
            "eps_growth_year": null,
            "eps_4q": -1.29,
            "eps_4q_growth_year": null,
            "roe": -3.73,
            "roe_4q": -18.45,
            "gross_profit": 12834,
            "gross_margin": 19.45,
            "gross_margin_4q_avg": 19.1,
            "net_income": -8935,
            "net_income_4q": null,
            "revenue": 65979,
            "revenue_4q": null,
            "common_shares": 366788,
            "book_valuer_per_share": 6.45,
            "book_valuer_per_share_4q_avg": 6.88,
            "equity": 236758,
            "current_ratio": 104.05,
            "debt_ratio": 46.34,
            "inventory_turnover_ratio": 0.68,
            "account_receivable_turnover_ratio": 0.69,
            "reinvestment_rate": null,
            "research_to_sale_ratio": 8.26,
            "price_fair": 104.44,
            "eps_avg_yearly": 2.98,
            "eps_latest_yearly": 4.64,
            "eps_growth_yearly": 286.77
        },
        "20111": {
            "year_quarter": 20111,
            "year": 2011,
            "quarter": 1,
            "eps": -0.23,
            "eps_growth_year": null,
            "eps_4q": -1.25,
            "eps_4q_growth_year": null,
            "roe": -3.56,
            "roe_4q": -18.46,
            "gross_profit": 13754,
            "gross_margin": 22.7,
            "gross_margin_4q_avg": 19.79,
            "net_income": -8301,
            "net_income_4q": null,
            "revenue": 60593,
            "revenue_4q": null,
            "common_shares": 366788,
            "book_valuer_per_share": 6.25,
            "book_valuer_per_share_4q_avg": 6.59,
            "equity": 229258,
            "current_ratio": 102.61,
            "debt_ratio": 49.02,
            "inventory_turnover_ratio": 0.59,
            "account_receivable_turnover_ratio": 0.9,
            "reinvestment_rate": null,
            "research_to_sale_ratio": 10.84,
            "price_fair": 104.44,
            "eps_avg_yearly": 2.98,
            "eps_latest_yearly": 4.64,
            "eps_growth_yearly": 286.77
        },
        "20112": {
            "year_quarter": 20112,
            "year": 2011,
            "quarter": 2,
            "eps": -0.35,
            "eps_growth_year": null,
            "eps_4q": -1.12,
            "eps_4q_growth_year": null,
            "roe": -5.81,
            "roe_4q": -17.5,
            "gross_profit": 8367,
            "gross_margin": 15.94,
            "gross_margin_4q_avg": 19.69,
            "net_income": -12975,
            "net_income_4q": null,
            "revenue": 52491,
            "revenue_4q": null,
            "common_shares": 366788,
            "book_valuer_per_share": 5.92,
            "book_valuer_per_share_4q_avg": 6.33,
            "equity": 217243,
            "current_ratio": 99.45,
            "debt_ratio": 50.52,
            "inventory_turnover_ratio": 0.44,
            "account_receivable_turnover_ratio": 0.96,
            "reinvestment_rate": null,
            "research_to_sale_ratio": 14.19,
            "price_fair": 99.05,
            "eps_avg_yearly": 2.83,
            "eps_latest_yearly": 4.64,
            "eps_growth_yearly": 258.46
        },
        "20113": {
            "year_quarter": 20113,
            "year": 2011,
            "quarter": 3,
            "eps": -0.49,
            "eps_growth_year": null,
            "eps_4q": -1.32,
            "eps_4q_growth_year": null,
            "roe": -8.71,
            "roe_4q": -21.81,
            "gross_profit": 421,
            "gross_margin": 0.82,
            "gross_margin_4q_avg": 14.73,
            "net_income": -18130,
            "net_income_4q": null,
            "revenue": 51040,
            "revenue_4q": null,
            "common_shares": 366788,
            "book_valuer_per_share": 5.43,
            "book_valuer_per_share_4q_avg": 6.01,
            "equity": 199220,
            "current_ratio": 93.03,
            "debt_ratio": 51.08,
            "inventory_turnover_ratio": 0.47,
            "account_receivable_turnover_ratio": 0.91,
            "reinvestment_rate": null,
            "research_to_sale_ratio": 13.32,
            "price_fair": 105.93,
            "eps_avg_yearly": 3.03,
            "eps_latest_yearly": 4.64,
            "eps_growth_yearly": 394.98
        },
        "20114": {
            "year_quarter": 20114,
            "year": 2011,
            "quarter": 4,
            "eps": -0.47,
            "eps_growth_year": null,
            "eps_4q": -1.55,
            "eps_4q_growth_year": null,
            "roe": -9.08,
            "roe_4q": -27.159999999999997,
            "gross_profit": -14461,
            "gross_margin": -90.76,
            "gross_margin_4q_avg": -12.83,
            "net_income": -17361,
            "net_income_4q": null,
            "revenue": 15934,
            "revenue_4q": null,
            "common_shares": 366788,
            "book_valuer_per_share": 4.99,
            "book_valuer_per_share_4q_avg": 5.65,
            "equity": 183019,
            "current_ratio": 86.81,
            "debt_ratio": 51.36,
            "inventory_turnover_ratio": 0.31,
            "account_receivable_turnover_ratio": 0.31,
            "reinvestment_rate": null,
            "research_to_sale_ratio": 31.74,
            "price_fair": 100.8,
            "eps_avg_yearly": 2.88,
            "eps_latest_yearly": 4.64,
            "eps_growth_yearly": 496.04
        },
        "20121": {
            "year_quarter": 20121,
            "year": 2012,
            "quarter": 1,
            "eps": -0.58,
            "eps_growth_year": null,
            "eps_4q": -1.9,
            "eps_4q_growth_year": null,
            "roe": -12.23,
            "roe_4q": -35.830000000000005,
            "gross_profit": -7346,
            "gross_margin": -28.03,
            "gross_margin_4q_avg": -25.51,
            "net_income": -21145,
            "net_income_4q": null,
            "revenue": 26204,
            "revenue_4q": null,
            "common_shares": 366788,
            "book_valuer_per_share": 4.44,
            "book_valuer_per_share_4q_avg": 5.2,
            "equity": 162885,
            "current_ratio": 76.08,
            "debt_ratio": 52.03,
            "inventory_turnover_ratio": 0.36,
            "account_receivable_turnover_ratio": 0.73,
            "reinvestment_rate": null,
            "research_to_sale_ratio": 18.57,
            "price_fair": 162.4,
            "eps_avg_yearly": 4.64,
            "eps_latest_yearly": 4.64,
            "eps_growth_yearly": 1257.14
        },
        "20122": {
            "year_quarter": 20122,
            "year": 2012,
            "quarter": 2,
            "eps": -0.45,
            "eps_growth_year": null,
            "eps_4q": -1.99,
            "eps_4q_growth_year": null,
            "roe": -10.54,
            "roe_4q": -40.56,
            "gross_profit": -3333,
            "gross_margin": -12.31,
            "gross_margin_4q_avg": -32.57,
            "net_income": -16338,
            "net_income_4q": null,
            "revenue": 27070,
            "revenue_4q": null,
            "common_shares": 366788,
            "book_valuer_per_share": 4.01,
            "book_valuer_per_share_4q_avg": 4.72,
            "equity": 147206,
            "current_ratio": 70.21,
            "debt_ratio": 56.21,
            "inventory_turnover_ratio": 0.35,
            "account_receivable_turnover_ratio": 0.93,
            "reinvestment_rate": null,
            "research_to_sale_ratio": 16.81,
            "price_fair": 0,
            "eps_avg_yearly": 0,
            "eps_latest_yearly": 0,
            "eps_growth_yearly": 0
        },
        "20123": {
            "year_quarter": 20123,
            "year": 2012,
            "quarter": 3,
            "eps": -0,
            "eps_growth_year": null,
            "eps_4q": -1.5,
            "eps_4q_growth_year": null,
            "roe": -0.02,
            "roe_4q": -31.869999999999997,
            "gross_profit": 12564,
            "gross_margin": 16.79,
            "gross_margin_4q_avg": -28.58,
            "net_income": -34,
            "net_income_4q": null,
            "revenue": 74832,
            "revenue_4q": null,
            "common_shares": 366788,
            "book_valuer_per_share": 4.03,
            "book_valuer_per_share_4q_avg": 4.37,
            "equity": 147652,
            "current_ratio": 65.71,
            "debt_ratio": 52.78,
            "inventory_turnover_ratio": 0.96,
            "account_receivable_turnover_ratio": 1.87,
            "reinvestment_rate": null,
            "research_to_sale_ratio": 6,
            "price_fair": 0,
            "eps_avg_yearly": 0,
            "eps_latest_yearly": 0,
            "eps_growth_yearly": 0
        },
        "20124": {
            "year_quarter": 20124,
            "year": 2012,
            "quarter": 4,
            "eps": -0.8,
            "eps_growth_year": null,
            "eps_4q": -1.83,
            "eps_4q_growth_year": null,
            "roe": -22.15,
            "roe_4q": -44.94,
            "gross_profit": -13790,
            "gross_margin": -116.54,
            "gross_margin_4q_avg": -35.02,
            "net_income": -29482,
            "net_income_4q": null,
            "revenue": 11833,
            "revenue_4q": null,
            "common_shares": 366788,
            "book_valuer_per_share": 3.23,
            "book_valuer_per_share_4q_avg": 3.93,
            "equity": 118596,
            "current_ratio": 52.16,
            "debt_ratio": 57.7,
            "inventory_turnover_ratio": 0.58,
            "account_receivable_turnover_ratio": 0.33,
            "reinvestment_rate": null,
            "research_to_sale_ratio": 35.11,
            "price_fair": 0,
            "eps_avg_yearly": 0,
            "eps_latest_yearly": 0,
            "eps_growth_yearly": 0
        },
        "20131": {
            "year_quarter": 20131,
            "year": 2013,
            "quarter": 1,
            "eps": -0.11,
            "eps_growth_year": null,
            "eps_4q": -1.36,
            "eps_4q_growth_year": null,
            "roe": -3.43,
            "roe_4q": -36.14,
            "gross_profit": 1934,
            "gross_margin": 4.3,
            "gross_margin_4q_avg": -26.94,
            "net_income": -3868,
            "net_income_4q": null,
            "revenue": 44964,
            "revenue_4q": null,
            "common_shares": 366788,
            "book_valuer_per_share": 2.92,
            "book_valuer_per_share_4q_avg": 3.55,
            "equity": 107222,
            "current_ratio": 43.06,
            "debt_ratio": 57.63,
            "inventory_turnover_ratio": 1.35,
            "account_receivable_turnover_ratio": 2.03,
            "reinvestment_rate": null,
            "research_to_sale_ratio": 8.42,
            "price_fair": 0,
            "eps_avg_yearly": 0,
            "eps_latest_yearly": 0,
            "eps_growth_yearly": 0
        },
        "20132": {
            "year_quarter": 20132,
            "year": 2013,
            "quarter": 2,
            "eps": -0.58,
            "eps_growth_year": null,
            "eps_4q": -1.49,
            "eps_4q_growth_year": null,
            "roe": -22.14,
            "roe_4q": -47.74,
            "gross_profit": -9505,
            "gross_margin": -76.5,
            "gross_margin_4q_avg": -42.99,
            "net_income": -21404,
            "net_income_4q": null,
            "revenue": 12425,
            "revenue_4q": null,
            "common_shares": 366788,
            "book_valuer_per_share": 2.35,
            "book_valuer_per_share_4q_avg": 3.13,
            "equity": 86135,
            "current_ratio": 35.61,
            "debt_ratio": 64.22,
            "inventory_turnover_ratio": 1.05,
            "account_receivable_turnover_ratio": 0.66,
            "reinvestment_rate": null,
            "research_to_sale_ratio": 32.23,
            "price_fair": 0,
            "eps_avg_yearly": 0,
            "eps_latest_yearly": 0,
            "eps_growth_yearly": 0
        },
        "20133": {
            "year_quarter": 20133,
            "year": 2013,
            "quarter": 3,
            "eps": -0.49,
            "eps_growth_year": null,
            "eps_4q": -1.99,
            "eps_4q_growth_year": null,
            "roe": -23.45,
            "roe_4q": -71.17,
            "gross_profit": -11481,
            "gross_margin": -85.11,
            "gross_margin_4q_avg": -68.46,
            "net_income": -18097,
            "net_income_4q": null,
            "revenue": 13489,
            "revenue_4q": null,
            "common_shares": 366788,
            "book_valuer_per_share": 1.86,
            "book_valuer_per_share_4q_avg": 2.59,
            "equity": 68218,
            "current_ratio": 21.45,
            "debt_ratio": 69.66,
            "inventory_turnover_ratio": 1.57,
            "account_receivable_turnover_ratio": 0.84,
            "reinvestment_rate": null,
            "research_to_sale_ratio": 29.88,
            "price_fair": 0,
            "eps_avg_yearly": 0,
            "eps_latest_yearly": 0,
            "eps_growth_yearly": 0
        },
        "20134": {
            "year_quarter": 20134,
            "year": 2013,
            "quarter": 4,
            "eps": -0.56,
            "eps_growth_year": null,
            "eps_4q": -1.75,
            "eps_4q_growth_year": null,
            "roe": -35.73,
            "roe_4q": -84.75,
            "gross_profit": -8778,
            "gross_margin": -105.84,
            "gross_margin_4q_avg": -65.79,
            "net_income": -20709,
            "net_income_4q": null,
            "revenue": 8294,
            "revenue_4q": null,
            "common_shares": 366788,
            "book_valuer_per_share": 1.3,
            "book_valuer_per_share_4q_avg": 2.11,
            "equity": 47689,
            "current_ratio": 18.01,
            "debt_ratio": 77.84,
            "inventory_turnover_ratio": 1.73,
            "account_receivable_turnover_ratio": 0.68,
            "reinvestment_rate": null,
            "research_to_sale_ratio": 47.44,
            "price_fair": 0,
            "eps_avg_yearly": 0,
            "eps_latest_yearly": 0,
            "eps_growth_yearly": 0
        },
        "20141": {
            "year_quarter": 20141,
            "year": 2014,
            "quarter": 1,
            "eps": -0.5,
            "eps_growth_year": null,
            "eps_4q": -2.14,
            "eps_4q_growth_year": null,
            "roe": -47.31,
            "roe_4q": -128.63,
            "gross_profit": -5604,
            "gross_margin": -64.98,
            "gross_margin_4q_avg": -83.11,
            "net_income": -18281,
            "net_income_4q": null,
            "revenue": 8624,
            "revenue_4q": null,
            "common_shares": 366788,
            "book_valuer_per_share": 0.81,
            "book_valuer_per_share_4q_avg": 1.58,
            "equity": 29588,
            "current_ratio": 15.28,
            "debt_ratio": 85.86,
            "inventory_turnover_ratio": 1.64,
            "account_receivable_turnover_ratio": 1.04,
            "reinvestment_rate": null,
            "research_to_sale_ratio": 38.81,
            "price_fair": 0,
            "eps_avg_yearly": 0,
            "eps_latest_yearly": 0,
            "eps_growth_yearly": 0
        },
        "20142": {
            "year_quarter": 20142,
            "year": 2014,
            "quarter": 2,
            "eps": -0.46,
            "eps_growth_year": null,
            "eps_4q": -2.02,
            "eps_4q_growth_year": null,
            "roe": -79.51,
            "roe_4q": -186,
            "gross_profit": -6235,
            "gross_margin": -66.31,
            "gross_margin_4q_avg": -80.56,
            "net_income": -16868,
            "net_income_4q": null,
            "revenue": 9403,
            "revenue_4q": null,
            "common_shares": 366788,
            "book_valuer_per_share": 0.35,
            "book_valuer_per_share_4q_avg": 1.08,
            "equity": 12840,
            "current_ratio": 13.97,
            "debt_ratio": 93.76,
            "inventory_turnover_ratio": 2,
            "account_receivable_turnover_ratio": 1.25,
            "reinvestment_rate": null,
            "research_to_sale_ratio": 34.71,
            "price_fair": 0,
            "eps_avg_yearly": 0,
            "eps_latest_yearly": 0,
            "eps_growth_yearly": 0
        },
        "20143": {
            "year_quarter": 20143,
            "year": 2014,
            "quarter": 3,
            "eps": -0.29,
            "eps_growth_year": null,
            "eps_4q": -1.82,
            "eps_4q_growth_year": null,
            "roe": -143.27,
            "roe_4q": -305.82000000000005,
            "gross_profit": -5210,
            "gross_margin": -58.27,
            "gross_margin_4q_avg": -73.85,
            "net_income": -10718,
            "net_income_4q": null,
            "revenue": 8941,
            "revenue_4q": null,
            "common_shares": 366788,
            "book_valuer_per_share": 0.06,
            "book_valuer_per_share_4q_avg": 0.63,
            "equity": 2122,
            "current_ratio": 15.63,
            "debt_ratio": 98.98,
            "inventory_turnover_ratio": 1.94,
            "account_receivable_turnover_ratio": 1.16,
            "reinvestment_rate": null,
            "research_to_sale_ratio": 36.98,
            "price_fair": 0,
            "eps_avg_yearly": 0,
            "eps_latest_yearly": 0,
            "eps_growth_yearly": 0
        },
        "20144": {
            "year_quarter": 20144,
            "year": 2014,
            "quarter": 4,
            "eps": 1.01,
            "eps_growth_year": null,
            "eps_4q": -7.32,
            "eps_4q_growth_year": null,
            "roe": 113.63,
            "roe_4q": -156.46000000000004,
            "gross_profit": -7371,
            "gross_margin": -102.49,
            "gross_margin_4q_avg": -73.01,
            "net_income": 5584,
            "net_income_4q": null,
            "revenue": 7192,
            "revenue_4q": null,
            "common_shares": 55018,
            "book_valuer_per_share": 1.4,
            "book_valuer_per_share_4q_avg": 0.66,
            "equity": 7706,
            "current_ratio": 25.04,
            "debt_ratio": 96.39,
            "inventory_turnover_ratio": 2.15,
            "account_receivable_turnover_ratio": 1.06,
            "reinvestment_rate": null,
            "research_to_sale_ratio": 44.66,
            "price_fair": 0,
            "eps_avg_yearly": 0,
            "eps_latest_yearly": 0,
            "eps_growth_yearly": 0
        },
        "20151": {
            "year_quarter": 20151,
            "year": 2015,
            "quarter": 1,
            "eps": -0.96,
            "eps_growth_year": null,
            "eps_4q": -1.32,
            "eps_4q_growth_year": null,
            "roe": -25.57,
            "roe_4q": -134.72000000000003,
            "gross_profit": -677,
            "gross_margin": -10.51,
            "gross_margin_4q_avg": -59.4,
            "net_income": -24872,
            "net_income_4q": null,
            "revenue": 6443,
            "revenue_4q": null,
            "common_shares": 355018,
            "book_valuer_per_share": 5.26,
            "book_valuer_per_share_4q_avg": 1.77,
            "equity": 186834,
            "current_ratio": 175.45,
            "debt_ratio": 15.54,
            "inventory_turnover_ratio": 1.09,
            "account_receivable_turnover_ratio": 1.13,
            "reinvestment_rate": null,
            "research_to_sale_ratio": 88.3,
            "price_fair": 0,
            "eps_avg_yearly": 0,
            "eps_latest_yearly": 0,
            "eps_growth_yearly": 0
        },
        "20152": {
            "year_quarter": 20152,
            "year": 2015,
            "quarter": 2,
            "eps": -0.34,
            "eps_growth_year": null,
            "eps_4q": -1.18,
            "eps_4q_growth_year": null,
            "roe": -6.62,
            "roe_4q": -61.83000000000001,
            "gross_profit": -4880,
            "gross_margin": -94.43,
            "gross_margin_4q_avg": -66.43,
            "net_income": -11965,
            "net_income_4q": null,
            "revenue": 5168,
            "revenue_4q": null,
            "common_shares": 355018,
            "book_valuer_per_share": 4.93,
            "book_valuer_per_share_4q_avg": 2.91,
            "equity": 174869,
            "current_ratio": 161.35,
            "debt_ratio": 12.17,
            "inventory_turnover_ratio": 1.57,
            "account_receivable_turnover_ratio": 1.03,
            "reinvestment_rate": null,
            "research_to_sale_ratio": 55.24,
            "price_fair": 0,
            "eps_avg_yearly": 0,
            "eps_latest_yearly": 0,
            "eps_growth_yearly": 0
        },
        "20153": {
            "year_quarter": 20153,
            "year": 2015,
            "quarter": 3,
            "eps": -0.32,
            "eps_growth_year": null,
            "eps_4q": -1.2,
            "eps_4q_growth_year": null,
            "roe": -6.62,
            "roe_4q": 74.82,
            "gross_profit": -3510,
            "gross_margin": -222.57,
            "gross_margin_4q_avg": -107.5,
            "net_income": -11202,
            "net_income_4q": null,
            "revenue": 1577,
            "revenue_4q": null,
            "common_shares": 355018,
            "book_valuer_per_share": 4.61,
            "book_valuer_per_share_4q_avg": 4.05,
            "equity": 163667,
            "current_ratio": 126.23,
            "debt_ratio": 10.41,
            "inventory_turnover_ratio": 0.94,
            "account_receivable_turnover_ratio": 0.61,
            "reinvestment_rate": null,
            "research_to_sale_ratio": 175.02,
            "price_fair": 0,
            "eps_avg_yearly": 0,
            "eps_latest_yearly": 0,
            "eps_growth_yearly": 0
        },
        "20154": {
            "year_quarter": 20154,
            "year": 2015,
            "quarter": 4,
            "eps": -1.43,
            "eps_growth_year": -241.06,
            "eps_4q": -2.78,
            "eps_4q_growth_year": null,
            "roe": -36.76,
            "roe_4q": -75.57,
            "gross_profit": 6269,
            "gross_margin": 52.8,
            "gross_margin_4q_avg": -68.68,
            "net_income": -50828,
            "net_income_4q": null,
            "revenue": 11873,
            "revenue_4q": null,
            "common_shares": 355018,
            "book_valuer_per_share": 3.18,
            "book_valuer_per_share_4q_avg": 4.5,
            "equity": 112839,
            "current_ratio": 138.07,
            "debt_ratio": 12.85,
            "inventory_turnover_ratio": 2.33,
            "account_receivable_turnover_ratio": 2.31,
            "reinvestment_rate": null,
            "research_to_sale_ratio": 0.38,
            "price_fair": 0,
            "eps_avg_yearly": 0,
            "eps_latest_yearly": 0,
            "eps_growth_yearly": 0
        },
        "20161": {
            "year_quarter": 20161,
            "year": 2016,
            "quarter": 1,
            "eps": 0.06,
            "eps_growth_year": null,
            "eps_4q": -2.03,
            "eps_4q_growth_year": null,
            "roe": 1.84,
            "roe_4q": -48.15999999999999,
            "gross_profit": 186,
            "gross_margin": 5.82,
            "gross_margin_4q_avg": -64.6,
            "net_income": 2090,
            "net_income_4q": null,
            "revenue": 3197,
            "revenue_4q": null,
            "common_shares": 355018,
            "book_valuer_per_share": 3.24,
            "book_valuer_per_share_4q_avg": 3.99,
            "equity": 114929,
            "current_ratio": 889.22,
            "debt_ratio": 10.69,
            "inventory_turnover_ratio": null,
            "account_receivable_turnover_ratio": 0.59,
            "reinvestment_rate": null,
            "research_to_sale_ratio": 0,
            "price_fair": 0,
            "eps_avg_yearly": 0,
            "eps_latest_yearly": 0,
            "eps_growth_yearly": 0
        },
        "20162": {
            "year_quarter": 20162,
            "year": 2016,
            "quarter": 2,
            "eps": -0.03,
            "eps_growth_year": null,
            "eps_4q": -1.72,
            "eps_4q_growth_year": null,
            "roe": -1.06,
            "roe_4q": -42.599999999999994,
            "gross_profit": 473,
            "gross_margin": 1.33,
            "gross_margin_4q_avg": -40.66,
            "net_income": -1217,
            "net_income_4q": null,
            "revenue": 35662,
            "revenue_4q": null,
            "common_shares": 355018,
            "book_valuer_per_share": 3.2,
            "book_valuer_per_share_4q_avg": 3.56,
            "equity": 113712,
            "current_ratio": 591.94,
            "debt_ratio": 16.1,
            "inventory_turnover_ratio": null,
            "account_receivable_turnover_ratio": 1.97,
            "reinvestment_rate": null,
            "research_to_sale_ratio": 0,
            "price_fair": 0,
            "eps_avg_yearly": 0,
            "eps_latest_yearly": 0,
            "eps_growth_yearly": 0
        },
        "20163": {
            "year_quarter": 20163,
            "year": 2016,
            "quarter": 3,
            "eps": -0.05,
            "eps_growth_year": null,
            "eps_4q": -1.46,
            "eps_4q_growth_year": null,
            "roe": -1.52,
            "roe_4q": -37.5,
            "gross_profit": 561,
            "gross_margin": 1.78,
            "gross_margin_4q_avg": 15.43,
            "net_income": -1720,
            "net_income_4q": null,
            "revenue": 31475,
            "revenue_4q": null,
            "common_shares": 355018,
            "book_valuer_per_share": 3.15,
            "book_valuer_per_share_4q_avg": 3.19,
            "equity": 111992,
            "current_ratio": 475.86,
            "debt_ratio": 20.07,
            "inventory_turnover_ratio": null,
            "account_receivable_turnover_ratio": 0.82,
            "reinvestment_rate": null,
            "research_to_sale_ratio": 0,
            "price_fair": 0,
            "eps_avg_yearly": 0,
            "eps_latest_yearly": 0,
            "eps_growth_yearly": 0
        },
        "20164": {
            "year_quarter": 20164,
            "year": 2016,
            "quarter": 4,
            "eps": -0.41,
            "eps_growth_year": null,
            "eps_4q": -0.43,
            "eps_4q_growth_year": null,
            "roe": -13.77,
            "roe_4q": -14.509999999999998,
            "gross_profit": 798,
            "gross_margin": 3.33,
            "gross_margin_4q_avg": 3.07,
            "net_income": -14431,
            "net_income_4q": null,
            "revenue": 23991,
            "revenue_4q": null,
            "common_shares": 355018,
            "book_valuer_per_share": 2.75,
            "book_valuer_per_share_4q_avg": 3.09,
            "equity": 97561,
            "current_ratio": 161.05,
            "debt_ratio": 60.51,
            "inventory_turnover_ratio": 3.23,
            "account_receivable_turnover_ratio": 0.59,
            "reinvestment_rate": null,
            "research_to_sale_ratio": 0,
            "price_fair": 0,
            "eps_avg_yearly": 0,
            "eps_latest_yearly": 0,
            "eps_growth_yearly": 0
        },
        "20171": {
            "year_quarter": 20171,
            "year": 2017,
            "quarter": 1,
            "eps": -0.16,
            "eps_growth_year": -366.67,
            "eps_4q": -0.65,
            "eps_4q_growth_year": null,
            "roe": -5.97,
            "roe_4q": -22.319999999999997,
            "gross_profit": 572,
            "gross_margin": 3,
            "gross_margin_4q_avg": 2.36,
            "net_income": -5657,
            "net_income_4q": null,
            "revenue": 19054,
            "revenue_4q": null,
            "common_shares": 355018,
            "book_valuer_per_share": 2.59,
            "book_valuer_per_share_4q_avg": 2.92,
            "equity": 91904,
            "current_ratio": 153.39,
            "debt_ratio": 63.56,
            "inventory_turnover_ratio": 1.05,
            "account_receivable_turnover_ratio": 0.53,
            "reinvestment_rate": null,
            "research_to_sale_ratio": null,
            "price_fair": 0,
            "eps_avg_yearly": 0,
            "eps_latest_yearly": 0,
            "eps_growth_yearly": 0
        },
        "20172": {
            "year_quarter": 20172,
            "year": 2017,
            "quarter": 2,
            "eps": -0.03,
            "eps_growth_year": null,
            "eps_4q": -0.35,
            "eps_4q_growth_year": null,
            "roe": -0.71,
            "roe_4q": -21.97,
            "gross_profit": 668,
            "gross_margin": 3.14,
            "gross_margin_4q_avg": 2.81,
            "net_income": -1341,
            "net_income_4q": null,
            "revenue": 21300,
            "revenue_4q": null,
            "common_shares": 655018,
            "book_valuer_per_share": 4.36,
            "book_valuer_per_share_4q_avg": 3.21,
            "equity": 285863,
            "current_ratio": 303.72,
            "debt_ratio": 32.44,
            "inventory_turnover_ratio": 0.43,
            "account_receivable_turnover_ratio": 0.68,
            "reinvestment_rate": null,
            "research_to_sale_ratio": null,
            "price_fair": 0,
            "eps_avg_yearly": 0,
            "eps_latest_yearly": 0,
            "eps_growth_yearly": 0
        },
        "20173": {
            "year_quarter": 20173,
            "year": 2017,
            "quarter": 3,
            "eps": -0.27,
            "eps_growth_year": null,
            "eps_4q": -0.59,
            "eps_4q_growth_year": null,
            "roe": -6.3,
            "roe_4q": -26.75,
            "gross_profit": 501,
            "gross_margin": 2.93,
            "gross_margin_4q_avg": 3.1,
            "net_income": -17462,
            "net_income_4q": null,
            "revenue": 17095,
            "revenue_4q": null,
            "common_shares": 655018,
            "book_valuer_per_share": 4.1,
            "book_valuer_per_share_4q_avg": 3.45,
            "equity": 268401,
            "current_ratio": 205.68,
            "debt_ratio": 48.03,
            "inventory_turnover_ratio": 0.12,
            "account_receivable_turnover_ratio": 0.61,
            "reinvestment_rate": null,
            "research_to_sale_ratio": null,
            "price_fair": 0,
            "eps_avg_yearly": 0,
            "eps_latest_yearly": 0,
            "eps_growth_yearly": 0
        },
        "20174": {
            "year_quarter": 20174,
            "year": 2017,
            "quarter": 4,
            "eps": -0.28,
            "eps_growth_year": null,
            "eps_4q": -0.65,
            "eps_4q_growth_year": null,
            "roe": -6.95,
            "roe_4q": -19.93,
            "gross_profit": 446,
            "gross_margin": 1.7,
            "gross_margin_4q_avg": 2.69,
            "net_income": -18032,
            "net_income_4q": null,
            "revenue": 26236,
            "revenue_4q": null,
            "common_shares": 655018,
            "book_valuer_per_share": 3.82,
            "book_valuer_per_share_4q_avg": 3.72,
            "equity": 250369,
            "current_ratio": 144.49,
            "debt_ratio": 68.67,
            "inventory_turnover_ratio": 0.06,
            "account_receivable_turnover_ratio": 0.92,
            "reinvestment_rate": null,
            "research_to_sale_ratio": null,
            "price_fair": 0,
            "eps_avg_yearly": 0,
            "eps_latest_yearly": 0,
            "eps_growth_yearly": 0
        },
        "20181": {
            "year_quarter": 20181,
            "year": 2018,
            "quarter": 1,
            "eps": -0.18,
            "eps_growth_year": null,
            "eps_4q": -0.74,
            "eps_4q_growth_year": null,
            "roe": -4.82,
            "roe_4q": -18.78,
            "gross_profit": 351,
            "gross_margin": 1.7,
            "gross_margin_4q_avg": 2.37,
            "net_income": -11839,
            "net_income_4q": null,
            "revenue": 20670,
            "revenue_4q": null,
            "common_shares": 655018,
            "book_valuer_per_share": 3.68,
            "book_valuer_per_share_4q_avg": 3.99,
            "equity": 241367,
            "current_ratio": 132.09,
            "debt_ratio": 74.98,
            "inventory_turnover_ratio": 0.03,
            "account_receivable_turnover_ratio": 0.62,
            "reinvestment_rate": null,
            "research_to_sale_ratio": null,
            "price_fair": 0,
            "eps_avg_yearly": 0,
            "eps_latest_yearly": 0,
            "eps_growth_yearly": 0
        },
        "20182": {
            "year_quarter": 20182,
            "year": 2018,
            "quarter": 2,
            "eps": -0.18,
            "eps_growth_year": null,
            "eps_4q": -0.91,
            "eps_4q_growth_year": null,
            "roe": -5.1,
            "roe_4q": -23.17,
            "gross_profit": 347,
            "gross_margin": 1.65,
            "gross_margin_4q_avg": 2,
            "net_income": -11999,
            "net_income_4q": null,
            "revenue": 20976,
            "revenue_4q": null,
            "common_shares": 655018,
            "book_valuer_per_share": 3.49,
            "book_valuer_per_share_4q_avg": 3.77,
            "equity": 228817,
            "current_ratio": 118.63,
            "debt_ratio": 83.77,
            "inventory_turnover_ratio": 0.02,
            "account_receivable_turnover_ratio": 0.65,
            "reinvestment_rate": null,
            "research_to_sale_ratio": null,
            "price_fair": 0,
            "eps_avg_yearly": 0,
            "eps_latest_yearly": 0,
            "eps_growth_yearly": 0
        },
        "20183": {
            "year_quarter": 20183,
            "year": 2018,
            "quarter": 3,
            "eps": -0.02,
            "eps_growth_year": null,
            "eps_4q": -0.66,
            "eps_4q_growth_year": null,
            "roe": -0.49,
            "roe_4q": -17.36,
            "gross_profit": 75,
            "gross_margin": 1.75,
            "gross_margin_4q_avg": 1.7,
            "net_income": -1126,
            "net_income_4q": null,
            "revenue": 4289,
            "revenue_4q": null,
            "common_shares": 655018,
            "book_valuer_per_share": 3.48,
            "book_valuer_per_share_4q_avg": 3.62,
            "equity": 228233,
            "current_ratio": 113.05,
            "debt_ratio": 88.02,
            "inventory_turnover_ratio": 0,
            "account_receivable_turnover_ratio": 0.24,
            "reinvestment_rate": null,
            "research_to_sale_ratio": null,
            "price_fair": 0,
            "eps_avg_yearly": 0,
            "eps_latest_yearly": 0,
            "eps_growth_yearly": 0
        },
        "20184": {
            "year_quarter": 20184,
            "year": 2018,
            "quarter": 4,
            "eps": 1.84,
            "eps_growth_year": null,
            "eps_4q": 1.46,
            "eps_4q_growth_year": null,
            "roe": 41.95,
            "roe_4q": 31.54,
            "gross_profit": 153217,
            "gross_margin": 20.27,
            "gross_margin_4q_avg": 6.34,
            "net_income": 120483,
            "net_income_4q": null,
            "revenue": 755737,
            "revenue_4q": null,
            "common_shares": 655018,
            "book_valuer_per_share": 5.28,
            "book_valuer_per_share_4q_avg": 3.98,
            "equity": 346125,
            "current_ratio": 123.3,
            "debt_ratio": 80.81,
            "inventory_turnover_ratio": 0.38,
            "account_receivable_turnover_ratio": 152.14,
            "reinvestment_rate": null,
            "research_to_sale_ratio": null,
            "price_fair": 0,
            "eps_avg_yearly": 0,
            "eps_latest_yearly": 0,
            "eps_growth_yearly": 0
        },
        "20191": {
            "year_quarter": 20191,
            "year": 2019,
            "quarter": 1,
            "eps": -0.16,
            "eps_growth_year": null,
            "eps_4q": 1.48,
            "eps_4q_growth_year": null,
            "roe": -3.1,
            "roe_4q": 33.26,
            "gross_profit": 594,
            "gross_margin": 15.27,
            "gross_margin_4q_avg": 9.74,
            "net_income": -10573,
            "net_income_4q": null,
            "revenue": 3890,
            "revenue_4q": null,
            "common_shares": 655018,
            "book_valuer_per_share": 5.12,
            "book_valuer_per_share_4q_avg": 4.34,
            "equity": 335328,
            "current_ratio": 118.41,
            "debt_ratio": 84.19,
            "inventory_turnover_ratio": 0,
            "account_receivable_turnover_ratio": 2.33,
            "reinvestment_rate": null,
            "research_to_sale_ratio": null,
            "price_fair": 0,
            "eps_avg_yearly": 0,
            "eps_latest_yearly": 0,
            "eps_growth_yearly": 0
        },
        "20192": {
            "year_quarter": 20192,
            "year": 2019,
            "quarter": 2,
            "eps": -0.07,
            "eps_growth_year": null,
            "eps_4q": 1.59,
            "eps_4q_growth_year": null,
            "roe": -1.46,
            "roe_4q": 36.9,
            "gross_profit": 0,
            "gross_margin": null,
            "gross_margin_4q_avg": 9.32,
            "net_income": -4855,
            "net_income_4q": null,
            "revenue": 0,
            "revenue_4q": null,
            "common_shares": 655018,
            "book_valuer_per_share": 5.07,
            "book_valuer_per_share_4q_avg": 4.74,
            "equity": 331884,
            "current_ratio": 112.1,
            "debt_ratio": 87.91,
            "inventory_turnover_ratio": 0,
            "account_receivable_turnover_ratio": 0,
            "reinvestment_rate": null,
            "research_to_sale_ratio": null,
            "price_fair": 0,
            "eps_avg_yearly": 0,
            "eps_latest_yearly": 0,
            "eps_growth_yearly": 0
        },
        "20193": {
            "year_quarter": 20193,
            "year": 2019,
            "quarter": 3,
            "eps": 3.4,
            "eps_growth_year": null,
            "eps_4q": 5,
            "eps_4q_growth_year": null,
            "roe": 50.25,
            "roe_4q": 87.64,
            "gross_profit": 283221,
            "gross_margin": 10.29,
            "gross_margin_4q_avg": 11.46,
            "net_income": 222466,
            "net_income_4q": null,
            "revenue": 2752110,
            "revenue_4q": null,
            "common_shares": 655018,
            "book_valuer_per_share": 8.45,
            "book_valuer_per_share_4q_avg": 5.98,
            "equity": 553562,
            "current_ratio": 516.59,
            "debt_ratio": 17.89,
            "inventory_turnover_ratio": 2.08,
            "account_receivable_turnover_ratio": 90233.11,
            "reinvestment_rate": -69.32,
            "research_to_sale_ratio": null,
            "price_fair": 0,
            "eps_avg_yearly": 0,
            "eps_latest_yearly": 0,
            "eps_growth_yearly": 0
        },
        "20194": {
            "year_quarter": 20194,
            "year": 2019,
            "quarter": 4,
            "eps": -0.06,
            "eps_growth_year": -103.05,
            "eps_4q": 3.1,
            "eps_4q_growth_year": 112.9,
            "roe": -0.66,
            "roe_4q": 45.03,
            "gross_profit": 359,
            "gross_margin": 66.24,
            "gross_margin_4q_avg": 22.95,
            "net_income": -3675,
            "net_income_4q": null,
            "revenue": 542,
            "revenue_4q": null,
            "common_shares": 655018,
            "book_valuer_per_share": 8.43,
            "book_valuer_per_share_4q_avg": 6.77,
            "equity": 552000,
            "current_ratio": 761.19,
            "debt_ratio": 12.09,
            "inventory_turnover_ratio": 0.01,
            "account_receivable_turnover_ratio": 6.27,
            "reinvestment_rate": -44.31,
            "research_to_sale_ratio": null,
            "price_fair": 0,
            "eps_avg_yearly": 0,
            "eps_latest_yearly": 0,
            "eps_growth_yearly": 0
        },
        "20201": {
            "year_quarter": 20201,
            "year": 2020,
            "quarter": 1,
            "eps": -0.03,
            "eps_growth_year": null,
            "eps_4q": 3.24,
            "eps_4q_growth_year": 119.14,
            "roe": -0.34,
            "roe_4q": 47.79,
            "gross_profit": 445,
            "gross_margin": 85.09,
            "gross_margin_4q_avg": 40.41,
            "net_income": -1843,
            "net_income_4q": null,
            "revenue": 523,
            "revenue_4q": null,
            "common_shares": 655018,
            "book_valuer_per_share": 8.35,
            "book_valuer_per_share_4q_avg": 7.58,
            "equity": 547107,
            "current_ratio": 596.92,
            "debt_ratio": 15.47,
            "inventory_turnover_ratio": 0,
            "account_receivable_turnover_ratio": 4.51,
            "reinvestment_rate": -2.64,
            "research_to_sale_ratio": null,
            "price_fair": 0,
            "eps_avg_yearly": 0,
            "eps_latest_yearly": 0,
            "eps_growth_yearly": 0
        },
        "20202": {
            "year_quarter": 20202,
            "year": 2020,
            "quarter": 2,
            "eps": -0.06,
            "eps_growth_year": null,
            "eps_4q": 3.26,
            "eps_4q_growth_year": 105.19,
            "roe": -0.68,
            "roe_4q": 48.57,
            "gross_profit": 247,
            "gross_margin": 52.67,
            "gross_margin_4q_avg": 53.57,
            "net_income": -3691,
            "net_income_4q": null,
            "revenue": 469,
            "revenue_4q": null,
            "common_shares": 655018,
            "book_valuer_per_share": 8.29,
            "book_valuer_per_share_4q_avg": 8.38,
            "equity": 542786,
            "current_ratio": 612.87,
            "debt_ratio": 15.08,
            "inventory_turnover_ratio": 0,
            "account_receivable_turnover_ratio": 7.82,
            "reinvestment_rate": -2.67,
            "research_to_sale_ratio": null,
            "price_fair": 0,
            "eps_avg_yearly": 0,
            "eps_latest_yearly": 0,
            "eps_growth_yearly": 0
        },
        "20203": {
            "year_quarter": 20203,
            "year": 2020,
            "quarter": 3,
            "eps": -0.06,
            "eps_growth_year": -101.76,
            "eps_4q": -0.2,
            "eps_4q_growth_year": -103.99,
            "roe": -0.71,
            "roe_4q": -2.39,
            "gross_profit": 399,
            "gross_margin": 84.89,
            "gross_margin_4q_avg": 72.22,
            "net_income": -3855,
            "net_income_4q": null,
            "revenue": 470,
            "revenue_4q": null,
            "common_shares": 655018,
            "book_valuer_per_share": 8.22,
            "book_valuer_per_share_4q_avg": 8.32,
            "equity": 538127,
            "current_ratio": 607.4,
            "debt_ratio": 15.2,
            "inventory_turnover_ratio": 0,
            "account_receivable_turnover_ratio": null,
            "reinvestment_rate": -2.7,
            "research_to_sale_ratio": null,
            "price_fair": 0,
            "eps_avg_yearly": 0,
            "eps_latest_yearly": 0,
            "eps_growth_yearly": 0
        },
        "20204": {
            "year_quarter": 20204,
            "year": 2020,
            "quarter": 4,
            "eps": -0.07,
            "eps_growth_year": null,
            "eps_4q": -0.21,
            "eps_4q_growth_year": -106.76,
            "roe": -0.81,
            "roe_4q": -2.54,
            "gross_profit": 437,
            "gross_margin": 84.69,
            "gross_margin_4q_avg": 76.84,
            "net_income": -4356,
            "net_income_4q": null,
            "revenue": 516,
            "revenue_4q": null,
            "common_shares": 655018,
            "book_valuer_per_share": 8.18,
            "book_valuer_per_share_4q_avg": 8.26,
            "equity": 536113,
            "current_ratio": 435.14,
            "debt_ratio": 21.24,
            "inventory_turnover_ratio": 0,
            "account_receivable_turnover_ratio": null,
            "reinvestment_rate": -2.58,
            "research_to_sale_ratio": null,
            "price_fair": 0,
            "eps_avg_yearly": 0,
            "eps_latest_yearly": 0,
            "eps_growth_yearly": 0
        },
        "20211": {
            "year_quarter": 20211,
            "year": 2021,
            "quarter": 1,
            "eps": -0.08,
            "eps_growth_year": null,
            "eps_4q": -0.26,
            "eps_4q_growth_year": -107.93,
            "roe": -0.92,
            "roe_4q": -3.12,
            "gross_profit": 444,
            "gross_margin": 86.21,
            "gross_margin_4q_avg": 77.12,
            "net_income": -4924,
            "net_income_4q": null,
            "revenue": 515,
            "revenue_4q": null,
            "common_shares": 655018,
            "book_valuer_per_share": 8.15,
            "book_valuer_per_share_4q_avg": 8.21,
            "equity": 534066,
            "current_ratio": 555.28,
            "debt_ratio": 16.49,
            "inventory_turnover_ratio": 0,
            "account_receivable_turnover_ratio": null,
            "reinvestment_rate": -2.58,
            "research_to_sale_ratio": null,
            "price_fair": 0,
            "eps_avg_yearly": 0,
            "eps_latest_yearly": 0,
            "eps_growth_yearly": 0
        },
        "20212": {
            "year_quarter": 20212,
            "year": 2021,
            "quarter": 2,
            "eps": -0.1,
            "eps_growth_year": null,
            "eps_4q": -0.3,
            "eps_4q_growth_year": -109.14,
            "roe": -1.2,
            "roe_4q": -3.64,
            "gross_profit": 328,
            "gross_margin": 58.89,
            "gross_margin_4q_avg": 78.67,
            "net_income": -6364,
            "net_income_4q": null,
            "revenue": 557,
            "revenue_4q": null,
            "common_shares": 655018,
            "book_valuer_per_share": 8.09,
            "book_valuer_per_share_4q_avg": 8.16,
            "equity": 529769,
            "current_ratio": 155.28,
            "debt_ratio": 61.75,
            "inventory_turnover_ratio": 0,
            "account_receivable_turnover_ratio": null,
            "reinvestment_rate": -2.63,
            "research_to_sale_ratio": null,
            "price_fair": 0,
            "eps_avg_yearly": 0,
            "eps_latest_yearly": 0,
            "eps_growth_yearly": 0
        },
        "20213": {
            "year_quarter": 20213,
            "year": 2021,
            "quarter": 3,
            "eps": 0.02,
            "eps_growth_year": null,
            "eps_4q": -0.22,
            "eps_4q_growth_year": null,
            "roe": 0.26,
            "roe_4q": -2.67,
            "gross_profit": 5605,
            "gross_margin": 32.36,
            "gross_margin_4q_avg": 65.54,
            "net_income": 1400,
            "net_income_4q": null,
            "revenue": 17323,
            "revenue_4q": null,
            "common_shares": 655018,
            "book_valuer_per_share": 8.19,
            "book_valuer_per_share_4q_avg": 8.15,
            "equity": 536240,
            "current_ratio": 129.59,
            "debt_ratio": 74.93,
            "inventory_turnover_ratio": 0.01,
            "account_receivable_turnover_ratio": null,
            "reinvestment_rate": -2.44,
            "research_to_sale_ratio": null,
            "price_fair": 0,
            "eps_avg_yearly": 0,
            "eps_latest_yearly": 0,
            "eps_growth_yearly": 0
        },
        "20214": {
            "year_quarter": 20214,
            "year": 2021,
            "quarter": 4,
            "eps": 0.06,
            "eps_growth_year": null,
            "eps_4q": -0.09,
            "eps_4q_growth_year": null,
            "roe": 0.7,
            "roe_4q": -1.1600000000000001,
            "gross_profit": 11813,
            "gross_margin": 26.52,
            "gross_margin_4q_avg": 51,
            "net_income": 3792,
            "net_income_4q": null,
            "revenue": 44536,
            "revenue_4q": null,
            "common_shares": 655018,
            "book_valuer_per_share": 8.29,
            "book_valuer_per_share_4q_avg": 8.18,
            "equity": 543158,
            "current_ratio": 127.93,
            "debt_ratio": 75.91,
            "inventory_turnover_ratio": 0.02,
            "account_receivable_turnover_ratio": 20.78,
            "reinvestment_rate": -2.21,
            "research_to_sale_ratio": null,
            "price_fair": 8.4,
            "eps_avg_yearly": 0.24,
            "eps_latest_yearly": 0.24,
            "eps_growth_yearly": 800
        },
        "20221": {
            "year_quarter": 20221,
            "year": 2022,
            "quarter": 1,
            "eps": 0.56,
            "eps_growth_year": null,
            "eps_4q": 0.54,
            "eps_4q_growth_year": null,
            "roe": 6.55,
            "roe_4q": 6.31,
            "gross_profit": 61866,
            "gross_margin": 14.51,
            "gross_margin_4q_avg": 33.07,
            "net_income": 36714,
            "net_income_4q": null,
            "revenue": 426432,
            "revenue_4q": null,
            "common_shares": 655018,
            "book_valuer_per_share": 8.83,
            "book_valuer_per_share_4q_avg": 8.35,
            "equity": 578108,
            "current_ratio": 132.47,
            "debt_ratio": 73.28,
            "inventory_turnover_ratio": 0.21,
            "account_receivable_turnover_ratio": 198.99,
            "reinvestment_rate": -0.02,
            "research_to_sale_ratio": null,
            "price_fair": 43.4,
            "eps_avg_yearly": 1.24,
            "eps_latest_yearly": 2.24,
            "eps_growth_yearly": 2066.67
        },
        "20222": {
            "year_quarter": 20222,
            "year": 2022,
            "quarter": 2,
            "eps": 0.16,
            "eps_growth_year": null,
            "eps_4q": 0.8,
            "eps_4q_growth_year": null,
            "roe": 1.86,
            "roe_4q": 9.37,
            "gross_profit": 19908,
            "gross_margin": 28.47,
            "gross_margin_4q_avg": 25.47,
            "net_income": 10805,
            "net_income_4q": null,
            "revenue": 69921,
            "revenue_4q": null,
            "common_shares": 655018,
            "book_valuer_per_share": 8.9,
            "book_valuer_per_share_4q_avg": 8.55,
            "equity": 582790,
            "current_ratio": 129.15,
            "debt_ratio": 75.57,
            "inventory_turnover_ratio": 0.03,
            "account_receivable_turnover_ratio": null,
            "reinvestment_rate": -0.01,
            "research_to_sale_ratio": null,
            "price_fair": 36.4,
            "eps_avg_yearly": 1.04,
            "eps_latest_yearly": 0.64,
            "eps_growth_yearly": 1282.54
        },
        "20223": {
            "year_quarter": 20223,
            "year": 2022,
            "quarter": 3,
            "eps": 0.27,
            "eps_growth_year": 1250,
            "eps_4q": 1.05,
            "eps_4q_growth_year": null,
            "roe": 2.99,
            "roe_4q": 12.1,
            "gross_profit": 28655,
            "gross_margin": 29.44,
            "gross_margin_4q_avg": 24.74,
            "net_income": 17616,
            "net_income_4q": null,
            "revenue": 97322,
            "revenue_4q": null,
            "common_shares": 655018,
            "book_valuer_per_share": 9.07,
            "book_valuer_per_share_4q_avg": 8.77,
            "equity": 594381,
            "current_ratio": 124.51,
            "debt_ratio": 78.85,
            "inventory_turnover_ratio": 0.03,
            "account_receivable_turnover_ratio": null,
            "reinvestment_rate": -0.01,
            "research_to_sale_ratio": null,
            "price_fair": 36.75,
            "eps_avg_yearly": 1.05,
            "eps_latest_yearly": 1.08,
            "eps_growth_yearly": 1030.65
        },
        "20224": {
            "year_quarter": 20224,
            "year": 2022,
            "quarter": 4,
            "eps": -0.08,
            "eps_growth_year": -242.43,
            "eps_4q": 0.91,
            "eps_4q_growth_year": null,
            "roe": -0.91,
            "roe_4q": 10.49,
            "gross_profit": 2062,
            "gross_margin": 35.31,
            "gross_margin_4q_avg": 26.93,
            "net_income": -5401,
            "net_income_4q": null,
            "revenue": 5840,
            "revenue_4q": null,
            "common_shares": 655018,
            "book_valuer_per_share": 9.07,
            "book_valuer_per_share_4q_avg": 8.97,
            "equity": 594077,
            "current_ratio": 119.05,
            "debt_ratio": 82.61,
            "inventory_turnover_ratio": 0,
            "account_receivable_turnover_ratio": null,
            "reinvestment_rate": -0.01,
            "research_to_sale_ratio": null,
            "price_fair": 36.75,
            "eps_avg_yearly": 1.05,
            "eps_latest_yearly": 1.08,
            "eps_growth_yearly": 1030.65
        },
        "20231": {
            "year_quarter": 20231,
            "year": 2023,
            "quarter": 1,
            "eps": -0.12,
            "eps_growth_year": -121.43,
            "eps_4q": 0.23,
            "eps_4q_growth_year": -57.94,
            "roe": -1.37,
            "roe_4q": 2.5700000000000003,
            "gross_profit": 493,
            "gross_margin": 87.41,
            "gross_margin_4q_avg": 45.16,
            "net_income": -8071,
            "net_income_4q": null,
            "revenue": 564,
            "revenue_4q": null,
            "common_shares": 655018,
            "book_valuer_per_share": 8.96,
            "book_valuer_per_share_4q_avg": 9,
            "equity": 587101,
            "current_ratio": 115.36,
            "debt_ratio": 85.45,
            "inventory_turnover_ratio": 0,
            "account_receivable_turnover_ratio": null,
            "reinvestment_rate": -0.01,
            "research_to_sale_ratio": null,
            "price_fair": 36.75,
            "eps_avg_yearly": 1.05,
            "eps_latest_yearly": 1.08,
            "eps_growth_yearly": 1030.65
        },
        "20232": {
            "year_quarter": 20232,
            "year": 2023,
            "quarter": 2,
            "eps": -0.12,
            "eps_growth_year": -175,
            "eps_4q": -0.05,
            "eps_4q_growth_year": -106.61,
            "roe": -1.31,
            "roe_4q": -0.6000000000000001,
            "gross_profit": 333,
            "gross_margin": 59.68,
            "gross_margin_4q_avg": 52.96,
            "net_income": -7629,
            "net_income_4q": null,
            "revenue": 558,
            "revenue_4q": null,
            "common_shares": 655018,
            "book_valuer_per_share": 8.86,
            "book_valuer_per_share_4q_avg": 8.99,
            "equity": 580155,
            "current_ratio": 112.89,
            "debt_ratio": 87.47,
            "inventory_turnover_ratio": 0,
            "account_receivable_turnover_ratio": null,
            "reinvestment_rate": -0.01,
            "research_to_sale_ratio": null,
            "price_fair": 36.75,
            "eps_avg_yearly": 1.05,
            "eps_latest_yearly": 1.08,
            "eps_growth_yearly": 1030.65
        },
        "20233": {
            "year_quarter": 20233,
            "year": 2023,
            "quarter": 3,
            "eps": -0.13,
            "eps_growth_year": -148.15,
            "eps_4q": -0.45,
            "eps_4q_growth_year": -143.02,
            "roe": -1.48,
            "roe_4q": -5.07,
            "gross_profit": 487,
            "gross_margin": 87.28,
            "gross_margin_4q_avg": 67.42,
            "net_income": -8554,
            "net_income_4q": null,
            "revenue": 558,
            "revenue_4q": null,
            "common_shares": 655018,
            "book_valuer_per_share": 8.78,
            "book_valuer_per_share_4q_avg": 8.92,
            "equity": 574904,
            "current_ratio": 110.77,
            "debt_ratio": 89.23,
            "inventory_turnover_ratio": 0,
            "account_receivable_turnover_ratio": null,
            "reinvestment_rate": -0.17,
            "research_to_sale_ratio": null,
            "price_fair": 36.75,
            "eps_avg_yearly": 1.05,
            "eps_latest_yearly": 1.08,
            "eps_growth_yearly": 1030.65
        }
    },
    "months": {
        "2001-06": {
            "month": "2001-06",
            "price": "19.82",
            "revenue": 35967
        },
        "2001-07": {
            "month": "2001-07",
            "price": "13.73",
            "revenue": 50176
        },
        "2001-08": {
            "month": "2001-08",
            "price": "12.19",
            "revenue": 63918
        },
        "2001-09": {
            "month": "2001-09",
            "price": "9.21",
            "revenue": 66189
        },
        "2001-10": {
            "month": "2001-10",
            "price": "8.26",
            "revenue": 74852
        },
        "2001-11": {
            "month": "2001-11",
            "price": "9.11",
            "revenue": 80923
        },
        "2001-12": {
            "month": "2001-12",
            "price": "12.80",
            "revenue": 86079
        },
        "2002-01": {
            "month": "2002-01",
            "price": "16.84",
            "revenue": 82001
        },
        "2002-02": {
            "month": "2002-02",
            "price": "16.28",
            "revenue": 56631
        },
        "2002-03": {
            "month": "2002-03",
            "price": "17.74",
            "revenue": 88115
        },
        "2002-04": {
            "month": "2002-04",
            "price": "22.15",
            "revenue": 67862
        },
        "2002-05": {
            "month": "2002-05",
            "price": "16.60",
            "revenue": 104401
        },
        "2002-06": {
            "month": "2002-06",
            "price": "13.85",
            "revenue": 60328
        },
        "2002-07": {
            "month": "2002-07",
            "price": "11.61",
            "revenue": 77008
        },
        "2002-08": {
            "month": "2002-08",
            "price": "10.72",
            "revenue": 85363
        },
        "2002-09": {
            "month": "2002-09",
            "price": "9.93",
            "revenue": 92410
        },
        "2002-10": {
            "month": "2002-10",
            "price": "8.19",
            "revenue": 70016
        },
        "2002-11": {
            "month": "2002-11",
            "price": "7.81",
            "revenue": 87417
        },
        "2002-12": {
            "month": "2002-12",
            "price": "7.16",
            "revenue": 54692
        },
        "2003-01": {
            "month": "2003-01",
            "price": "6.76",
            "revenue": 33322
        },
        "2003-02": {
            "month": "2003-02",
            "price": "6.23",
            "revenue": 55094
        },
        "2003-03": {
            "month": "2003-03",
            "price": "5.37",
            "revenue": 39845
        },
        "2003-04": {
            "month": "2003-04",
            "price": "4.71",
            "revenue": 30102
        },
        "2003-05": {
            "month": "2003-05",
            "price": "4.15",
            "revenue": 44865
        },
        "2003-06": {
            "month": "2003-06",
            "price": "5.79",
            "revenue": 36681
        },
        "2003-07": {
            "month": "2003-07",
            "price": "6.98",
            "revenue": 38051
        },
        "2003-08": {
            "month": "2003-08",
            "price": "5.58",
            "revenue": 48722
        },
        "2003-09": {
            "month": "2003-09",
            "price": "4.60",
            "revenue": 57766
        },
        "2003-10": {
            "month": "2003-10",
            "price": "4.71",
            "revenue": 52800
        },
        "2003-11": {
            "month": "2003-11",
            "price": "4.98",
            "revenue": 59637
        },
        "2003-12": {
            "month": "2003-12",
            "price": "7.34",
            "revenue": 45669
        },
        "2004-01": {
            "month": "2004-01",
            "price": "8.13",
            "revenue": 58142
        },
        "2004-02": {
            "month": "2004-02",
            "price": "10.08",
            "revenue": 63441
        },
        "2004-03": {
            "month": "2004-03",
            "price": "13.54",
            "revenue": 44149
        },
        "2004-04": {
            "month": "2004-04",
            "price": "13.08",
            "revenue": 60470
        },
        "2004-05": {
            "month": "2004-05",
            "price": "9.30",
            "revenue": 41096
        },
        "2004-06": {
            "month": "2004-06",
            "price": "7.21",
            "revenue": 44175
        },
        "2004-07": {
            "month": "2004-07",
            "price": "5.47",
            "revenue": 35401
        },
        "2004-08": {
            "month": "2004-08",
            "price": "4.47",
            "revenue": 45898
        },
        "2004-09": {
            "month": "2004-09",
            "price": "4.11",
            "revenue": 42742
        },
        "2004-10": {
            "month": "2004-10",
            "price": "3.80",
            "revenue": 29745
        },
        "2004-11": {
            "month": "2004-11",
            "price": "3.39",
            "revenue": 35284
        },
        "2004-12": {
            "month": "2004-12",
            "price": "4.43",
            "revenue": 47352
        },
        "2005-01": {
            "month": "2005-01",
            "price": "4.86",
            "revenue": 49384
        },
        "2005-02": {
            "month": "2005-02",
            "price": "4.58",
            "revenue": 43326
        },
        "2005-03": {
            "month": "2005-03",
            "price": "4.84",
            "revenue": 53334
        },
        "2005-04": {
            "month": "2005-04",
            "price": "4.66",
            "revenue": 45092
        },
        "2005-05": {
            "month": "2005-05",
            "price": "4.15",
            "revenue": 46887
        },
        "2005-06": {
            "month": "2005-06",
            "price": "4.42",
            "revenue": 34321
        },
        "2005-07": {
            "month": "2005-07",
            "price": "4.19",
            "revenue": 32092
        },
        "2005-08": {
            "month": "2005-08",
            "price": "3.34",
            "revenue": 41162
        },
        "2005-09": {
            "month": "2005-09",
            "price": "2.15",
            "revenue": 31656
        },
        "2005-10": {
            "month": "2005-10",
            "price": "1.84",
            "revenue": 31171
        },
        "2005-11": {
            "month": "2005-11",
            "price": "1.49",
            "revenue": 40265
        },
        "2005-12": {
            "month": "2005-12",
            "price": "1.43",
            "revenue": 23157
        },
        "2006-01": {
            "month": "2006-01",
            "price": "1.59",
            "revenue": 49341
        },
        "2006-02": {
            "month": "2006-02",
            "price": "1.62",
            "revenue": 29781
        },
        "2006-03": {
            "month": "2006-03",
            "price": "1.55",
            "revenue": 36396
        },
        "2006-04": {
            "month": "2006-04",
            "price": "1.76",
            "revenue": 42400
        },
        "2006-05": {
            "month": "2006-05",
            "price": "1.67",
            "revenue": 40243
        },
        "2006-06": {
            "month": "2006-06",
            "price": "1.75",
            "revenue": 53587
        },
        "2006-07": {
            "month": "2006-07",
            "price": "1.21",
            "revenue": 46646
        },
        "2006-08": {
            "month": "2006-08",
            "price": "1.63",
            "revenue": 45690
        },
        "2006-09": {
            "month": "2006-09",
            "price": "1.79",
            "revenue": 52642
        },
        "2006-10": {
            "month": "2006-10",
            "price": "1.82",
            "revenue": 46564
        },
        "2006-11": {
            "month": "2006-11",
            "price": "8.98",
            "revenue": 40141
        },
        "2006-12": {
            "month": "2006-12",
            "price": "13.36",
            "revenue": 41597
        },
        "2007-01": {
            "month": "2007-01",
            "price": "13.98",
            "revenue": 74462
        },
        "2007-02": {
            "month": "2007-02",
            "price": "16.38",
            "revenue": 35967
        },
        "2007-03": {
            "month": "2007-03",
            "price": "20.84",
            "revenue": 44791
        },
        "2007-04": {
            "month": "2007-04",
            "price": "23.56",
            "revenue": 50551
        },
        "2007-05": {
            "month": "2007-05",
            "price": "21.17",
            "revenue": 48096
        },
        "2007-06": {
            "month": "2007-06",
            "price": "22.92",
            "revenue": 42894
        },
        "2007-07": {
            "month": "2007-07",
            "price": "25.49",
            "revenue": 44121
        },
        "2007-08": {
            "month": "2007-08",
            "price": "29.64",
            "revenue": 57209
        },
        "2007-09": {
            "month": "2007-09",
            "price": "32.19",
            "revenue": 40176
        },
        "2007-10": {
            "month": "2007-10",
            "price": "27.88",
            "revenue": 62677
        },
        "2007-11": {
            "month": "2007-11",
            "price": "21.76",
            "revenue": 62568
        },
        "2007-12": {
            "month": "2007-12",
            "price": "16.84",
            "revenue": 40249
        },
        "2008-01": {
            "month": "2008-01",
            "price": "14.24",
            "revenue": 46942
        },
        "2008-02": {
            "month": "2008-02",
            "price": "13.43",
            "revenue": 46890
        },
        "2008-03": {
            "month": "2008-03",
            "price": "18.21",
            "revenue": 53834
        },
        "2008-04": {
            "month": "2008-04",
            "price": "23.30",
            "revenue": 49637
        },
        "2008-05": {
            "month": "2008-05",
            "price": "22.87",
            "revenue": 43885
        },
        "2008-06": {
            "month": "2008-06",
            "price": "18.15",
            "revenue": 62991
        },
        "2008-07": {
            "month": "2008-07",
            "price": "14.72",
            "revenue": 56213
        },
        "2008-08": {
            "month": "2008-08",
            "price": "14.55",
            "revenue": 51918
        },
        "2008-09": {
            "month": "2008-09",
            "price": "10.41",
            "revenue": 47543
        },
        "2008-10": {
            "month": "2008-10",
            "price": "7.89",
            "revenue": 38676
        },
        "2008-11": {
            "month": "2008-11",
            "price": "7.51",
            "revenue": 25765
        },
        "2008-12": {
            "month": "2008-12",
            "price": "6.75",
            "revenue": 27515
        },
        "2009-01": {
            "month": "2009-01",
            "price": "6.86",
            "revenue": 13045
        },
        "2009-02": {
            "month": "2009-02",
            "price": "6.74",
            "revenue": 7075
        },
        "2009-03": {
            "month": "2009-03",
            "price": "7.92",
            "revenue": 5489
        },
        "2009-04": {
            "month": "2009-04",
            "price": "8.53",
            "revenue": 7885
        },
        "2009-05": {
            "month": "2009-05",
            "price": "7.53",
            "revenue": 14548
        },
        "2009-06": {
            "month": "2009-06",
            "price": "7.19",
            "revenue": 15505
        },
        "2009-07": {
            "month": "2009-07",
            "price": "7.75",
            "revenue": 15793
        },
        "2009-08": {
            "month": "2009-08",
            "price": "7.67",
            "revenue": 16401
        },
        "2009-09": {
            "month": "2009-09",
            "price": "7.99",
            "revenue": 15559
        },
        "2009-10": {
            "month": "2009-10",
            "price": "17.55",
            "revenue": 18170
        },
        "2009-11": {
            "month": "2009-11",
            "price": "14.63",
            "revenue": 15925
        },
        "2009-12": {
            "month": "2009-12",
            "price": "15.85",
            "revenue": 13036
        },
        "2010-01": {
            "month": "2010-01",
            "price": "13.87",
            "revenue": 17936
        },
        "2010-02": {
            "month": "2010-02",
            "price": "10.85",
            "revenue": 18766
        },
        "2010-03": {
            "month": "2010-03",
            "price": "13.26",
            "revenue": 22374
        },
        "2010-04": {
            "month": "2010-04",
            "price": "14.26",
            "revenue": 19901
        },
        "2010-05": {
            "month": "2010-05",
            "price": "13.40",
            "revenue": 22551
        },
        "2010-06": {
            "month": "2010-06",
            "price": "13.03",
            "revenue": 23983
        },
        "2010-07": {
            "month": "2010-07",
            "price": "14.37",
            "revenue": 26433
        },
        "2010-08": {
            "month": "2010-08",
            "price": "15.87",
            "revenue": 31089
        },
        "2010-09": {
            "month": "2010-09",
            "price": "17.70",
            "revenue": 24866
        },
        "2010-10": {
            "month": "2010-10",
            "price": "18.79",
            "revenue": 27897
        },
        "2010-11": {
            "month": "2010-11",
            "price": "16.46",
            "revenue": 26131
        },
        "2010-12": {
            "month": "2010-12",
            "price": "16.60",
            "revenue": 11510
        },
        "2011-01": {
            "month": "2011-01",
            "price": "14.80",
            "revenue": 9498
        },
        "2011-02": {
            "month": "2011-02",
            "price": "13.14",
            "revenue": 9219
        },
        "2011-03": {
            "month": "2011-03",
            "price": "12.77",
            "revenue": 40014
        },
        "2011-04": {
            "month": "2011-04",
            "price": "13.26",
            "revenue": 13528
        },
        "2011-05": {
            "month": "2011-05",
            "price": "11.93",
            "revenue": 13214
        },
        "2011-06": {
            "month": "2011-06",
            "price": "10.43",
            "revenue": 26607
        },
        "2011-07": {
            "month": "2011-07",
            "price": "10.08",
            "revenue": 31073
        },
        "2011-08": {
            "month": "2011-08",
            "price": "9.33",
            "revenue": 12455
        },
        "2011-09": {
            "month": "2011-09",
            "price": "8.60",
            "revenue": 5729
        },
        "2011-10": {
            "month": "2011-10",
            "price": "7.38",
            "revenue": 5079
        },
        "2011-11": {
            "month": "2011-11",
            "price": "5.19",
            "revenue": 5415
        },
        "2011-12": {
            "month": "2011-12",
            "price": "4.16",
            "revenue": 5763
        },
        "2012-01": {
            "month": "2012-01",
            "price": "4.05",
            "revenue": 8376
        },
        "2012-02": {
            "month": "2012-02",
            "price": "6.02",
            "revenue": 8810
        },
        "2012-03": {
            "month": "2012-03",
            "price": "6.02",
            "revenue": 9018
        },
        "2012-04": {
            "month": "2012-04",
            "price": "3.58",
            "revenue": 9389
        },
        "2012-05": {
            "month": "2012-05",
            "price": "2.35",
            "revenue": 9158
        },
        "2012-06": {
            "month": "2012-06",
            "price": "2.23",
            "revenue": 8524
        },
        "2012-07": {
            "month": "2012-07",
            "price": "1.94",
            "revenue": 32330
        },
        "2012-08": {
            "month": "2012-08",
            "price": "1.91",
            "revenue": 13512
        },
        "2012-09": {
            "month": "2012-09",
            "price": "2.10",
            "revenue": 28989
        },
        "2012-10": {
            "month": "2012-10",
            "price": "2.12",
            "revenue": 3564
        },
        "2012-11": {
            "month": "2012-11",
            "price": "1.94",
            "revenue": 4278
        },
        "2012-12": {
            "month": "2012-12",
            "price": "1.95",
            "revenue": 3992
        },
        "2013-01": {
            "month": "2013-01",
            "price": "2.03",
            "revenue": 21825
        },
        "2013-02": {
            "month": "2013-02",
            "price": "2.12",
            "revenue": 19408
        },
        "2013-03": {
            "month": "2013-03",
            "price": "2.00",
            "revenue": 3731
        },
        "2013-04": {
            "month": "2013-04",
            "price": "2.11",
            "revenue": 3967
        },
        "2013-05": {
            "month": "2013-05",
            "price": "2.33",
            "revenue": 4385
        },
        "2013-06": {
            "month": "2013-06",
            "price": "2.27",
            "revenue": 4073
        },
        "2013-07": {
            "month": "2013-07",
            "price": "2.30",
            "revenue": 4947
        },
        "2013-08": {
            "month": "2013-08",
            "price": "1.95",
            "revenue": 4123
        },
        "2013-09": {
            "month": "2013-09",
            "price": "1.86",
            "revenue": 4418
        },
        "2013-10": {
            "month": "2013-10",
            "price": "2.10",
            "revenue": 2990
        },
        "2013-11": {
            "month": "2013-11",
            "price": "1.89",
            "revenue": 2777
        },
        "2013-12": {
            "month": "2013-12",
            "price": "1.94",
            "revenue": 2528
        },
        "2014-01": {
            "month": "2014-01",
            "price": "2.06",
            "revenue": 2228
        },
        "2014-02": {
            "month": "2014-02",
            "price": "2.25",
            "revenue": 2672
        },
        "2014-03": {
            "month": "2014-03",
            "price": "3.26",
            "revenue": 3724
        },
        "2014-04": {
            "month": "2014-04",
            "price": "2.59",
            "revenue": 3216
        },
        "2014-05": {
            "month": "2014-05",
            "price": "2.85",
            "revenue": 3074
        },
        "2014-06": {
            "month": "2014-06",
            "price": "2.93",
            "revenue": 3113
        },
        "2014-07": {
            "month": "2014-07",
            "price": "3.03",
            "revenue": 3249
        },
        "2014-08": {
            "month": "2014-08",
            "price": "3.00",
            "revenue": 2945
        },
        "2014-09": {
            "month": "2014-09",
            "price": "2.34",
            "revenue": 2747
        },
        "2014-10": {
            "month": "2014-10",
            "price": "2.35",
            "revenue": 2999
        },
        "2014-11": {
            "month": "2014-11",
            "price": "2.53",
            "revenue": 2284
        },
        "2014-12": {
            "month": "2014-12",
            "price": "1.98",
            "revenue": 1909
        },
        "2015-01": {
            "month": "2015-01",
            "price": "9.28",
            "revenue": 1855
        },
        "2015-02": {
            "month": "2015-02",
            "price": "10.57",
            "revenue": 1675
        },
        "2015-03": {
            "month": "2015-03",
            "price": "10.10",
            "revenue": 2912
        },
        "2015-04": {
            "month": "2015-04",
            "price": "10.91",
            "revenue": 2231
        },
        "2015-05": {
            "month": "2015-05",
            "price": "13.27",
            "revenue": 1917
        },
        "2015-06": {
            "month": "2015-06",
            "price": "13.99",
            "revenue": 1021
        },
        "2015-07": {
            "month": "2015-07",
            "price": "14.05",
            "revenue": 531
        },
        "2015-08": {
            "month": "2015-08",
            "price": "12.77",
            "revenue": 524
        },
        "2015-09": {
            "month": "2015-09",
            "price": "7.95",
            "revenue": 522
        },
        "2015-10": {
            "month": "2015-10",
            "price": "7.09",
            "revenue": 2035
        },
        "2015-11": {
            "month": "2015-11",
            "price": "6.33",
            "revenue": 4780
        },
        "2015-12": {
            "month": "2015-12",
            "price": "6.20",
            "revenue": 5058
        },
        "2016-01": {
            "month": "2016-01",
            "price": "6.23",
            "revenue": 781
        },
        "2016-02": {
            "month": "2016-02",
            "price": "5.72",
            "revenue": 1180
        },
        "2016-03": {
            "month": "2016-03",
            "price": "5.57",
            "revenue": 1236
        },
        "2016-04": {
            "month": "2016-04",
            "price": "6.24",
            "revenue": 2396
        },
        "2016-05": {
            "month": "2016-05",
            "price": "5.72",
            "revenue": 25175
        },
        "2016-06": {
            "month": "2016-06",
            "price": "7.35",
            "revenue": 8091
        },
        "2016-07": {
            "month": "2016-07",
            "price": "9.62",
            "revenue": 9830
        },
        "2016-08": {
            "month": "2016-08",
            "price": "7.62",
            "revenue": 8126
        },
        "2016-09": {
            "month": "2016-09",
            "price": "6.60",
            "revenue": 13519
        },
        "2016-10": {
            "month": "2016-10",
            "price": "6.53",
            "revenue": 5453
        },
        "2016-11": {
            "month": "2016-11",
            "price": "5.89",
            "revenue": 6383
        },
        "2016-12": {
            "month": "2016-12",
            "price": "5.66",
            "revenue": 12155
        },
        "2017-01": {
            "month": "2017-01",
            "price": "5.76",
            "revenue": 5319
        },
        "2017-02": {
            "month": "2017-02",
            "price": "7.48",
            "revenue": 6374
        },
        "2017-03": {
            "month": "2017-03",
            "price": "9.07",
            "revenue": 7361
        },
        "2017-04": {
            "month": "2017-04",
            "price": "8.37",
            "revenue": 6233
        },
        "2017-05": {
            "month": "2017-05",
            "price": "8.04",
            "revenue": 7119
        },
        "2017-06": {
            "month": "2017-06",
            "price": "10.58",
            "revenue": 7948
        },
        "2017-07": {
            "month": "2017-07",
            "price": "11.07",
            "revenue": 4965
        },
        "2017-08": {
            "month": "2017-08",
            "price": "9.34",
            "revenue": 8904
        },
        "2017-09": {
            "month": "2017-09",
            "price": "10.64",
            "revenue": 3226
        },
        "2017-10": {
            "month": "2017-10",
            "price": "8.64",
            "revenue": 5500
        },
        "2017-11": {
            "month": "2017-11",
            "price": "8.35",
            "revenue": 7085
        },
        "2017-12": {
            "month": "2017-12",
            "price": "8.80",
            "revenue": 13651
        },
        "2018-01": {
            "month": "2018-01",
            "price": "9.19",
            "revenue": 7099
        },
        "2018-02": {
            "month": "2018-02",
            "price": "9.22",
            "revenue": 7450
        },
        "2018-03": {
            "month": "2018-03",
            "price": "9.42",
            "revenue": 6121
        },
        "2018-04": {
            "month": "2018-04",
            "price": "9.51",
            "revenue": 7634
        },
        "2018-05": {
            "month": "2018-05",
            "price": "10.22",
            "revenue": 10474
        },
        "2018-06": {
            "month": "2018-06",
            "price": "14.79",
            "revenue": 2868
        },
        "2018-07": {
            "month": "2018-07",
            "price": "14.33",
            "revenue": 2360
        },
        "2018-08": {
            "month": "2018-08",
            "price": "15.61",
            "revenue": 1588
        },
        "2018-09": {
            "month": "2018-09",
            "price": "15.30",
            "revenue": 341
        },
        "2018-10": {
            "month": "2018-10",
            "price": "18.12",
            "revenue": 477
        },
        "2018-11": {
            "month": "2018-11",
            "price": "18.29",
            "revenue": 452400
        },
        "2018-12": {
            "month": "2018-12",
            "price": "19.50",
            "revenue": 302860
        },
        "2019-01": {
            "month": "2019-01",
            "price": "25.77",
            "revenue": 3838
        },
        "2019-02": {
            "month": "2019-02",
            "price": "29.74",
            "revenue": 52
        },
        "2019-03": {
            "month": "2019-03",
            "price": "27.47",
            "revenue": 0
        },
        "2019-04": {
            "month": "2019-04",
            "price": "25.87",
            "revenue": 0
        },
        "2019-05": {
            "month": "2019-05",
            "price": "24.99",
            "revenue": 0
        },
        "2019-06": {
            "month": "2019-06",
            "price": "25.34",
            "revenue": 0
        },
        "2019-07": {
            "month": "2019-07",
            "price": "25.81",
            "revenue": 2670392
        },
        "2019-08": {
            "month": "2019-08",
            "price": "29.67",
            "revenue": 64365
        },
        "2019-09": {
            "month": "2019-09",
            "price": "29.20",
            "revenue": 17353
        },
        "2019-10": {
            "month": "2019-10",
            "price": "28.65",
            "revenue": 100
        },
        "2019-11": {
            "month": "2019-11",
            "price": "27.46",
            "revenue": 162
        },
        "2019-12": {
            "month": "2019-12",
            "price": "27.90",
            "revenue": 280
        },
        "2020-01": {
            "month": "2020-01",
            "price": "21.18",
            "revenue": 173
        },
        "2020-02": {
            "month": "2020-02",
            "price": "19.45",
            "revenue": 177
        },
        "2020-03": {
            "month": "2020-03",
            "price": "19.14",
            "revenue": 172
        },
        "2020-04": {
            "month": "2020-04",
            "price": "17.06",
            "revenue": 157
        },
        "2020-05": {
            "month": "2020-05",
            "price": "17.89",
            "revenue": 157
        },
        "2020-06": {
            "month": "2020-06",
            "price": "17.88",
            "revenue": 156
        },
        "2020-07": {
            "month": "2020-07",
            "price": "17.24",
            "revenue": 157
        },
        "2020-08": {
            "month": "2020-08",
            "price": "16.88",
            "revenue": 157
        },
        "2020-09": {
            "month": "2020-09",
            "price": "17.10",
            "revenue": 156
        },
        "2020-10": {
            "month": "2020-10",
            "price": "17.44",
            "revenue": 172
        },
        "2020-11": {
            "month": "2020-11",
            "price": "17.28",
            "revenue": 171
        },
        "2020-12": {
            "month": "2020-12",
            "price": "16.39",
            "revenue": 172
        },
        "2021-01": {
            "month": "2021-01",
            "price": "17.03",
            "revenue": 172
        },
        "2021-02": {
            "month": "2021-02",
            "price": "17.79",
            "revenue": 170
        },
        "2021-03": {
            "month": "2021-03",
            "price": "17.85",
            "revenue": 173
        },
        "2021-04": {
            "month": "2021-04",
            "price": "18.47",
            "revenue": 171
        },
        "2021-05": {
            "month": "2021-05",
            "price": "22.75",
            "revenue": 172
        },
        "2021-06": {
            "month": "2021-06",
            "price": "23.36",
            "revenue": 214
        },
        "2021-07": {
            "month": "2021-07",
            "price": "23.18",
            "revenue": 259
        },
        "2021-08": {
            "month": "2021-08",
            "price": "23.88",
            "revenue": 256
        },
        "2021-09": {
            "month": "2021-09",
            "price": "25.90",
            "revenue": 16807
        },
        "2021-10": {
            "month": "2021-10",
            "price": "29.05",
            "revenue": 5494
        },
        "2021-11": {
            "month": "2021-11",
            "price": "28.33",
            "revenue": 16545
        },
        "2021-12": {
            "month": "2021-12",
            "price": "28.42",
            "revenue": 22498
        },
        "2022-01": {
            "month": "2022-01",
            "price": "28.75",
            "revenue": 6091
        },
        "2022-02": {
            "month": "2022-02",
            "price": "29.52",
            "revenue": 408994
        },
        "2022-03": {
            "month": "2022-03",
            "price": "29.55",
            "revenue": 11346
        },
        "2022-04": {
            "month": "2022-04",
            "price": "27.48",
            "revenue": 38164
        },
        "2022-05": {
            "month": "2022-05",
            "price": "25.28",
            "revenue": 5727
        },
        "2022-06": {
            "month": "2022-06",
            "price": "26.64",
            "revenue": 26031
        },
        "2022-07": {
            "month": "2022-07",
            "price": "26.58",
            "revenue": 20888
        },
        "2022-08": {
            "month": "2022-08",
            "price": "27.44",
            "revenue": 60641
        },
        "2022-09": {
            "month": "2022-09",
            "price": "27.68",
            "revenue": 15793
        },
        "2022-10": {
            "month": "2022-10",
            "price": "27.90",
            "revenue": 251
        },
        "2022-11": {
            "month": "2022-11",
            "price": "27.55",
            "revenue": 250
        },
        "2022-12": {
            "month": "2022-12",
            "price": "28.34",
            "revenue": 5339
        },
        "2023-01": {
            "month": "2023-01",
            "price": "27.27",
            "revenue": 191
        },
        "2023-02": {
            "month": "2023-02",
            "price": "28.32",
            "revenue": 185
        },
        "2023-03": {
            "month": "2023-03",
            "price": "27.28",
            "revenue": 187
        },
        "2023-04": {
            "month": "2023-04",
            "price": "27.81",
            "revenue": 186
        },
        "2023-05": {
            "month": "2023-05",
            "price": "28.03",
            "revenue": 187
        },
        "2023-06": {
            "month": "2023-06",
            "price": "27.13",
            "revenue": 186
        },
        "2023-07": {
            "month": "2023-07",
            "price": "28.35",
            "revenue": 186
        },
        "2023-08": {
            "month": "2023-08",
            "price": "28.00",
            "revenue": 186
        },
        "2023-09": {
            "month": "2023-09",
            "price": "28.55",
            "revenue": 186
        },
        "2023-10": {
            "month": "2023-10",
            "price": "28.76",
            "revenue": 187
        },
        "2023-11": {
            "month": "2023-11",
            "price": "30.58",
            "revenue": 186
        },
        "2023-12": {
            "month": "2023-12",
            "price": "34.27",
            "revenue": 1614385
        }
    }
}
