{
    "summary": {
        "stock_name": "宣德",
        "stock_id": "5457",
        "category": "電子零組件",
        "main_business": "各式連接器.精密零組件. 按鍵與彈片之加工及製造。",
        "website_url": "http://www.speedtech.com.tw",
        "ceo": "蔡鎮隆",
        "pe_ratio": 15,
        "report_year_from": 2001,
        "report_year_to": 2023,
        "age": 22,
        "eps_negative_percentage": 39,
        "eps_growth_avg": {
            "last_all": 0.28,
            "last_2y": 34.71,
            "last_4y": 60.83,
            "last_8y": 34.34,
            "last_12y": 34.34,
            "last_16y": 8.28,
            "last_20y": 0.28,
            "at_2006_last_3y": -90.36,
            "at_2007_last_3y": -97.31,
            "at_2008_last_3y": -95.96,
            "at_2009_last_3y": -95.96,
            "at_2010_last_3y": -100,
            "at_2011_last_3y": null,
            "at_2012_last_3y": null,
            "at_2013_last_3y": null,
            "at_2014_last_3y": 100,
            "at_2015_last_3y": 35.29,
            "at_2016_last_3y": -9.8,
            "at_2017_last_3y": -9.8,
            "at_2018_last_3y": -9.8,
            "at_2019_last_3y": 33.33,
            "at_2020_last_3y": 97.25,
            "at_2021_last_3y": 78.44,
            "at_2022_last_3y": 51.04,
            "at_2023_last_3y": 51.04,
            "at_2006_last_all": -42.77,
            "at_2007_last_all": -54.22,
            "at_2008_last_all": -54.22,
            "at_2009_last_all": -54.22,
            "at_2010_last_all": -54.22,
            "at_2011_last_all": -54.22,
            "at_2012_last_all": -54.22,
            "at_2013_last_all": -54.22,
            "at_2014_last_all": -28.51,
            "at_2015_last_all": -28.64,
            "at_2016_last_all": -37.56,
            "at_2017_last_all": -37.56,
            "at_2018_last_all": -22.28,
            "at_2019_last_all": -10.05,
            "at_2020_last_all": -0.8,
            "at_2021_last_all": 1.11,
            "at_2022_last_all": 0.28,
            "at_2023_last_all": 0.28
        },
        "latest_eps": 3.27,
        "latest_price": 50.4,
        "latest_roe": 13.3,
        "latest_gross_margin": 14.3,
        "latest_equity": 9396987,
        "latest_revenue": 3403275,
        "latest_gross_profit": 486769,
        "latest_net_income": -86895,
        "latest_debt_ratio": 55.39,
        "latest_current_ratio": 136.95,
        "latest_account_receivable_turnover_ratio": 0.45,
        "latest_inventory_turnover_ratio": 1.3,
        "latest_reinvestment_rate": 112.87,
        "latest_research_to_sale_ratio": 6.7
    },
    "eps_dividends": {
        "1998": {
            "cash": 0,
            "stock": 7,
            "eps": 0
        },
        "1999": {
            "cash": 0,
            "stock": 0,
            "eps": 0
        },
        "2000": {
            "cash": 0,
            "stock": 1,
            "eps": 0
        },
        "2001": {
            "cash": 0,
            "stock": 2,
            "eps": 1.04
        },
        "2002": {
            "cash": 0,
            "stock": 1,
            "eps": 2.83
        },
        "2003": {
            "cash": 0,
            "stock": 1,
            "eps": 0.59
        },
        "2004": {
            "cash": 0,
            "stock": 0,
            "eps": -0.58
        },
        "2005": {
            "cash": 0,
            "stock": 0,
            "eps": 1.61
        },
        "2006": {
            "cash": 0,
            "stock": 0,
            "eps": 0.13
        },
        "2007": {
            "cash": 0,
            "stock": 0,
            "eps": -1.79
        },
        "2008": {
            "cash": 0,
            "stock": 0,
            "eps": -3.35
        },
        "2009": {
            "cash": 0,
            "stock": 0,
            "eps": -2.45
        },
        "2010": {
            "cash": 0,
            "stock": 0,
            "eps": -0.38
        },
        "2011": {
            "cash": 0,
            "stock": 0,
            "eps": -0.41
        },
        "2012": {
            "cash": 0,
            "stock": 0,
            "eps": -2.1
        },
        "2013": {
            "cash": 0,
            "stock": 0,
            "eps": 0.07
        },
        "2014": {
            "cash": 0,
            "stock": 0,
            "eps": 1.87
        },
        "2015": {
            "cash": 0,
            "stock": 0,
            "eps": 1.32
        },
        "2016": {
            "cash": 1,
            "stock": 0,
            "eps": -0.27
        },
        "2017": {
            "cash": 0,
            "stock": 0,
            "eps": 0.34
        },
        "2018": {
            "cash": 0,
            "stock": 0,
            "eps": 1
        },
        "2019": {
            "cash": 0,
            "stock": 0,
            "eps": 2.18
        },
        "2020": {
            "cash": 1,
            "stock": 0,
            "eps": 4.18
        },
        "2021": {
            "cash": 2,
            "stock": 0,
            "eps": 5.1
        },
        "2022": {
            "cash": 3,
            "stock": 0,
            "eps": 4.61
        },
        "2023": {
            "cash": 2,
            "stock": 0,
            "eps": -0.4
        }
    },
    "dividends": {
        "1998-04-20": {
            "cash": 0,
            "stock": 7
        },
        "1999-05-24": {
            "cash": 0,
            "stock": 0.4
        },
        "2000-03-20": {
            "cash": 0,
            "stock": 1.48
        },
        "2001-05-10": {
            "cash": 0,
            "stock": 1.5
        },
        "2002-05-28": {
            "cash": 0,
            "stock": 0.7
        },
        "2003-06-27": {
            "cash": 0,
            "stock": 1.37
        },
        "2006-04-26": {
            "cash": 0.2,
            "stock": 0.3
        },
        "2016-10-17": {
            "cash": 0.5,
            "stock": 0
        },
        "2020-09-18": {
            "cash": 0.5,
            "stock": 0
        },
        "2021-09-15": {
            "cash": 2.1,
            "stock": 0
        },
        "2022-08-30": {
            "cash": 2.5,
            "stock": 0
        },
        "2023-03-20": {
            "cash": 1.84,
            "stock": 0
        }
    },
    "prices": {
        "200101": "28.72",
        "200102": "36.62",
        "200103": "45.51",
        "200104": "50.90",
        "200105": "39.79",
        "200106": "38.50",
        "200107": "27.70",
        "200108": "23.95",
        "200109": "20.34",
        "200110": "16.43",
        "200111": "20.60",
        "200112": "25.82",
        "200201": "28.86",
        "200202": "26.73",
        "200203": "27.29",
        "200204": "32.97",
        "200205": "33.67",
        "200206": "29.60",
        "200207": "29.82",
        "200208": "28.17",
        "200209": "27.78",
        "200210": "27.77",
        "200211": "31.65",
        "200212": "30.00",
        "200301": "27.81",
        "200302": "27.84",
        "200303": "27.60",
        "200304": "26.51",
        "200305": "24.10",
        "200306": "26.40",
        "200307": "25.55",
        "200308": "23.91",
        "200309": "15.22",
        "200310": "15.23",
        "200311": "16.18",
        "200312": "15.27",
        "200401": "15.70",
        "200402": "16.35",
        "200403": "18.45",
        "200404": "18.47",
        "200405": "14.09",
        "200406": "11.68",
        "200407": "9.41",
        "200408": "8.26",
        "200409": "8.56",
        "200410": "8.13",
        "200411": "7.61",
        "200412": "7.68",
        "200501": "7.33",
        "200502": "8.38",
        "200503": "9.09",
        "200504": "9.84",
        "200505": "9.07",
        "200506": "10.61",
        "200507": "16.12",
        "200508": "19.82",
        "200509": "19.52",
        "200510": "21.06",
        "200511": "18.07",
        "200512": "18.60",
        "200601": "18.21",
        "200602": "17.29",
        "200603": "16.25",
        "200604": "17.35",
        "200605": "20.30",
        "200606": "20.55",
        "200607": "17.68",
        "200608": "17.13",
        "200609": "16.21",
        "200610": "16.46",
        "200611": "16.26",
        "200612": "16.91",
        "200701": "18.75",
        "200702": "17.81",
        "200703": "17.19",
        "200704": "16.26",
        "200705": "14.46",
        "200706": "15.04",
        "200707": "14.94",
        "200708": "12.38",
        "200709": "11.65",
        "200710": "10.30",
        "200711": "8.14",
        "200712": "6.99",
        "200801": "7.48",
        "200802": "7.21",
        "200803": "6.90",
        "200804": "6.75",
        "200805": "6.70",
        "200806": "5.46",
        "200807": "4.59",
        "200808": "4.22",
        "200809": "3.34",
        "200810": "3.98",
        "200811": "4.66",
        "200812": "3.87",
        "200901": "4.44",
        "200902": "5.69",
        "200903": "6.03",
        "200904": "6.18",
        "200905": "7.18",
        "200906": "9.78",
        "200907": "10.00",
        "200908": "8.84",
        "200909": "9.97",
        "200910": "13.36",
        "200911": "12.08",
        "200912": "12.35",
        "201001": "11.67",
        "201002": "9.55",
        "201003": "10.29",
        "201004": "12.05",
        "201005": "12.09",
        "201006": "12.10",
        "201007": "11.92",
        "201008": "12.02",
        "201009": "11.29",
        "201010": "11.40",
        "201011": "10.10",
        "201012": "10.04",
        "201101": "9.58",
        "201102": "9.14",
        "201103": "8.74",
        "201104": "9.99",
        "201105": "10.37",
        "201106": "11.01",
        "201107": "9.83",
        "201108": "7.55",
        "201109": "6.83",
        "201110": "6.56",
        "201111": "5.53",
        "201112": "4.83",
        "201201": "5.32",
        "201202": "7.61",
        "201203": "9.85",
        "201204": "7.62",
        "201205": "6.64",
        "201206": "6.04",
        "201207": "5.53",
        "201208": "6.26",
        "201209": "7.20",
        "201210": "11.36",
        "201211": "11.27",
        "201212": "11.71",
        "201301": "11.80",
        "201302": "13.57",
        "201303": "13.78",
        "201304": "13.16",
        "201305": "15.03",
        "201306": "17.64",
        "201307": "16.94",
        "201308": "17.75",
        "201309": "18.54",
        "201310": "18.44",
        "201311": "17.07",
        "201312": "18.26",
        "201401": "24.57",
        "201402": "25.41",
        "201403": "25.07",
        "201404": "24.30",
        "201405": "25.86",
        "201406": "35.04",
        "201407": "33.85",
        "201408": "29.56",
        "201409": "28.74",
        "201410": "27.03",
        "201411": "26.48",
        "201412": "31.99",
        "201501": "34.54",
        "201502": "32.64",
        "201503": "35.80",
        "201504": "36.66",
        "201505": "35.30",
        "201506": "39.55",
        "201507": "37.28",
        "201508": "29.20",
        "201509": "27.70",
        "201510": "29.52",
        "201511": "27.52",
        "201512": "28.27",
        "201601": "24.42",
        "201602": "24.98",
        "201603": "26.45",
        "201604": "27.99",
        "201605": "26.42",
        "201606": "27.52",
        "201607": "29.90",
        "201608": "30.20",
        "201609": "29.54",
        "201610": "24.73",
        "201611": "21.98",
        "201612": "24.68",
        "201701": "26.02",
        "201702": "27.94",
        "201703": "27.92",
        "201704": "24.55",
        "201705": "27.66",
        "201706": "27.50",
        "201707": "36.13",
        "201708": "41.14",
        "201709": "49.93",
        "201710": "47.35",
        "201711": "53.05",
        "201712": "57.42",
        "201801": "60.64",
        "201802": "50.01",
        "201803": "55.75",
        "201804": "52.77",
        "201805": "49.99",
        "201806": "58.03",
        "201807": "59.52",
        "201808": "55.13",
        "201809": "54.54",
        "201810": "43.11",
        "201811": "42.63",
        "201812": "49.50",
        "201901": "58.71",
        "201902": "61.56",
        "201903": "61.50",
        "201904": "60.95",
        "201905": "63.25",
        "201906": "64.93",
        "201907": "69.86",
        "201908": "67.04",
        "201909": "69.63",
        "201910": "69.66",
        "201911": "70.04",
        "201912": "86.49",
        "202001": "83.05",
        "202002": "77.48",
        "202003": "62.43",
        "202004": "63.23",
        "202005": "76.52",
        "202006": "83.38",
        "202007": "84.72",
        "202008": "112.54",
        "202009": "115.64",
        "202010": "106.22",
        "202011": "103.74",
        "202012": "99.03",
        "202101": "96.30",
        "202102": "89.28",
        "202103": "91.09",
        "202104": "83.65",
        "202105": "63.78",
        "202106": "72.68",
        "202107": "83.09",
        "202108": "77.35",
        "202109": "84.64",
        "202110": "81.80",
        "202111": "81.69",
        "202112": "77.85",
        "202201": "77.51",
        "202202": "72.31",
        "202203": "59.85",
        "202204": "55.24",
        "202205": "54.50",
        "202206": "58.18",
        "202207": "52.07",
        "202208": "56.78",
        "202209": "56.80",
        "202210": "48.20",
        "202211": "55.52",
        "202212": "52.70",
        "202301": "50.70",
        "202302": "53.38",
        "202303": "55.77",
        "202304": "56.01",
        "202305": "51.45"
    },
    "quarters": {
        "20011": {
            "year_quarter": 20011,
            "year": 2001,
            "quarter": 1,
            "eps": 0.13,
            "eps_growth_year": -27.78,
            "eps_4q": 1.89,
            "eps_4q_growth_year": 16.68,
            "roe": 1.03,
            "roe_4q": 1.03,
            "gross_profit": 62393,
            "gross_margin": 36.5,
            "gross_margin_4q_avg": 36.5,
            "net_income": 5018,
            "revenue": 170927,
            "common_shares": 394711,
            "book_valuer_per_share": 12.43,
            "book_valuer_per_share_4q_avg": 12.43,
            "equity": 490747,
            "current_ratio": 80.99,
            "debt_ratio": 68.98,
            "inventory_turnover_ratio": 1.21,
            "account_receivable_turnover_ratio": null,
            "reinvestment_rate": null,
            "research_to_sale_ratio": null,
            "price_fair": 0,
            "eps_avg_yearly": 0,
            "eps_latest_yearly": 0,
            "eps_growth_yearly": 0
        },
        "20012": {
            "year_quarter": 20012,
            "year": 2001,
            "quarter": 2,
            "eps": 0.53,
            "eps_growth_year": -43.01,
            "eps_4q": 1.32,
            "eps_4q_growth_year": -41.91,
            "roe": 4.87,
            "roe_4q": 5.9,
            "gross_profit": 115585,
            "gross_margin": 41.82,
            "gross_margin_4q_avg": 39.16,
            "net_income": 24357,
            "revenue": 276358,
            "common_shares": 394711,
            "book_valuer_per_share": 12.89,
            "book_valuer_per_share_4q_avg": 12.66,
            "equity": 508898,
            "current_ratio": 94.71,
            "debt_ratio": 72.04,
            "inventory_turnover_ratio": 1.5,
            "account_receivable_turnover_ratio": null,
            "reinvestment_rate": null,
            "research_to_sale_ratio": null,
            "price_fair": 0,
            "eps_avg_yearly": 0,
            "eps_latest_yearly": 0,
            "eps_growth_yearly": 0
        },
        "20013": {
            "year_quarter": 20013,
            "year": 2001,
            "quarter": 3,
            "eps": 0.09,
            "eps_growth_year": -88.75,
            "eps_4q": 0.73,
            "eps_4q_growth_year": -72.13,
            "roe": 0.8,
            "roe_4q": 6.7,
            "gross_profit": 89672,
            "gross_margin": 35.25,
            "gross_margin_4q_avg": 37.86,
            "net_income": 4150,
            "revenue": 254378,
            "common_shares": 394711,
            "book_valuer_per_share": 13.3,
            "book_valuer_per_share_4q_avg": 12.87,
            "equity": 524877,
            "current_ratio": 87.64,
            "debt_ratio": 72.64,
            "inventory_turnover_ratio": 1.34,
            "account_receivable_turnover_ratio": null,
            "reinvestment_rate": null,
            "research_to_sale_ratio": null,
            "price_fair": 0,
            "eps_avg_yearly": 0,
            "eps_latest_yearly": 0,
            "eps_growth_yearly": 0
        },
        "20014": {
            "year_quarter": 20014,
            "year": 2001,
            "quarter": 4,
            "eps": 0.29,
            "eps_growth_year": null,
            "eps_4q": 1.02,
            "eps_4q_growth_year": -45.89,
            "roe": 2.52,
            "roe_4q": 9.22,
            "gross_profit": 102639,
            "gross_margin": 30.19,
            "gross_margin_4q_avg": 35.94,
            "net_income": 13368,
            "revenue": 339941,
            "common_shares": 462468,
            "book_valuer_per_share": 11.57,
            "book_valuer_per_share_4q_avg": 12.55,
            "equity": 535276,
            "current_ratio": 89.61,
            "debt_ratio": 74.49,
            "inventory_turnover_ratio": 1.69,
            "account_receivable_turnover_ratio": null,
            "reinvestment_rate": null,
            "research_to_sale_ratio": null,
            "price_fair": 0,
            "eps_avg_yearly": 0,
            "eps_latest_yearly": 0,
            "eps_growth_yearly": 0
        },
        "20021": {
            "year_quarter": 20021,
            "year": 2002,
            "quarter": 1,
            "eps": 0.45,
            "eps_growth_year": 246.15,
            "eps_4q": 1.36,
            "eps_4q_growth_year": -28.16,
            "roe": 3.81,
            "roe_4q": 12,
            "gross_profit": 109623,
            "gross_margin": 29.77,
            "gross_margin_4q_avg": 34.26,
            "net_income": 20755,
            "revenue": 368287,
            "common_shares": 462468,
            "book_valuer_per_share": 12.01,
            "book_valuer_per_share_4q_avg": 12.44,
            "equity": 555586,
            "current_ratio": 89.29,
            "debt_ratio": 74.65,
            "inventory_turnover_ratio": 1.68,
            "account_receivable_turnover_ratio": null,
            "reinvestment_rate": null,
            "research_to_sale_ratio": null,
            "price_fair": 63,
            "eps_avg_yearly": 1.8,
            "eps_latest_yearly": 1.8,
            "eps_growth_yearly": 220.69
        },
        "20022": {
            "year_quarter": 20022,
            "year": 2002,
            "quarter": 2,
            "eps": 0.8,
            "eps_growth_year": 50.94,
            "eps_4q": 1.57,
            "eps_4q_growth_year": 18.53,
            "roe": 6.95,
            "roe_4q": 14.08,
            "gross_profit": 139704,
            "gross_margin": 33.52,
            "gross_margin_4q_avg": 32.18,
            "net_income": 39894,
            "revenue": 416820,
            "common_shares": 462468,
            "book_valuer_per_share": 12.82,
            "book_valuer_per_share_4q_avg": 12.43,
            "equity": 592790,
            "current_ratio": 86.86,
            "debt_ratio": 74.24,
            "inventory_turnover_ratio": 1.49,
            "account_receivable_turnover_ratio": null,
            "reinvestment_rate": null,
            "research_to_sale_ratio": null,
            "price_fair": 87.5,
            "eps_avg_yearly": 2.5,
            "eps_latest_yearly": 3.2,
            "eps_growth_yearly": 265.9
        },
        "20023": {
            "year_quarter": 20023,
            "year": 2002,
            "quarter": 3,
            "eps": 0.69,
            "eps_growth_year": 666.67,
            "eps_4q": 2.17,
            "eps_4q_growth_year": 199.31,
            "roe": 5.64,
            "roe_4q": 18.919999999999998,
            "gross_profit": 144707,
            "gross_margin": 33.79,
            "gross_margin_4q_avg": 31.82,
            "net_income": 34428,
            "revenue": 428252,
            "common_shares": 500761,
            "book_valuer_per_share": 12.55,
            "book_valuer_per_share_4q_avg": 12.24,
            "equity": 628430,
            "current_ratio": 149.76,
            "debt_ratio": 79.17,
            "inventory_turnover_ratio": 1.69,
            "account_receivable_turnover_ratio": null,
            "reinvestment_rate": null,
            "research_to_sale_ratio": null,
            "price_fair": 90.53,
            "eps_avg_yearly": 2.59,
            "eps_latest_yearly": 2.76,
            "eps_growth_yearly": 158.93
        },
        "20024": {
            "year_quarter": 20024,
            "year": 2002,
            "quarter": 4,
            "eps": 0.89,
            "eps_growth_year": 206.9,
            "eps_4q": 2.79,
            "eps_4q_growth_year": 174.57,
            "roe": 5.34,
            "roe_4q": 21.74,
            "gross_profit": 177890,
            "gross_margin": 33.28,
            "gross_margin_4q_avg": 32.59,
            "net_income": 44463,
            "revenue": 534532,
            "common_shares": 630184,
            "book_valuer_per_share": 16.45,
            "book_valuer_per_share_4q_avg": 13.46,
            "equity": 1036708,
            "current_ratio": 139.21,
            "debt_ratio": 59.89,
            "inventory_turnover_ratio": 2.9,
            "account_receivable_turnover_ratio": null,
            "reinvestment_rate": 381.72,
            "research_to_sale_ratio": null,
            "price_fair": 99.05,
            "eps_avg_yearly": 2.83,
            "eps_latest_yearly": 3.56,
            "eps_growth_yearly": 148.19
        },
        "20031": {
            "year_quarter": 20031,
            "year": 2003,
            "quarter": 1,
            "eps": 0.64,
            "eps_growth_year": 42.22,
            "eps_4q": 2.44,
            "eps_4q_growth_year": 79.63,
            "roe": 3.88,
            "roe_4q": 21.81,
            "gross_profit": 155712,
            "gross_margin": 32.89,
            "gross_margin_4q_avg": 33.37,
            "net_income": 42252,
            "revenue": 473421,
            "common_shares": 661350,
            "book_valuer_per_share": 17.24,
            "book_valuer_per_share_4q_avg": 14.77,
            "equity": 1139932,
            "current_ratio": 136.32,
            "debt_ratio": 61.01,
            "inventory_turnover_ratio": 2.23,
            "account_receivable_turnover_ratio": null,
            "reinvestment_rate": 322.9,
            "research_to_sale_ratio": null,
            "price_fair": 97.16,
            "eps_avg_yearly": 2.78,
            "eps_latest_yearly": 2.56,
            "eps_growth_yearly": 96.08
        },
        "20032": {
            "year_quarter": 20032,
            "year": 2003,
            "quarter": 2,
            "eps": -0.35,
            "eps_growth_year": -143.75,
            "eps_4q": 1.44,
            "eps_4q_growth_year": -7.94,
            "roe": -2.04,
            "roe_4q": 12.82,
            "gross_profit": 115101,
            "gross_margin": 25.99,
            "gross_margin_4q_avg": 31.49,
            "net_income": -23421,
            "revenue": 442812,
            "common_shares": 677165,
            "book_valuer_per_share": 17.15,
            "book_valuer_per_share_4q_avg": 15.85,
            "equity": 1161092,
            "current_ratio": 115.83,
            "debt_ratio": 60.57,
            "inventory_turnover_ratio": 1.66,
            "account_receivable_turnover_ratio": null,
            "reinvestment_rate": 312.47,
            "research_to_sale_ratio": null,
            "price_fair": 97.16,
            "eps_avg_yearly": 2.78,
            "eps_latest_yearly": 2.56,
            "eps_growth_yearly": 96.08
        },
        "20033": {
            "year_quarter": 20033,
            "year": 2003,
            "quarter": 3,
            "eps": 0.06,
            "eps_growth_year": -91.3,
            "eps_4q": 0.94,
            "eps_4q_growth_year": -56.91,
            "roe": 0.37,
            "roe_4q": 7.55,
            "gross_profit": 126550,
            "gross_margin": 22.93,
            "gross_margin_4q_avg": 28.77,
            "net_income": 4333,
            "revenue": 551923,
            "common_shares": 677239,
            "book_valuer_per_share": 17.13,
            "book_valuer_per_share_4q_avg": 16.99,
            "equity": 1159797,
            "current_ratio": 112.69,
            "debt_ratio": 61.94,
            "inventory_turnover_ratio": 1.85,
            "account_receivable_turnover_ratio": null,
            "reinvestment_rate": 323.4,
            "research_to_sale_ratio": null,
            "price_fair": 97.16,
            "eps_avg_yearly": 2.78,
            "eps_latest_yearly": 2.56,
            "eps_growth_yearly": 96.08
        },
        "20034": {
            "year_quarter": 20034,
            "year": 2003,
            "quarter": 4,
            "eps": 0.24,
            "eps_growth_year": -73.03,
            "eps_4q": 0.53,
            "eps_4q_growth_year": -81.17,
            "roe": 1.27,
            "roe_4q": 3.48,
            "gross_profit": 153513,
            "gross_margin": 24.11,
            "gross_margin_4q_avg": 26.48,
            "net_income": 19436,
            "revenue": 636598,
            "common_shares": 1263998,
            "book_valuer_per_share": 15.03,
            "book_valuer_per_share_4q_avg": 16.64,
            "equity": 1900296,
            "current_ratio": 102.01,
            "debt_ratio": 59.98,
            "inventory_turnover_ratio": 1.53,
            "account_receivable_turnover_ratio": null,
            "reinvestment_rate": 663,
            "research_to_sale_ratio": null,
            "price_fair": 86.57,
            "eps_avg_yearly": 2.47,
            "eps_latest_yearly": 0.96,
            "eps_growth_yearly": 280.06
        },
        "20041": {
            "year_quarter": 20041,
            "year": 2004,
            "quarter": 1,
            "eps": -0.28,
            "eps_growth_year": -143.75,
            "eps_4q": -0.28,
            "eps_4q_growth_year": -111.37,
            "roe": -1.9,
            "roe_4q": -2.3,
            "gross_profit": 146168,
            "gross_margin": 21.01,
            "gross_margin_4q_avg": 23.51,
            "net_income": -35939,
            "revenue": 695547,
            "common_shares": 1278912,
            "book_valuer_per_share": 14.68,
            "book_valuer_per_share_4q_avg": 16,
            "equity": 1877957,
            "current_ratio": 121.13,
            "debt_ratio": 52.89,
            "inventory_turnover_ratio": 1.66,
            "account_receivable_turnover_ratio": null,
            "reinvestment_rate": 347.05,
            "research_to_sale_ratio": null,
            "price_fair": 86.57,
            "eps_avg_yearly": 2.47,
            "eps_latest_yearly": 0.96,
            "eps_growth_yearly": 280.06
        },
        "20042": {
            "year_quarter": 20042,
            "year": 2004,
            "quarter": 2,
            "eps": -0.22,
            "eps_growth_year": null,
            "eps_4q": -0.31,
            "eps_4q_growth_year": -121.62,
            "roe": -1.48,
            "roe_4q": -1.7399999999999998,
            "gross_profit": 127398,
            "gross_margin": 19.78,
            "gross_margin_4q_avg": 21.96,
            "net_income": -27726,
            "revenue": 644080,
            "common_shares": 1278912,
            "book_valuer_per_share": 14.51,
            "book_valuer_per_share_4q_avg": 15.34,
            "equity": 1856256,
            "current_ratio": 117.53,
            "debt_ratio": 51.52,
            "inventory_turnover_ratio": 1.91,
            "account_receivable_turnover_ratio": null,
            "reinvestment_rate": 410.68,
            "research_to_sale_ratio": null,
            "price_fair": 86.57,
            "eps_avg_yearly": 2.47,
            "eps_latest_yearly": 0.96,
            "eps_growth_yearly": 280.06
        },
        "20043": {
            "year_quarter": 20043,
            "year": 2004,
            "quarter": 3,
            "eps": 0.6,
            "eps_growth_year": 900,
            "eps_4q": 0.25,
            "eps_4q_growth_year": -73.28,
            "roe": 3.99,
            "roe_4q": 1.8800000000000003,
            "gross_profit": 162893,
            "gross_margin": 19.06,
            "gross_margin_4q_avg": 20.99,
            "net_income": 75867,
            "revenue": 854470,
            "common_shares": 1278912,
            "book_valuer_per_share": 15.19,
            "book_valuer_per_share_4q_avg": 14.85,
            "equity": 1942538,
            "current_ratio": 104.59,
            "debt_ratio": 51.08,
            "inventory_turnover_ratio": 2.59,
            "account_receivable_turnover_ratio": null,
            "reinvestment_rate": 287.63,
            "research_to_sale_ratio": null,
            "price_fair": 86.57,
            "eps_avg_yearly": 2.47,
            "eps_latest_yearly": 0.96,
            "eps_growth_yearly": 280.06
        },
        "20044": {
            "year_quarter": 20044,
            "year": 2004,
            "quarter": 4,
            "eps": -0.68,
            "eps_growth_year": -383.33,
            "eps_4q": -0.59,
            "eps_4q_growth_year": -212.16,
            "roe": -4.62,
            "roe_4q": -4.01,
            "gross_profit": 116689,
            "gross_margin": 14.06,
            "gross_margin_4q_avg": 18.48,
            "net_income": -86515,
            "revenue": 829761,
            "common_shares": 1278912,
            "book_valuer_per_share": 14.11,
            "book_valuer_per_share_4q_avg": 14.62,
            "equity": 1805094,
            "current_ratio": 91.43,
            "debt_ratio": 60.61,
            "inventory_turnover_ratio": 2.08,
            "account_receivable_turnover_ratio": null,
            "reinvestment_rate": 607.88,
            "research_to_sale_ratio": null,
            "price_fair": 86.57,
            "eps_avg_yearly": 2.47,
            "eps_latest_yearly": 0.96,
            "eps_growth_yearly": 280.06
        },
        "20051": {
            "year_quarter": 20051,
            "year": 2005,
            "quarter": 1,
            "eps": 0.24,
            "eps_growth_year": null,
            "eps_4q": -0.07,
            "eps_4q_growth_year": null,
            "roe": 1.65,
            "roe_4q": -0.45999999999999996,
            "gross_profit": 145649,
            "gross_margin": 18.01,
            "gross_margin_4q_avg": 17.73,
            "net_income": 29730,
            "revenue": 808557,
            "common_shares": 1278912,
            "book_valuer_per_share": 14.07,
            "book_valuer_per_share_4q_avg": 14.47,
            "equity": 1799358,
            "current_ratio": 128.18,
            "debt_ratio": 52.63,
            "inventory_turnover_ratio": 2.4,
            "account_receivable_turnover_ratio": null,
            "reinvestment_rate": -114.46,
            "research_to_sale_ratio": null,
            "price_fair": 86.57,
            "eps_avg_yearly": 2.47,
            "eps_latest_yearly": 0.96,
            "eps_growth_yearly": 280.06
        },
        "20052": {
            "year_quarter": 20052,
            "year": 2005,
            "quarter": 2,
            "eps": 0.17,
            "eps_growth_year": null,
            "eps_4q": 0.32,
            "eps_4q_growth_year": null,
            "roe": 1.19,
            "roe_4q": 2.21,
            "gross_profit": 122730,
            "gross_margin": 14.94,
            "gross_margin_4q_avg": 16.52,
            "net_income": 21578,
            "revenue": 821419,
            "common_shares": 1278912,
            "book_valuer_per_share": 14.25,
            "book_valuer_per_share_4q_avg": 14.41,
            "equity": 1822660,
            "current_ratio": 149.19,
            "debt_ratio": 52.89,
            "inventory_turnover_ratio": 6.1,
            "account_receivable_turnover_ratio": null,
            "reinvestment_rate": -159.2,
            "research_to_sale_ratio": null,
            "price_fair": 77.6,
            "eps_avg_yearly": 2.22,
            "eps_latest_yearly": 0.68,
            "eps_growth_yearly": 223.39
        },
        "20053": {
            "year_quarter": 20053,
            "year": 2005,
            "quarter": 3,
            "eps": 0.81,
            "eps_growth_year": 35,
            "eps_4q": 0.53,
            "eps_4q_growth_year": 113.5,
            "roe": 5.16,
            "roe_4q": 3.38,
            "gross_profit": 169166,
            "gross_margin": 16.7,
            "gross_margin_4q_avg": 15.93,
            "net_income": 103399,
            "revenue": 1012994,
            "common_shares": 1294226,
            "book_valuer_per_share": 16.91,
            "book_valuer_per_share_4q_avg": 14.84,
            "equity": 2188751,
            "current_ratio": 217.93,
            "debt_ratio": 45.62,
            "inventory_turnover_ratio": 8.03,
            "account_receivable_turnover_ratio": null,
            "reinvestment_rate": -121.64,
            "research_to_sale_ratio": null,
            "price_fair": 82.08,
            "eps_avg_yearly": 2.35,
            "eps_latest_yearly": 3.24,
            "eps_growth_yearly": 383.7
        },
        "20054": {
            "year_quarter": 20054,
            "year": 2005,
            "quarter": 4,
            "eps": 0.39,
            "eps_growth_year": null,
            "eps_4q": 1.48,
            "eps_4q_growth_year": null,
            "roe": 2.49,
            "roe_4q": 10.49,
            "gross_profit": 153800,
            "gross_margin": 15.35,
            "gross_margin_4q_avg": 16.25,
            "net_income": 55521,
            "revenue": 1002082,
            "common_shares": 1300112,
            "book_valuer_per_share": 17.49,
            "book_valuer_per_share_4q_avg": 15.68,
            "equity": 2276161,
            "current_ratio": 176.63,
            "debt_ratio": 54.35,
            "inventory_turnover_ratio": 2.65,
            "account_receivable_turnover_ratio": null,
            "reinvestment_rate": 211.8,
            "research_to_sale_ratio": null,
            "price_fair": 79.02,
            "eps_avg_yearly": 2.26,
            "eps_latest_yearly": 1.56,
            "eps_growth_yearly": 318.02
        },
        "20061": {
            "year_quarter": 20061,
            "year": 2006,
            "quarter": 1,
            "eps": 0.21,
            "eps_growth_year": -12.5,
            "eps_4q": 1.36,
            "eps_4q_growth_year": null,
            "roe": 1.43,
            "roe_4q": 10.27,
            "gross_profit": 123643,
            "gross_margin": 16.52,
            "gross_margin_4q_avg": 15.88,
            "net_income": 32960,
            "revenue": 748622,
            "common_shares": 1300112,
            "book_valuer_per_share": 17.89,
            "book_valuer_per_share_4q_avg": 16.64,
            "equity": 2325940,
            "current_ratio": 307.46,
            "debt_ratio": 41.85,
            "inventory_turnover_ratio": 1.95,
            "account_receivable_turnover_ratio": null,
            "reinvestment_rate": -106.77,
            "research_to_sale_ratio": null,
            "price_fair": 75.29,
            "eps_avg_yearly": 2.15,
            "eps_latest_yearly": 0.84,
            "eps_growth_yearly": 272.99
        },
        "20062": {
            "year_quarter": 20062,
            "year": 2006,
            "quarter": 2,
            "eps": -0.04,
            "eps_growth_year": -123.53,
            "eps_4q": 1.46,
            "eps_4q_growth_year": 354.53,
            "roe": -0.06,
            "roe_4q": 9.02,
            "gross_profit": 87949,
            "gross_margin": 12.57,
            "gross_margin_4q_avg": 15.29,
            "net_income": -1351,
            "revenue": 699506,
            "common_shares": 1308569,
            "book_valuer_per_share": 17.55,
            "book_valuer_per_share_4q_avg": 17.46,
            "equity": 2296397,
            "current_ratio": 265.34,
            "debt_ratio": 41.17,
            "inventory_turnover_ratio": 5.9,
            "account_receivable_turnover_ratio": null,
            "reinvestment_rate": -101.89,
            "research_to_sale_ratio": null,
            "price_fair": 70.7,
            "eps_avg_yearly": 2.02,
            "eps_latest_yearly": 0.84,
            "eps_growth_yearly": 268.22
        },
        "20063": {
            "year_quarter": 20063,
            "year": 2006,
            "quarter": 3,
            "eps": 0.24,
            "eps_growth_year": -70.37,
            "eps_4q": 0.77,
            "eps_4q_growth_year": 43.99,
            "roe": 1.7,
            "roe_4q": 5.5600000000000005,
            "gross_profit": 93070,
            "gross_margin": 11.33,
            "gross_margin_4q_avg": 13.94,
            "net_income": 39517,
            "revenue": 821113,
            "common_shares": 1353750,
            "book_valuer_per_share": 17.36,
            "book_valuer_per_share_4q_avg": 17.57,
            "equity": 2349512,
            "current_ratio": 248.09,
            "debt_ratio": 40.84,
            "inventory_turnover_ratio": 7.24,
            "account_receivable_turnover_ratio": null,
            "reinvestment_rate": -119,
            "research_to_sale_ratio": null,
            "price_fair": 67,
            "eps_avg_yearly": 1.91,
            "eps_latest_yearly": 0.84,
            "eps_growth_yearly": 314.4
        },
        "20064": {
            "year_quarter": 20064,
            "year": 2006,
            "quarter": 4,
            "eps": -0.28,
            "eps_growth_year": -171.79,
            "eps_4q": 0.16,
            "eps_4q_growth_year": -88.96,
            "roe": -1.79,
            "roe_4q": 1.2799999999999998,
            "gross_profit": 95627,
            "gross_margin": 15.25,
            "gross_margin_4q_avg": 13.92,
            "net_income": -42060,
            "revenue": 627079,
            "common_shares": 1369686,
            "book_valuer_per_share": 17.06,
            "book_valuer_per_share_4q_avg": 17.47,
            "equity": 2338390,
            "current_ratio": 157.01,
            "debt_ratio": 52.75,
            "inventory_turnover_ratio": 1.41,
            "account_receivable_turnover_ratio": null,
            "reinvestment_rate": 265.36,
            "research_to_sale_ratio": null,
            "price_fair": 57.4,
            "eps_avg_yearly": 1.64,
            "eps_latest_yearly": 0.84,
            "eps_growth_yearly": 347.47
        },
        "20071": {
            "year_quarter": 20071,
            "year": 2007,
            "quarter": 1,
            "eps": -0.31,
            "eps_growth_year": -247.62,
            "eps_4q": -0.34,
            "eps_4q_growth_year": -124.64,
            "roe": -1.92,
            "roe_4q": -2.07,
            "gross_profit": 62308,
            "gross_margin": 11.06,
            "gross_margin_4q_avg": 12.55,
            "net_income": -48184,
            "revenue": 563476,
            "common_shares": 1655386,
            "book_valuer_per_share": 16.22,
            "book_valuer_per_share_4q_avg": 17.05,
            "equity": 2684479,
            "current_ratio": 214.4,
            "debt_ratio": 33.37,
            "inventory_turnover_ratio": 1.33,
            "account_receivable_turnover_ratio": null,
            "reinvestment_rate": -370.67,
            "research_to_sale_ratio": null,
            "price_fair": 50.96,
            "eps_avg_yearly": 1.46,
            "eps_latest_yearly": 0.84,
            "eps_growth_yearly": 439.44
        },
        "20072": {
            "year_quarter": 20072,
            "year": 2007,
            "quarter": 2,
            "eps": -0.36,
            "eps_growth_year": null,
            "eps_4q": -0.66,
            "eps_4q_growth_year": -145.07,
            "roe": -2.18,
            "roe_4q": -4.1899999999999995,
            "gross_profit": 61116,
            "gross_margin": 9.47,
            "gross_margin_4q_avg": 11.78,
            "net_income": -58056,
            "revenue": 645589,
            "common_shares": 1657756,
            "book_valuer_per_share": 15.95,
            "book_valuer_per_share_4q_avg": 16.65,
            "equity": 2644639,
            "current_ratio": 254.77,
            "debt_ratio": 31.54,
            "inventory_turnover_ratio": 6.44,
            "account_receivable_turnover_ratio": null,
            "reinvestment_rate": -388.25,
            "research_to_sale_ratio": null,
            "price_fair": 50.96,
            "eps_avg_yearly": 1.46,
            "eps_latest_yearly": 0.84,
            "eps_growth_yearly": 439.44
        },
        "20073": {
            "year_quarter": 20073,
            "year": 2007,
            "quarter": 3,
            "eps": -0.22,
            "eps_growth_year": -191.67,
            "eps_4q": -1.11,
            "eps_4q_growth_year": -243.89,
            "roe": -1.41,
            "roe_4q": -7.3,
            "gross_profit": 28653,
            "gross_margin": 4.37,
            "gross_margin_4q_avg": 10.04,
            "net_income": -36510,
            "revenue": 655597,
            "common_shares": 1669876,
            "book_valuer_per_share": 15.19,
            "book_valuer_per_share_4q_avg": 16.11,
            "equity": 2536818,
            "current_ratio": 244.55,
            "debt_ratio": 34.85,
            "inventory_turnover_ratio": 6.61,
            "account_receivable_turnover_ratio": null,
            "reinvestment_rate": -775.22,
            "research_to_sale_ratio": null,
            "price_fair": 50.96,
            "eps_avg_yearly": 1.46,
            "eps_latest_yearly": 0.84,
            "eps_growth_yearly": 439.44
        },
        "20074": {
            "year_quarter": 20074,
            "year": 2007,
            "quarter": 4,
            "eps": -0.9,
            "eps_growth_year": null,
            "eps_4q": -1.74,
            "eps_4q_growth_year": -1166.31,
            "roe": -6.28,
            "roe_4q": -11.790000000000001,
            "gross_profit": 43006,
            "gross_margin": 8.13,
            "gross_margin_4q_avg": 8.26,
            "net_income": -155603,
            "revenue": 528714,
            "common_shares": 1669876,
            "book_valuer_per_share": 14.45,
            "book_valuer_per_share_4q_avg": 15.45,
            "equity": 2415753,
            "current_ratio": 158.84,
            "debt_ratio": 48.44,
            "inventory_turnover_ratio": 1.46,
            "account_receivable_turnover_ratio": null,
            "reinvestment_rate": null,
            "research_to_sale_ratio": null,
            "price_fair": 55.3,
            "eps_avg_yearly": 1.58,
            "eps_latest_yearly": 0.84,
            "eps_growth_yearly": 249.3
        },
        "20081": {
            "year_quarter": 20081,
            "year": 2008,
            "quarter": 1,
            "eps": -1.1,
            "eps_growth_year": null,
            "eps_4q": -2.55,
            "eps_4q_growth_year": null,
            "roe": -8.34,
            "roe_4q": -18.21,
            "gross_profit": 10550,
            "gross_margin": 1.45,
            "gross_margin_4q_avg": 5.86,
            "net_income": -190359,
            "revenue": 729476,
            "common_shares": 1589876,
            "book_valuer_per_share": 13.5,
            "book_valuer_per_share_4q_avg": 14.77,
            "equity": 2148747,
            "current_ratio": 141.08,
            "debt_ratio": 52.25,
            "inventory_turnover_ratio": 1.3,
            "account_receivable_turnover_ratio": null,
            "reinvestment_rate": null,
            "research_to_sale_ratio": null,
            "price_fair": 55.3,
            "eps_avg_yearly": 1.58,
            "eps_latest_yearly": 0.84,
            "eps_growth_yearly": 249.3
        },
        "20082": {
            "year_quarter": 20082,
            "year": 2008,
            "quarter": 2,
            "eps": -0.52,
            "eps_growth_year": null,
            "eps_4q": -2.97,
            "eps_4q_growth_year": null,
            "roe": -4.14,
            "roe_4q": -20.17,
            "gross_profit": 41628,
            "gross_margin": 5.38,
            "gross_margin_4q_avg": 4.83,
            "net_income": -87350,
            "revenue": 774333,
            "common_shares": 1589876,
            "book_valuer_per_share": 13.01,
            "book_valuer_per_share_4q_avg": 14.04,
            "equity": 2073349,
            "current_ratio": 143.69,
            "debt_ratio": 50.93,
            "inventory_turnover_ratio": 1.4,
            "account_receivable_turnover_ratio": null,
            "reinvestment_rate": null,
            "research_to_sale_ratio": null,
            "price_fair": 55.3,
            "eps_avg_yearly": 1.58,
            "eps_latest_yearly": 0.84,
            "eps_growth_yearly": 249.3
        },
        "20083": {
            "year_quarter": 20083,
            "year": 2008,
            "quarter": 3,
            "eps": 0.02,
            "eps_growth_year": null,
            "eps_4q": -1.34,
            "eps_4q_growth_year": null,
            "roe": 0.31,
            "roe_4q": -18.45,
            "gross_profit": 66707,
            "gross_margin": 9.3,
            "gross_margin_4q_avg": 6.07,
            "net_income": 6459,
            "revenue": 717219,
            "common_shares": 1589876,
            "book_valuer_per_share": 13.24,
            "book_valuer_per_share_4q_avg": 13.55,
            "equity": 2113134,
            "current_ratio": 144.77,
            "debt_ratio": 49.36,
            "inventory_turnover_ratio": 1.22,
            "account_receivable_turnover_ratio": null,
            "reinvestment_rate": null,
            "research_to_sale_ratio": null,
            "price_fair": 55.3,
            "eps_avg_yearly": 1.58,
            "eps_latest_yearly": 0.84,
            "eps_growth_yearly": 249.3
        },
        "20084": {
            "year_quarter": 20084,
            "year": 2008,
            "quarter": 4,
            "eps": -1.75,
            "eps_growth_year": null,
            "eps_4q": -3.34,
            "eps_4q_growth_year": null,
            "roe": -15.35,
            "roe_4q": -27.52,
            "gross_profit": -98153,
            "gross_margin": -13.75,
            "gross_margin_4q_avg": 0.6,
            "net_income": -312685,
            "revenue": 713781,
            "common_shares": 1899876,
            "book_valuer_per_share": 10.28,
            "book_valuer_per_share_4q_avg": 12.51,
            "equity": 1959679,
            "current_ratio": 117.03,
            "debt_ratio": 48.69,
            "inventory_turnover_ratio": 1.8,
            "account_receivable_turnover_ratio": 1.71,
            "reinvestment_rate": null,
            "research_to_sale_ratio": null,
            "price_fair": 55.3,
            "eps_avg_yearly": 1.58,
            "eps_latest_yearly": 0.84,
            "eps_growth_yearly": 249.3
        },
        "20091": {
            "year_quarter": 20091,
            "year": 2009,
            "quarter": 1,
            "eps": -0.55,
            "eps_growth_year": null,
            "eps_4q": -2.43,
            "eps_4q_growth_year": null,
            "roe": -5.88,
            "roe_4q": -25.060000000000002,
            "gross_profit": -65674,
            "gross_margin": -15.78,
            "gross_margin_4q_avg": -3.71,
            "net_income": -112269,
            "revenue": 416107,
            "common_shares": 2099876,
            "book_valuer_per_share": 8.82,
            "book_valuer_per_share_4q_avg": 11.34,
            "equity": 1859602,
            "current_ratio": 110.2,
            "debt_ratio": 47.99,
            "inventory_turnover_ratio": 1.57,
            "account_receivable_turnover_ratio": 0.58,
            "reinvestment_rate": null,
            "research_to_sale_ratio": null,
            "price_fair": 55.3,
            "eps_avg_yearly": 1.58,
            "eps_latest_yearly": 0.84,
            "eps_growth_yearly": 249.3
        },
        "20092": {
            "year_quarter": 20092,
            "year": 2009,
            "quarter": 2,
            "eps": -0.79,
            "eps_growth_year": null,
            "eps_4q": -2.78,
            "eps_4q_growth_year": null,
            "roe": -8.84,
            "roe_4q": -29.76,
            "gross_profit": 15139,
            "gross_margin": 2.63,
            "gross_margin_4q_avg": -4.4,
            "net_income": -157148,
            "revenue": 576286,
            "common_shares": 2099876,
            "book_valuer_per_share": 8.01,
            "book_valuer_per_share_4q_avg": 10.09,
            "equity": 1694134,
            "current_ratio": 153.95,
            "debt_ratio": 49.4,
            "inventory_turnover_ratio": 2.06,
            "account_receivable_turnover_ratio": 0.89,
            "reinvestment_rate": null,
            "research_to_sale_ratio": null,
            "price_fair": 65.8,
            "eps_avg_yearly": 1.88,
            "eps_latest_yearly": 0.84,
            "eps_growth_yearly": 371.29
        },
        "20093": {
            "year_quarter": 20093,
            "year": 2009,
            "quarter": 3,
            "eps": -0.35,
            "eps_growth_year": -1850,
            "eps_4q": -2.75,
            "eps_4q_growth_year": null,
            "roe": -4.1,
            "roe_4q": -34.17,
            "gross_profit": 46746,
            "gross_margin": 7.68,
            "gross_margin_4q_avg": -4.81,
            "net_income": -71785,
            "revenue": 608386,
            "common_shares": 2399876,
            "book_valuer_per_share": 7.48,
            "book_valuer_per_share_4q_avg": 8.65,
            "equity": 1808254,
            "current_ratio": 131.84,
            "debt_ratio": 51.52,
            "inventory_turnover_ratio": 1.65,
            "account_receivable_turnover_ratio": 0.81,
            "reinvestment_rate": null,
            "research_to_sale_ratio": null,
            "price_fair": 3.6,
            "eps_avg_yearly": 1.2,
            "eps_latest_yearly": 0.84,
            "eps_growth_yearly": -196.01
        },
        "20094": {
            "year_quarter": 20094,
            "year": 2009,
            "quarter": 4,
            "eps": -0.76,
            "eps_growth_year": null,
            "eps_4q": -2.17,
            "eps_4q_growth_year": null,
            "roe": -9.36,
            "roe_4q": -28.179999999999996,
            "gross_profit": -47152,
            "gross_margin": -8.27,
            "gross_margin_4q_avg": -3.44,
            "net_income": -161704,
            "revenue": 570132,
            "common_shares": 2399876,
            "book_valuer_per_share": 7,
            "book_valuer_per_share_4q_avg": 7.83,
            "equity": 1647916,
            "current_ratio": 118.98,
            "debt_ratio": 52.75,
            "inventory_turnover_ratio": 1.76,
            "account_receivable_turnover_ratio": 1.45,
            "reinvestment_rate": null,
            "research_to_sale_ratio": null,
            "price_fair": 2.52,
            "eps_avg_yearly": 0.84,
            "eps_latest_yearly": 0.84,
            "eps_growth_yearly": -184.62
        },
        "20101": {
            "year_quarter": 20101,
            "year": 2010,
            "quarter": 1,
            "eps": -0.08,
            "eps_growth_year": null,
            "eps_4q": -1.77,
            "eps_4q_growth_year": null,
            "roe": -1.09,
            "roe_4q": -23.39,
            "gross_profit": 67733,
            "gross_margin": 10.92,
            "gross_margin_4q_avg": 3.24,
            "net_income": -17795,
            "revenue": 620133,
            "common_shares": 2399876,
            "book_valuer_per_share": 6.93,
            "book_valuer_per_share_4q_avg": 7.36,
            "equity": 1631523,
            "current_ratio": 119.18,
            "debt_ratio": 53.62,
            "inventory_turnover_ratio": 1.76,
            "account_receivable_turnover_ratio": 0.78,
            "reinvestment_rate": null,
            "research_to_sale_ratio": 4.44,
            "price_fair": 0,
            "eps_avg_yearly": 0,
            "eps_latest_yearly": 0,
            "eps_growth_yearly": 0
        },
        "20102": {
            "year_quarter": 20102,
            "year": 2010,
            "quarter": 2,
            "eps": 0.25,
            "eps_growth_year": null,
            "eps_4q": -0.83,
            "eps_4q_growth_year": null,
            "roe": 3.53,
            "roe_4q": -11.02,
            "gross_profit": 153089,
            "gross_margin": 20.37,
            "gross_margin_4q_avg": 7.68,
            "net_income": 58728,
            "revenue": 751601,
            "common_shares": 2399876,
            "book_valuer_per_share": 7.2,
            "book_valuer_per_share_4q_avg": 7.15,
            "equity": 1693387,
            "current_ratio": 126.04,
            "debt_ratio": 54.58,
            "inventory_turnover_ratio": 1.76,
            "account_receivable_turnover_ratio": 0.83,
            "reinvestment_rate": null,
            "research_to_sale_ratio": 3.82,
            "price_fair": 0,
            "eps_avg_yearly": 0,
            "eps_latest_yearly": 0,
            "eps_growth_yearly": 0
        },
        "20103": {
            "year_quarter": 20103,
            "year": 2010,
            "quarter": 3,
            "eps": -0.14,
            "eps_growth_year": null,
            "eps_4q": -0.66,
            "eps_4q_growth_year": null,
            "roe": -1.95,
            "roe_4q": -8.87,
            "gross_profit": 82724,
            "gross_margin": 13.77,
            "gross_margin_4q_avg": 9.2,
            "net_income": -32570,
            "revenue": 600589,
            "common_shares": 2400376,
            "book_valuer_per_share": 7.03,
            "book_valuer_per_share_4q_avg": 7.04,
            "equity": 1654288,
            "current_ratio": 127.63,
            "debt_ratio": 53.11,
            "inventory_turnover_ratio": 1.56,
            "account_receivable_turnover_ratio": 0.63,
            "reinvestment_rate": null,
            "research_to_sale_ratio": 4.98,
            "price_fair": 0,
            "eps_avg_yearly": 0,
            "eps_latest_yearly": 0,
            "eps_growth_yearly": 0
        },
        "20104": {
            "year_quarter": 20104,
            "year": 2010,
            "quarter": 4,
            "eps": -0.41,
            "eps_growth_year": null,
            "eps_4q": -0.38,
            "eps_4q_growth_year": null,
            "roe": -6.2,
            "roe_4q": -5.710000000000001,
            "gross_profit": 75900,
            "gross_margin": 13.68,
            "gross_margin_4q_avg": 14.69,
            "net_income": -98584,
            "revenue": 554714,
            "common_shares": 2335876,
            "book_valuer_per_share": 6.48,
            "book_valuer_per_share_4q_avg": 6.91,
            "equity": 1524447,
            "current_ratio": 122.31,
            "debt_ratio": 52.97,
            "inventory_turnover_ratio": 1.64,
            "account_receivable_turnover_ratio": 0.68,
            "reinvestment_rate": null,
            "research_to_sale_ratio": 5.21,
            "price_fair": 0,
            "eps_avg_yearly": 0,
            "eps_latest_yearly": 0,
            "eps_growth_yearly": 0
        },
        "20111": {
            "year_quarter": 20111,
            "year": 2011,
            "quarter": 1,
            "eps": 0.14,
            "eps_growth_year": null,
            "eps_4q": -0.16,
            "eps_4q_growth_year": null,
            "roe": 2.2,
            "roe_4q": -2.4200000000000004,
            "gross_profit": 115293,
            "gross_margin": 19.97,
            "gross_margin_4q_avg": 16.95,
            "net_income": 33784,
            "revenue": 577379,
            "common_shares": 2335876,
            "book_valuer_per_share": 6.64,
            "book_valuer_per_share_4q_avg": 6.84,
            "equity": 1551129,
            "current_ratio": 124.96,
            "debt_ratio": 51.68,
            "inventory_turnover_ratio": 1.65,
            "account_receivable_turnover_ratio": 0.75,
            "reinvestment_rate": null,
            "research_to_sale_ratio": 4.4,
            "price_fair": 0,
            "eps_avg_yearly": 0,
            "eps_latest_yearly": 0,
            "eps_growth_yearly": 0
        },
        "20112": {
            "year_quarter": 20112,
            "year": 2011,
            "quarter": 2,
            "eps": -0.14,
            "eps_growth_year": -157.66,
            "eps_4q": -0.55,
            "eps_4q_growth_year": null,
            "roe": -2.18,
            "roe_4q": -8.129999999999999,
            "gross_profit": 63523,
            "gross_margin": 12.01,
            "gross_margin_4q_avg": 14.86,
            "net_income": -33275,
            "revenue": 529059,
            "common_shares": 2335876,
            "book_valuer_per_share": 6.45,
            "book_valuer_per_share_4q_avg": 6.65,
            "equity": 1506023,
            "current_ratio": 117.4,
            "debt_ratio": 52.38,
            "inventory_turnover_ratio": 1.72,
            "account_receivable_turnover_ratio": 0.7,
            "reinvestment_rate": null,
            "research_to_sale_ratio": 5.04,
            "price_fair": 0,
            "eps_avg_yearly": 0,
            "eps_latest_yearly": 0,
            "eps_growth_yearly": 0
        },
        "20113": {
            "year_quarter": 20113,
            "year": 2011,
            "quarter": 3,
            "eps": -0.04,
            "eps_growth_year": null,
            "eps_4q": -0.45,
            "eps_4q_growth_year": null,
            "roe": -0.58,
            "roe_4q": -6.76,
            "gross_profit": 38160,
            "gross_margin": 7.71,
            "gross_margin_4q_avg": 13.34,
            "net_income": -8684,
            "revenue": 494753,
            "common_shares": 2335876,
            "book_valuer_per_share": 6.47,
            "book_valuer_per_share_4q_avg": 6.51,
            "equity": 1511641,
            "current_ratio": 128.88,
            "debt_ratio": 51.74,
            "inventory_turnover_ratio": 1.89,
            "account_receivable_turnover_ratio": 0.7,
            "reinvestment_rate": null,
            "research_to_sale_ratio": 5.1,
            "price_fair": 0,
            "eps_avg_yearly": 0,
            "eps_latest_yearly": 0,
            "eps_growth_yearly": 0
        },
        "20114": {
            "year_quarter": 20114,
            "year": 2011,
            "quarter": 4,
            "eps": -0.37,
            "eps_growth_year": null,
            "eps_4q": -0.4,
            "eps_4q_growth_year": null,
            "roe": -5.82,
            "roe_4q": -6.38,
            "gross_profit": 10130,
            "gross_margin": 2.27,
            "gross_margin_4q_avg": 10.49,
            "net_income": -85432,
            "revenue": 445606,
            "common_shares": 2335876,
            "book_valuer_per_share": 6.11,
            "book_valuer_per_share_4q_avg": 6.42,
            "equity": 1426595,
            "current_ratio": 119.67,
            "debt_ratio": 52.04,
            "inventory_turnover_ratio": 1.98,
            "account_receivable_turnover_ratio": 0.69,
            "reinvestment_rate": null,
            "research_to_sale_ratio": 5.8,
            "price_fair": 0,
            "eps_avg_yearly": 0,
            "eps_latest_yearly": 0,
            "eps_growth_yearly": 0
        },
        "20121": {
            "year_quarter": 20121,
            "year": 2012,
            "quarter": 1,
            "eps": -0.47,
            "eps_growth_year": -435.71,
            "eps_4q": -1.01,
            "eps_4q_growth_year": null,
            "roe": -7.98,
            "roe_4q": -16.560000000000002,
            "gross_profit": -9538,
            "gross_margin": -2.37,
            "gross_margin_4q_avg": 4.91,
            "net_income": -109168,
            "revenue": 402559,
            "common_shares": 2335876,
            "book_valuer_per_share": 5.61,
            "book_valuer_per_share_4q_avg": 6.16,
            "equity": 1310647,
            "current_ratio": 112.48,
            "debt_ratio": 52.34,
            "inventory_turnover_ratio": 2.2,
            "account_receivable_turnover_ratio": 0.72,
            "reinvestment_rate": null,
            "research_to_sale_ratio": 6.42,
            "price_fair": 0,
            "eps_avg_yearly": 0,
            "eps_latest_yearly": 0,
            "eps_growth_yearly": 0
        },
        "20122": {
            "year_quarter": 20122,
            "year": 2012,
            "quarter": 2,
            "eps": -0.27,
            "eps_growth_year": null,
            "eps_4q": -1.14,
            "eps_4q_growth_year": null,
            "roe": -5,
            "roe_4q": -19.38,
            "gross_profit": 15337,
            "gross_margin": 3.6,
            "gross_margin_4q_avg": 2.8,
            "net_income": -64055,
            "revenue": 426356,
            "common_shares": 2335876,
            "book_valuer_per_share": 5.35,
            "book_valuer_per_share_4q_avg": 5.89,
            "equity": 1249423,
            "current_ratio": 104.25,
            "debt_ratio": 54.5,
            "inventory_turnover_ratio": 2.64,
            "account_receivable_turnover_ratio": 0.78,
            "reinvestment_rate": null,
            "research_to_sale_ratio": 5.56,
            "price_fair": 0,
            "eps_avg_yearly": 0,
            "eps_latest_yearly": 0,
            "eps_growth_yearly": 0
        },
        "20123": {
            "year_quarter": 20123,
            "year": 2012,
            "quarter": 3,
            "eps": -1.02,
            "eps_growth_year": null,
            "eps_4q": -2.91,
            "eps_4q_growth_year": null,
            "roe": -11.83,
            "roe_4q": -30.63,
            "gross_profit": 19508,
            "gross_margin": 4.67,
            "gross_margin_4q_avg": 2.04,
            "net_income": -139148,
            "revenue": 418082,
            "common_shares": 1368000,
            "book_valuer_per_share": 8.07,
            "book_valuer_per_share_4q_avg": 6.29,
            "equity": 1103296,
            "current_ratio": 106.64,
            "debt_ratio": 57.5,
            "inventory_turnover_ratio": 3.39,
            "account_receivable_turnover_ratio": 0.76,
            "reinvestment_rate": null,
            "research_to_sale_ratio": 6.37,
            "price_fair": 0,
            "eps_avg_yearly": 0,
            "eps_latest_yearly": 0,
            "eps_growth_yearly": 0
        },
        "20124": {
            "year_quarter": 20124,
            "year": 2012,
            "quarter": 4,
            "eps": -0.34,
            "eps_growth_year": null,
            "eps_4q": -2.62,
            "eps_4q_growth_year": null,
            "roe": -4.28,
            "roe_4q": -29.09,
            "gross_profit": 31183,
            "gross_margin": 9.07,
            "gross_margin_4q_avg": 3.74,
            "net_income": -46047,
            "revenue": 343847,
            "common_shares": 1368000,
            "book_valuer_per_share": 7.67,
            "book_valuer_per_share_4q_avg": 6.68,
            "equity": 1049229,
            "current_ratio": 91.29,
            "debt_ratio": 58.67,
            "inventory_turnover_ratio": 3.47,
            "account_receivable_turnover_ratio": 0.69,
            "reinvestment_rate": null,
            "research_to_sale_ratio": 5.85,
            "price_fair": 0,
            "eps_avg_yearly": 0,
            "eps_latest_yearly": 0,
            "eps_growth_yearly": 0
        },
        "20131": {
            "year_quarter": 20131,
            "year": 2013,
            "quarter": 1,
            "eps": -0.12,
            "eps_growth_year": null,
            "eps_4q": -1.6,
            "eps_4q_growth_year": null,
            "roe": -1.56,
            "roe_4q": -22.67,
            "gross_profit": 29462,
            "gross_margin": 9.42,
            "gross_margin_4q_avg": 6.69,
            "net_income": -18853,
            "revenue": 312871,
            "common_shares": 1678000,
            "book_valuer_per_share": 8.17,
            "book_valuer_per_share_4q_avg": 7.32,
            "equity": 1370976,
            "current_ratio": 122.55,
            "debt_ratio": 46.79,
            "inventory_turnover_ratio": 3.34,
            "account_receivable_turnover_ratio": 0.65,
            "reinvestment_rate": null,
            "research_to_sale_ratio": 6.39,
            "price_fair": 0,
            "eps_avg_yearly": 0,
            "eps_latest_yearly": 0,
            "eps_growth_yearly": 0
        },
        "20132": {
            "year_quarter": 20132,
            "year": 2013,
            "quarter": 2,
            "eps": -0.05,
            "eps_growth_year": null,
            "eps_4q": -1.26,
            "eps_4q_growth_year": null,
            "roe": -0.56,
            "roe_4q": -18.23,
            "gross_profit": 44179,
            "gross_margin": 13.08,
            "gross_margin_4q_avg": 9.06,
            "net_income": -7687,
            "revenue": 337882,
            "common_shares": 1678000,
            "book_valuer_per_share": 8.09,
            "book_valuer_per_share_4q_avg": 8,
            "equity": 1358100,
            "current_ratio": 108.82,
            "debt_ratio": 45.26,
            "inventory_turnover_ratio": 3.33,
            "account_receivable_turnover_ratio": 0.75,
            "reinvestment_rate": null,
            "research_to_sale_ratio": 6.26,
            "price_fair": 0,
            "eps_avg_yearly": 0,
            "eps_latest_yearly": 0,
            "eps_growth_yearly": 0
        },
        "20133": {
            "year_quarter": 20133,
            "year": 2013,
            "quarter": 3,
            "eps": -0.15,
            "eps_growth_year": null,
            "eps_4q": -0.58,
            "eps_4q_growth_year": null,
            "roe": -1.88,
            "roe_4q": -8.280000000000001,
            "gross_profit": 53617,
            "gross_margin": 14.31,
            "gross_margin_4q_avg": 11.47,
            "net_income": -25288,
            "revenue": 374702,
            "common_shares": 1678000,
            "book_valuer_per_share": 7.92,
            "book_valuer_per_share_4q_avg": 7.96,
            "equity": 1328592,
            "current_ratio": 97.03,
            "debt_ratio": 48.78,
            "inventory_turnover_ratio": 3.21,
            "account_receivable_turnover_ratio": 0.87,
            "reinvestment_rate": null,
            "research_to_sale_ratio": 5.71,
            "price_fair": 0,
            "eps_avg_yearly": 0,
            "eps_latest_yearly": 0,
            "eps_growth_yearly": 0
        },
        "20134": {
            "year_quarter": 20134,
            "year": 2013,
            "quarter": 4,
            "eps": 0.39,
            "eps_growth_year": null,
            "eps_4q": 0.08,
            "eps_4q_growth_year": null,
            "roe": 4.83,
            "roe_4q": 0.8300000000000001,
            "gross_profit": 44423,
            "gross_margin": 9.8,
            "gross_margin_4q_avg": 11.65,
            "net_income": 65873,
            "revenue": 453099,
            "common_shares": 1678000,
            "book_valuer_per_share": 8.32,
            "book_valuer_per_share_4q_avg": 8.13,
            "equity": 1396873,
            "current_ratio": 119.04,
            "debt_ratio": 51.26,
            "inventory_turnover_ratio": 3.04,
            "account_receivable_turnover_ratio": 0.9,
            "reinvestment_rate": null,
            "research_to_sale_ratio": 4.93,
            "price_fair": 0,
            "eps_avg_yearly": 0,
            "eps_latest_yearly": 0,
            "eps_growth_yearly": 0
        },
        "20141": {
            "year_quarter": 20141,
            "year": 2014,
            "quarter": 1,
            "eps": 0.81,
            "eps_growth_year": null,
            "eps_4q": 1.01,
            "eps_4q_growth_year": null,
            "roe": 9.27,
            "roe_4q": 11.659999999999998,
            "gross_profit": 49210,
            "gross_margin": 10.25,
            "gross_margin_4q_avg": 11.86,
            "net_income": 136056,
            "revenue": 480046,
            "common_shares": 1678000,
            "book_valuer_per_share": 9.17,
            "book_valuer_per_share_4q_avg": 8.38,
            "equity": 1539224,
            "current_ratio": 185.81,
            "debt_ratio": 45.22,
            "inventory_turnover_ratio": 3.27,
            "account_receivable_turnover_ratio": 0.94,
            "reinvestment_rate": null,
            "research_to_sale_ratio": 9.7,
            "price_fair": 113.4,
            "eps_avg_yearly": 3.24,
            "eps_latest_yearly": 3.24,
            "eps_growth_yearly": 430.77
        },
        "20142": {
            "year_quarter": 20142,
            "year": 2014,
            "quarter": 2,
            "eps": 0.07,
            "eps_growth_year": null,
            "eps_4q": 1.13,
            "eps_4q_growth_year": null,
            "roe": 0.8,
            "roe_4q": 13.02,
            "gross_profit": 84491,
            "gross_margin": 17.65,
            "gross_margin_4q_avg": 13,
            "net_income": 12419,
            "revenue": 478730,
            "common_shares": 1678000,
            "book_valuer_per_share": 9.27,
            "book_valuer_per_share_4q_avg": 8.67,
            "equity": 1555889,
            "current_ratio": 197.56,
            "debt_ratio": 44.81,
            "inventory_turnover_ratio": 4.05,
            "account_receivable_turnover_ratio": 0.94,
            "reinvestment_rate": null,
            "research_to_sale_ratio": 5.45,
            "price_fair": 61.6,
            "eps_avg_yearly": 1.76,
            "eps_latest_yearly": 0.28,
            "eps_growth_yearly": 32.67
        },
        "20143": {
            "year_quarter": 20143,
            "year": 2014,
            "quarter": 3,
            "eps": 0.54,
            "eps_growth_year": null,
            "eps_4q": 1.81,
            "eps_4q_growth_year": null,
            "roe": 5.65,
            "roe_4q": 20.549999999999997,
            "gross_profit": 106794,
            "gross_margin": 20,
            "gross_margin_4q_avg": 14.43,
            "net_income": 90178,
            "revenue": 534074,
            "common_shares": 1678000,
            "book_valuer_per_share": 9.76,
            "book_valuer_per_share_4q_avg": 9.13,
            "equity": 1637128,
            "current_ratio": 175.94,
            "debt_ratio": 48.36,
            "inventory_turnover_ratio": 4.16,
            "account_receivable_turnover_ratio": 0.84,
            "reinvestment_rate": null,
            "research_to_sale_ratio": 5.69,
            "price_fair": 66.27,
            "eps_avg_yearly": 1.89,
            "eps_latest_yearly": 2.16,
            "eps_growth_yearly": 917.02
        },
        "20144": {
            "year_quarter": 20144,
            "year": 2014,
            "quarter": 4,
            "eps": 0.45,
            "eps_growth_year": 15.9,
            "eps_4q": 1.88,
            "eps_4q_growth_year": 2142.77,
            "roe": 4.55,
            "roe_4q": 20.27,
            "gross_profit": 101916,
            "gross_margin": 17.7,
            "gross_margin_4q_avg": 16.4,
            "net_income": 76345,
            "revenue": 575665,
            "common_shares": 1678000,
            "book_valuer_per_share": 10.24,
            "book_valuer_per_share_4q_avg": 9.61,
            "equity": 1717889,
            "current_ratio": 170.14,
            "debt_ratio": 47.97,
            "inventory_turnover_ratio": 4.3,
            "account_receivable_turnover_ratio": 0.78,
            "reinvestment_rate": null,
            "research_to_sale_ratio": 6.3,
            "price_fair": 65.45,
            "eps_avg_yearly": 1.87,
            "eps_latest_yearly": 1.8,
            "eps_growth_yearly": 671.1
        },
        "20151": {
            "year_quarter": 20151,
            "year": 2015,
            "quarter": 1,
            "eps": 0.19,
            "eps_growth_year": -76.54,
            "eps_4q": 1.26,
            "eps_4q_growth_year": 24.94,
            "roe": 1.86,
            "roe_4q": 12.860000000000001,
            "gross_profit": 98780,
            "gross_margin": 18.36,
            "gross_margin_4q_avg": 18.43,
            "net_income": 32144,
            "revenue": 538136,
            "common_shares": 1678000,
            "book_valuer_per_share": 10.37,
            "book_valuer_per_share_4q_avg": 9.91,
            "equity": 1740645,
            "current_ratio": 156.21,
            "debt_ratio": 49.38,
            "inventory_turnover_ratio": 3.78,
            "account_receivable_turnover_ratio": 0.69,
            "reinvestment_rate": null,
            "research_to_sale_ratio": 5.78,
            "price_fair": 57.68,
            "eps_avg_yearly": 1.65,
            "eps_latest_yearly": 0.76,
            "eps_growth_yearly": 490.65
        },
        "20152": {
            "year_quarter": 20152,
            "year": 2015,
            "quarter": 2,
            "eps": 0.26,
            "eps_growth_year": 271.43,
            "eps_4q": 1.44,
            "eps_4q_growth_year": 27.94,
            "roe": 2.46,
            "roe_4q": 14.520000000000001,
            "gross_profit": 120209,
            "gross_margin": 20.12,
            "gross_margin_4q_avg": 19.05,
            "net_income": 43217,
            "revenue": 597585,
            "common_shares": 1678000,
            "book_valuer_per_share": 10.59,
            "book_valuer_per_share_4q_avg": 10.24,
            "equity": 1777080,
            "current_ratio": 147.75,
            "debt_ratio": 49.96,
            "inventory_turnover_ratio": 3.69,
            "account_receivable_turnover_ratio": 0.74,
            "reinvestment_rate": null,
            "research_to_sale_ratio": 5.56,
            "price_fair": 54.13,
            "eps_avg_yearly": 1.55,
            "eps_latest_yearly": 1.04,
            "eps_growth_yearly": 433.44
        },
        "20153": {
            "year_quarter": 20153,
            "year": 2015,
            "quarter": 3,
            "eps": 0.62,
            "eps_growth_year": 14.81,
            "eps_4q": 1.52,
            "eps_4q_growth_year": -16.06,
            "roe": 5.68,
            "roe_4q": 14.55,
            "gross_profit": 122879,
            "gross_margin": 20.06,
            "gross_margin_4q_avg": 19.06,
            "net_income": 103903,
            "revenue": 612430,
            "common_shares": 1678000,
            "book_valuer_per_share": 11.21,
            "book_valuer_per_share_4q_avg": 10.6,
            "equity": 1880681,
            "current_ratio": 150.21,
            "debt_ratio": 49.49,
            "inventory_turnover_ratio": 3.63,
            "account_receivable_turnover_ratio": 0.71,
            "reinvestment_rate": -185.32,
            "research_to_sale_ratio": 6.99,
            "price_fair": 58.8,
            "eps_avg_yearly": 1.68,
            "eps_latest_yearly": 2.48,
            "eps_growth_yearly": 450.64
        },
        "20154": {
            "year_quarter": 20154,
            "year": 2015,
            "quarter": 4,
            "eps": 0.25,
            "eps_growth_year": -44.79,
            "eps_4q": 1.32,
            "eps_4q_growth_year": -29.71,
            "roe": 2.22,
            "roe_4q": 12.219999999999999,
            "gross_profit": 56701,
            "gross_margin": 9.94,
            "gross_margin_4q_avg": 17.12,
            "net_income": 42153,
            "revenue": 570332,
            "common_shares": 1678000,
            "book_valuer_per_share": 11.45,
            "book_valuer_per_share_4q_avg": 10.91,
            "equity": 1921440,
            "current_ratio": 120.22,
            "debt_ratio": 48.97,
            "inventory_turnover_ratio": 4.22,
            "account_receivable_turnover_ratio": 0.67,
            "reinvestment_rate": -26.31,
            "research_to_sale_ratio": 3.72,
            "price_fair": 55.83,
            "eps_avg_yearly": 1.6,
            "eps_latest_yearly": 1,
            "eps_growth_yearly": 364.47
        },
        "20161": {
            "year_quarter": 20161,
            "year": 2016,
            "quarter": 1,
            "eps": -0.11,
            "eps_growth_year": -157.89,
            "eps_4q": 1.02,
            "eps_4q_growth_year": -19.15,
            "roe": -0.11,
            "roe_4q": 10.25,
            "gross_profit": 90026,
            "gross_margin": 15.5,
            "gross_margin_4q_avg": 16.41,
            "net_income": -2331,
            "revenue": 580829,
            "common_shares": 1678000,
            "book_valuer_per_share": 11.38,
            "book_valuer_per_share_4q_avg": 11.16,
            "equity": 2300044,
            "current_ratio": 120.99,
            "debt_ratio": 47.73,
            "inventory_turnover_ratio": 2.26,
            "account_receivable_turnover_ratio": 0.73,
            "reinvestment_rate": 80.56,
            "research_to_sale_ratio": 7.78,
            "price_fair": 55.83,
            "eps_avg_yearly": 1.6,
            "eps_latest_yearly": 1,
            "eps_growth_yearly": 364.47
        },
        "20162": {
            "year_quarter": 20162,
            "year": 2016,
            "quarter": 2,
            "eps": -0.17,
            "eps_growth_year": -165.38,
            "eps_4q": 0.59,
            "eps_4q_growth_year": -59.07,
            "roe": -0.03,
            "roe_4q": 7.76,
            "gross_profit": 122741,
            "gross_margin": 14.78,
            "gross_margin_4q_avg": 15.07,
            "net_income": -562,
            "revenue": 830471,
            "common_shares": 1678000,
            "book_valuer_per_share": 10.58,
            "book_valuer_per_share_4q_avg": 11.16,
            "equity": 2182767,
            "current_ratio": 112.31,
            "debt_ratio": 50.48,
            "inventory_turnover_ratio": 2.29,
            "account_receivable_turnover_ratio": 0.93,
            "reinvestment_rate": 87.03,
            "research_to_sale_ratio": 10.17,
            "price_fair": 55.83,
            "eps_avg_yearly": 1.6,
            "eps_latest_yearly": 1,
            "eps_growth_yearly": 364.47
        },
        "20163": {
            "year_quarter": 20163,
            "year": 2016,
            "quarter": 3,
            "eps": -0.06,
            "eps_growth_year": -109.68,
            "eps_4q": -0.09,
            "eps_4q_growth_year": -105.72,
            "roe": 0.18,
            "roe_4q": 2.2600000000000002,
            "gross_profit": 140478,
            "gross_margin": 18.92,
            "gross_margin_4q_avg": 14.79,
            "net_income": 3913,
            "revenue": 742619,
            "common_shares": 1678000,
            "book_valuer_per_share": 10.45,
            "book_valuer_per_share_4q_avg": 10.97,
            "equity": 2161964,
            "current_ratio": 127.15,
            "debt_ratio": 50.01,
            "inventory_turnover_ratio": 2.18,
            "account_receivable_turnover_ratio": 0.77,
            "reinvestment_rate": 122.11,
            "research_to_sale_ratio": 11.75,
            "price_fair": 55.83,
            "eps_avg_yearly": 1.6,
            "eps_latest_yearly": 1,
            "eps_growth_yearly": 364.47
        },
        "20164": {
            "year_quarter": 20164,
            "year": 2016,
            "quarter": 4,
            "eps": 0.07,
            "eps_growth_year": -71.7,
            "eps_4q": -0.27,
            "eps_4q_growth_year": -120.26,
            "roe": 1.96,
            "roe_4q": 2.0000000000000004,
            "gross_profit": 142622,
            "gross_margin": 20.68,
            "gross_margin_4q_avg": 17.47,
            "net_income": 42544,
            "revenue": 689627,
            "common_shares": 1678000,
            "book_valuer_per_share": 10.59,
            "book_valuer_per_share_4q_avg": 10.75,
            "equity": 2179144,
            "current_ratio": 121.74,
            "debt_ratio": 53.7,
            "inventory_turnover_ratio": 2.1,
            "account_receivable_turnover_ratio": 0.6,
            "reinvestment_rate": 111.24,
            "research_to_sale_ratio": 11.32,
            "price_fair": 55.83,
            "eps_avg_yearly": 1.6,
            "eps_latest_yearly": 1,
            "eps_growth_yearly": 364.47
        },
        "20171": {
            "year_quarter": 20171,
            "year": 2017,
            "quarter": 1,
            "eps": -0.15,
            "eps_growth_year": null,
            "eps_4q": -0.31,
            "eps_4q_growth_year": -130.26,
            "roe": -0.99,
            "roe_4q": 1.1199999999999999,
            "gross_profit": 89988,
            "gross_margin": 15.48,
            "gross_margin_4q_avg": 17.47,
            "net_income": -21232,
            "revenue": 581267,
            "common_shares": 1678000,
            "book_valuer_per_share": 10.27,
            "book_valuer_per_share_4q_avg": 10.47,
            "equity": 2111713,
            "current_ratio": 124.89,
            "debt_ratio": 50.54,
            "inventory_turnover_ratio": 1.76,
            "account_receivable_turnover_ratio": 0.49,
            "reinvestment_rate": 124.19,
            "research_to_sale_ratio": 10.37,
            "price_fair": 55.83,
            "eps_avg_yearly": 1.6,
            "eps_latest_yearly": 1,
            "eps_growth_yearly": 364.47
        },
        "20172": {
            "year_quarter": 20172,
            "year": 2017,
            "quarter": 2,
            "eps": 0.12,
            "eps_growth_year": null,
            "eps_4q": -0.02,
            "eps_4q_growth_year": -103.78,
            "roe": 1.25,
            "roe_4q": 2.4,
            "gross_profit": 131299,
            "gross_margin": 17.13,
            "gross_margin_4q_avg": 18.05,
            "net_income": 26605,
            "revenue": 766431,
            "common_shares": 1678000,
            "book_valuer_per_share": 10.51,
            "book_valuer_per_share_4q_avg": 10.46,
            "equity": 2155820,
            "current_ratio": 130.24,
            "debt_ratio": 48.07,
            "inventory_turnover_ratio": 2.12,
            "account_receivable_turnover_ratio": 0.77,
            "reinvestment_rate": 103.78,
            "research_to_sale_ratio": 8.92,
            "price_fair": 55.83,
            "eps_avg_yearly": 1.6,
            "eps_latest_yearly": 1,
            "eps_growth_yearly": 364.47
        },
        "20173": {
            "year_quarter": 20173,
            "year": 2017,
            "quarter": 3,
            "eps": 0.15,
            "eps_growth_year": null,
            "eps_4q": 0.19,
            "eps_4q_growth_year": null,
            "roe": 1.79,
            "roe_4q": 4.01,
            "gross_profit": 159246,
            "gross_margin": 18.48,
            "gross_margin_4q_avg": 17.94,
            "net_income": 39197,
            "revenue": 861599,
            "common_shares": 1678000,
            "book_valuer_per_share": 10.72,
            "book_valuer_per_share_4q_avg": 10.52,
            "equity": 2211745,
            "current_ratio": 122.1,
            "debt_ratio": 53.16,
            "inventory_turnover_ratio": 2.2,
            "account_receivable_turnover_ratio": 0.76,
            "reinvestment_rate": 96.22,
            "research_to_sale_ratio": 9,
            "price_fair": 51.96,
            "eps_avg_yearly": 1.48,
            "eps_latest_yearly": 0.6,
            "eps_growth_yearly": 335.09
        },
        "20174": {
            "year_quarter": 20174,
            "year": 2017,
            "quarter": 4,
            "eps": 0.22,
            "eps_growth_year": 210.03,
            "eps_4q": 0.34,
            "eps_4q_growth_year": null,
            "roe": 1.79,
            "roe_4q": 3.84,
            "gross_profit": 129739,
            "gross_margin": 15.95,
            "gross_margin_4q_avg": 16.76,
            "net_income": 40084,
            "revenue": 813235,
            "common_shares": 1678000,
            "book_valuer_per_share": 11.02,
            "book_valuer_per_share_4q_avg": 10.63,
            "equity": 2265844,
            "current_ratio": 123.8,
            "debt_ratio": 51.85,
            "inventory_turnover_ratio": 2.04,
            "account_receivable_turnover_ratio": 0.65,
            "reinvestment_rate": 115.56,
            "research_to_sale_ratio": 9.48,
            "price_fair": 49.84,
            "eps_avg_yearly": 1.42,
            "eps_latest_yearly": 0.88,
            "eps_growth_yearly": 320.24
        },
        "20181": {
            "year_quarter": 20181,
            "year": 2018,
            "quarter": 1,
            "eps": -0.29,
            "eps_growth_year": null,
            "eps_4q": 0.19,
            "eps_4q_growth_year": null,
            "roe": -2.74,
            "roe_4q": 2.09,
            "gross_profit": 66082,
            "gross_margin": 9.87,
            "gross_margin_4q_avg": 15.36,
            "net_income": -61537,
            "revenue": 669697,
            "common_shares": 1678000,
            "book_valuer_per_share": 10.84,
            "book_valuer_per_share_4q_avg": 10.77,
            "equity": 2229715,
            "current_ratio": 124.01,
            "debt_ratio": 51.34,
            "inventory_turnover_ratio": 1.76,
            "account_receivable_turnover_ratio": 0.58,
            "reinvestment_rate": 246.59,
            "research_to_sale_ratio": 10.67,
            "price_fair": 42.78,
            "eps_avg_yearly": 1.22,
            "eps_latest_yearly": 0.88,
            "eps_growth_yearly": 307.96
        },
        "20182": {
            "year_quarter": 20182,
            "year": 2018,
            "quarter": 2,
            "eps": 0.11,
            "eps_growth_year": -8.33,
            "eps_4q": 0.19,
            "eps_4q_growth_year": null,
            "roe": 1.8,
            "roe_4q": 2.6399999999999997,
            "gross_profit": 169906,
            "gross_margin": 14.77,
            "gross_margin_4q_avg": 14.77,
            "net_income": 42478,
            "revenue": 1150376,
            "common_shares": 1678000,
            "book_valuer_per_share": 10.9,
            "book_valuer_per_share_4q_avg": 10.87,
            "equity": 2483755,
            "current_ratio": 112.68,
            "debt_ratio": 55.23,
            "inventory_turnover_ratio": 2.46,
            "account_receivable_turnover_ratio": 0.9,
            "reinvestment_rate": 363.17,
            "research_to_sale_ratio": 8.56,
            "price_fair": 46.9,
            "eps_avg_yearly": 1.34,
            "eps_latest_yearly": 0.88,
            "eps_growth_yearly": 392.14
        },
        "20183": {
            "year_quarter": 20183,
            "year": 2018,
            "quarter": 3,
            "eps": 0.76,
            "eps_growth_year": 406.67,
            "eps_4q": 0.8,
            "eps_4q_growth_year": 324.64,
            "roe": 7.77,
            "roe_4q": 8.620000000000001,
            "gross_profit": 441726,
            "gross_margin": 26.23,
            "gross_margin_4q_avg": 16.71,
            "net_income": 198498,
            "revenue": 1684349,
            "common_shares": 1678000,
            "book_valuer_per_share": 11.46,
            "book_valuer_per_share_4q_avg": 11.06,
            "equity": 2624598,
            "current_ratio": 117.19,
            "debt_ratio": 56.17,
            "inventory_turnover_ratio": 2.71,
            "account_receivable_turnover_ratio": 0.94,
            "reinvestment_rate": 288.31,
            "research_to_sale_ratio": 10.44,
            "price_fair": 50.75,
            "eps_avg_yearly": 1.45,
            "eps_latest_yearly": 3.04,
            "eps_growth_yearly": 351.88
        },
        "20184": {
            "year_quarter": 20184,
            "year": 2018,
            "quarter": 4,
            "eps": 0.42,
            "eps_growth_year": 92.75,
            "eps_4q": 1,
            "eps_4q_growth_year": 197.41,
            "roe": 4.83,
            "roe_4q": 11.66,
            "gross_profit": 372221,
            "gross_margin": 22.85,
            "gross_margin_4q_avg": 18.43,
            "net_income": 130155,
            "revenue": 1629000,
            "common_shares": 1678000,
            "book_valuer_per_share": 11.89,
            "book_valuer_per_share_4q_avg": 11.27,
            "equity": 2764289,
            "current_ratio": 112.68,
            "debt_ratio": 54.65,
            "inventory_turnover_ratio": 2.82,
            "account_receivable_turnover_ratio": 0.71,
            "reinvestment_rate": 269.95,
            "research_to_sale_ratio": 11.19,
            "price_fair": 50.23,
            "eps_avg_yearly": 1.44,
            "eps_latest_yearly": 1.68,
            "eps_growth_yearly": 337.84
        },
        "20191": {
            "year_quarter": 20191,
            "year": 2019,
            "quarter": 1,
            "eps": 0.07,
            "eps_growth_year": null,
            "eps_4q": 1.37,
            "eps_4q_growth_year": 602.08,
            "roe": 0.7,
            "roe_4q": 15.100000000000001,
            "gross_profit": 183967,
            "gross_margin": 15.64,
            "gross_margin_4q_avg": 19.87,
            "net_income": 19508,
            "revenue": 1176575,
            "common_shares": 1678000,
            "book_valuer_per_share": 12.14,
            "book_valuer_per_share_4q_avg": 11.6,
            "equity": 2838271,
            "current_ratio": 103.62,
            "debt_ratio": 60.3,
            "inventory_turnover_ratio": 1.99,
            "account_receivable_turnover_ratio": 0.49,
            "reinvestment_rate": 361.41,
            "research_to_sale_ratio": 10.13,
            "price_fair": 48.13,
            "eps_avg_yearly": 1.38,
            "eps_latest_yearly": 0.28,
            "eps_growth_yearly": 325.07
        },
        "20192": {
            "year_quarter": 20192,
            "year": 2019,
            "quarter": 2,
            "eps": 0.28,
            "eps_growth_year": 154.55,
            "eps_4q": 1.53,
            "eps_4q_growth_year": 697.43,
            "roe": 2.56,
            "roe_4q": 15.86,
            "gross_profit": 328151,
            "gross_margin": 16.46,
            "gross_margin_4q_avg": 20.3,
            "net_income": 75592,
            "revenue": 1994149,
            "common_shares": 1678000,
            "book_valuer_per_share": 12.39,
            "book_valuer_per_share_4q_avg": 11.97,
            "equity": 3064602,
            "current_ratio": 101.63,
            "debt_ratio": 62.32,
            "inventory_turnover_ratio": 2.66,
            "account_receivable_turnover_ratio": 0.76,
            "reinvestment_rate": 364.25,
            "research_to_sale_ratio": 9.41,
            "price_fair": 48.48,
            "eps_avg_yearly": 1.39,
            "eps_latest_yearly": 1.12,
            "eps_growth_yearly": 456.64
        },
        "20193": {
            "year_quarter": 20193,
            "year": 2019,
            "quarter": 3,
            "eps": 1.02,
            "eps_growth_year": 34.21,
            "eps_4q": 1.8,
            "eps_4q_growth_year": 124.51,
            "roe": 8.26,
            "roe_4q": 16.35,
            "gross_profit": 608803,
            "gross_margin": 18.05,
            "gross_margin_4q_avg": 18.25,
            "net_income": 265584,
            "revenue": 3373288,
            "common_shares": 1678000,
            "book_valuer_per_share": 13.42,
            "book_valuer_per_share_4q_avg": 12.46,
            "equity": 3367589,
            "current_ratio": 106.75,
            "debt_ratio": 64.05,
            "inventory_turnover_ratio": 3.05,
            "account_receivable_turnover_ratio": 1.03,
            "reinvestment_rate": 348.59,
            "research_to_sale_ratio": 6.71,
            "price_fair": 55.48,
            "eps_avg_yearly": 1.59,
            "eps_latest_yearly": 4.08,
            "eps_growth_yearly": 519.56
        },
        "20194": {
            "year_quarter": 20194,
            "year": 2019,
            "quarter": 4,
            "eps": 0.81,
            "eps_growth_year": 89.76,
            "eps_4q": 2.16,
            "eps_4q_growth_year": 115.29,
            "roe": 8.28,
            "roe_4q": 19.799999999999997,
            "gross_profit": 781596,
            "gross_margin": 16.57,
            "gross_margin_4q_avg": 16.68,
            "net_income": 292370,
            "revenue": 4716063,
            "common_shares": 1696450,
            "book_valuer_per_share": 14.18,
            "book_valuer_per_share_4q_avg": 13.03,
            "equity": 3693256,
            "current_ratio": 111.64,
            "debt_ratio": 63.48,
            "inventory_turnover_ratio": 4.61,
            "account_receivable_turnover_ratio": 1.13,
            "reinvestment_rate": 293.88,
            "research_to_sale_ratio": 5.57,
            "price_fair": 65.28,
            "eps_avg_yearly": 1.87,
            "eps_latest_yearly": 3.24,
            "eps_growth_yearly": 539.1
        },
        "20201": {
            "year_quarter": 20201,
            "year": 2020,
            "quarter": 1,
            "eps": 0.85,
            "eps_growth_year": 1114.29,
            "eps_4q": 2.93,
            "eps_4q_growth_year": 114.76,
            "roe": 6.75,
            "roe_4q": 25.849999999999998,
            "gross_profit": 625682,
            "gross_margin": 20.74,
            "gross_margin_4q_avg": 17.96,
            "net_income": 257546,
            "revenue": 3016555,
            "common_shares": 1695850,
            "book_valuer_per_share": 15.01,
            "book_valuer_per_share_4q_avg": 13.75,
            "equity": 3940815,
            "current_ratio": 120.16,
            "debt_ratio": 58.73,
            "inventory_turnover_ratio": 3.75,
            "account_receivable_turnover_ratio": 0.7,
            "reinvestment_rate": 183.45,
            "research_to_sale_ratio": 6.27,
            "price_fair": 71.24,
            "eps_avg_yearly": 2.04,
            "eps_latest_yearly": 3.4,
            "eps_growth_yearly": 481.4
        },
        "20202": {
            "year_quarter": 20202,
            "year": 2020,
            "quarter": 2,
            "eps": 0.94,
            "eps_growth_year": 235.71,
            "eps_4q": 3.58,
            "eps_4q_growth_year": 133.47,
            "roe": 7.04,
            "roe_4q": 30.33,
            "gross_profit": 697672,
            "gross_margin": 20.01,
            "gross_margin_4q_avg": 18.84,
            "net_income": 282912,
            "revenue": 3486076,
            "common_shares": 1695850,
            "book_valuer_per_share": 15.26,
            "book_valuer_per_share_4q_avg": 14.47,
            "equity": 4091856,
            "current_ratio": 111,
            "debt_ratio": 63.67,
            "inventory_turnover_ratio": 3.46,
            "account_receivable_turnover_ratio": 0.78,
            "reinvestment_rate": 198.76,
            "research_to_sale_ratio": 6.32,
            "price_fair": 77.28,
            "eps_avg_yearly": 2.21,
            "eps_latest_yearly": 3.76,
            "eps_growth_yearly": 437.49
        },
        "20203": {
            "year_quarter": 20203,
            "year": 2020,
            "quarter": 3,
            "eps": 1.11,
            "eps_growth_year": 8.82,
            "eps_4q": 3.68,
            "eps_4q_growth_year": 104.82,
            "roe": 8.36,
            "roe_4q": 30.43,
            "gross_profit": 833446,
            "gross_margin": 20.55,
            "gross_margin_4q_avg": 19.47,
            "net_income": 365588,
            "revenue": 4056113,
            "common_shares": 1695000,
            "book_valuer_per_share": 16.98,
            "book_valuer_per_share_4q_avg": 15.36,
            "equity": 4650013,
            "current_ratio": 106.85,
            "debt_ratio": 67.05,
            "inventory_turnover_ratio": 3.08,
            "account_receivable_turnover_ratio": 0.67,
            "reinvestment_rate": 198.35,
            "research_to_sale_ratio": 6.99,
            "price_fair": 84.38,
            "eps_avg_yearly": 2.41,
            "eps_latest_yearly": 4.44,
            "eps_growth_yearly": 404.3
        },
        "20204": {
            "year_quarter": 20204,
            "year": 2020,
            "quarter": 4,
            "eps": 1.28,
            "eps_growth_year": 59.24,
            "eps_4q": 4.16,
            "eps_4q_growth_year": 92.28,
            "roe": 10,
            "roe_4q": 32.15,
            "gross_profit": 1104404,
            "gross_margin": 26,
            "gross_margin_4q_avg": 21.83,
            "net_income": 495735,
            "revenue": 4247828,
            "common_shares": 1693550,
            "book_valuer_per_share": 18.38,
            "book_valuer_per_share_4q_avg": 16.41,
            "equity": 5266611,
            "current_ratio": 110.29,
            "debt_ratio": 63.77,
            "inventory_turnover_ratio": 2.74,
            "account_receivable_turnover_ratio": 0.64,
            "reinvestment_rate": 215.12,
            "research_to_sale_ratio": 8.8,
            "price_fair": 92.28,
            "eps_avg_yearly": 2.64,
            "eps_latest_yearly": 5.12,
            "eps_growth_yearly": 375.71
        },
        "20211": {
            "year_quarter": 20211,
            "year": 2021,
            "quarter": 1,
            "eps": 0.94,
            "eps_growth_year": 10.59,
            "eps_4q": 4.25,
            "eps_4q_growth_year": 44.84,
            "roe": 5.01,
            "roe_4q": 30.409999999999997,
            "gross_profit": 811426,
            "gross_margin": 23.04,
            "gross_margin_4q_avg": 22.4,
            "net_income": 275377,
            "revenue": 3521365,
            "common_shares": 1693445,
            "book_valuer_per_share": 19.61,
            "book_valuer_per_share_4q_avg": 17.56,
            "equity": 5725641,
            "current_ratio": 138.14,
            "debt_ratio": 56.28,
            "inventory_turnover_ratio": 1.72,
            "account_receivable_turnover_ratio": 0.72,
            "reinvestment_rate": 183.84,
            "research_to_sale_ratio": 7.97,
            "price_fair": 95.31,
            "eps_avg_yearly": 2.72,
            "eps_latest_yearly": 3.76,
            "eps_growth_yearly": 338.64
        },
        "20212": {
            "year_quarter": 20212,
            "year": 2021,
            "quarter": 2,
            "eps": 1.02,
            "eps_growth_year": 8.51,
            "eps_4q": 4.34,
            "eps_4q_growth_year": 21.06,
            "roe": 6.04,
            "roe_4q": 29.41,
            "gross_profit": 916585,
            "gross_margin": 26.45,
            "gross_margin_4q_avg": 24.01,
            "net_income": 355393,
            "revenue": 3465820,
            "common_shares": 1693095,
            "book_valuer_per_share": 20.52,
            "book_valuer_per_share_4q_avg": 18.87,
            "equity": 6043487,
            "current_ratio": 139.41,
            "debt_ratio": 54.53,
            "inventory_turnover_ratio": 1.4,
            "account_receivable_turnover_ratio": 0.93,
            "reinvestment_rate": 191.72,
            "research_to_sale_ratio": 7.13,
            "price_fair": 98.7,
            "eps_avg_yearly": 2.82,
            "eps_latest_yearly": 4.08,
            "eps_growth_yearly": 316.88
        },
        "20213": {
            "year_quarter": 20213,
            "year": 2021,
            "quarter": 3,
            "eps": 1.8,
            "eps_growth_year": 62.16,
            "eps_4q": 5.03,
            "eps_4q_growth_year": 36.68,
            "roe": 7.84,
            "roe_4q": 28.89,
            "gross_profit": 1134043,
            "gross_margin": 20.71,
            "gross_margin_4q_avg": 24.05,
            "net_income": 532328,
            "revenue": 5476976,
            "common_shares": 1692955,
            "book_valuer_per_share": 20.3,
            "book_valuer_per_share_4q_avg": 19.7,
            "equity": 7543773,
            "current_ratio": 132.44,
            "debt_ratio": 58.33,
            "inventory_turnover_ratio": 2.12,
            "account_receivable_turnover_ratio": 1.16,
            "reinvestment_rate": 193.56,
            "research_to_sale_ratio": 5.98,
            "price_fair": 115.2,
            "eps_avg_yearly": 3.29,
            "eps_latest_yearly": 7.2,
            "eps_growth_yearly": 331.59
        },
        "20214": {
            "year_quarter": 20214,
            "year": 2021,
            "quarter": 4,
            "eps": 1.34,
            "eps_growth_year": 4.36,
            "eps_4q": 5.06,
            "eps_4q_growth_year": 21.77,
            "roe": 5.95,
            "roe_4q": 24.839999999999996,
            "gross_profit": 1139518,
            "gross_margin": 18.7,
            "gross_margin_4q_avg": 22.23,
            "net_income": 464851,
            "revenue": 6092656,
            "common_shares": 1702019,
            "book_valuer_per_share": 21.88,
            "book_valuer_per_share_4q_avg": 20.58,
            "equity": 8083618,
            "current_ratio": 136.4,
            "debt_ratio": 57.94,
            "inventory_turnover_ratio": 2.21,
            "account_receivable_turnover_ratio": 0.98,
            "reinvestment_rate": 178.83,
            "research_to_sale_ratio": 5.58,
            "price_fair": 126.4,
            "eps_avg_yearly": 3.61,
            "eps_latest_yearly": 5.36,
            "eps_growth_yearly": 310.95
        },
        "20221": {
            "year_quarter": 20221,
            "year": 2022,
            "quarter": 1,
            "eps": 0.91,
            "eps_growth_year": -3.19,
            "eps_4q": 5.04,
            "eps_4q_growth_year": 18.5,
            "roe": 3.48,
            "roe_4q": 23.31,
            "gross_profit": 820604,
            "gross_margin": 18.97,
            "gross_margin_4q_avg": 21.21,
            "net_income": 290499,
            "revenue": 4326841,
            "common_shares": 1702799,
            "book_valuer_per_share": 23.5,
            "book_valuer_per_share_4q_avg": 21.55,
            "equity": 8625500,
            "current_ratio": 125.84,
            "debt_ratio": 56.1,
            "inventory_turnover_ratio": 1.63,
            "account_receivable_turnover_ratio": 0.62,
            "reinvestment_rate": 177.61,
            "research_to_sale_ratio": 6.07,
            "price_fair": 126.47,
            "eps_avg_yearly": 3.61,
            "eps_latest_yearly": 3.64,
            "eps_growth_yearly": 281.66
        },
        "20222": {
            "year_quarter": 20222,
            "year": 2022,
            "quarter": 2,
            "eps": 1.19,
            "eps_growth_year": 16.67,
            "eps_4q": 5.21,
            "eps_4q_growth_year": 20.06,
            "roe": 5.26,
            "roe_4q": 22.53,
            "gross_profit": 875337,
            "gross_margin": 18.91,
            "gross_margin_4q_avg": 19.32,
            "net_income": 452049,
            "revenue": 4630060,
            "common_shares": 1702619,
            "book_valuer_per_share": 22.05,
            "book_valuer_per_share_4q_avg": 21.93,
            "equity": 8559574,
            "current_ratio": 122.71,
            "debt_ratio": 59.57,
            "inventory_turnover_ratio": 1.58,
            "account_receivable_turnover_ratio": 0.62,
            "reinvestment_rate": 136.17,
            "research_to_sale_ratio": 4.89,
            "price_fair": 128.98,
            "eps_avg_yearly": 3.69,
            "eps_latest_yearly": 4.76,
            "eps_growth_yearly": 271.75
        },
        "20223": {
            "year_quarter": 20223,
            "year": 2022,
            "quarter": 3,
            "eps": 2.03,
            "eps_growth_year": 12.78,
            "eps_4q": 5.45,
            "eps_4q_growth_year": 8.38,
            "roe": 7.51,
            "roe_4q": 22.2,
            "gross_profit": 1276590,
            "gross_margin": 21.91,
            "gross_margin_4q_avg": 19.62,
            "net_income": 673145,
            "revenue": 5827340,
            "common_shares": 1703269,
            "book_valuer_per_share": 24.46,
            "book_valuer_per_share_4q_avg": 22.97,
            "equity": 9369965,
            "current_ratio": 129.26,
            "debt_ratio": 60.91,
            "inventory_turnover_ratio": 1.8,
            "account_receivable_turnover_ratio": 0.65,
            "reinvestment_rate": 118.59,
            "research_to_sale_ratio": 5.97,
            "price_fair": 140.09,
            "eps_avg_yearly": 4,
            "eps_latest_yearly": 8.12,
            "eps_growth_yearly": 141.67
        },
        "20224": {
            "year_quarter": 20224,
            "year": 2022,
            "quarter": 4,
            "eps": 0.48,
            "eps_growth_year": -64.52,
            "eps_4q": 4.57,
            "eps_4q_growth_year": -9.67,
            "roe": 1.7,
            "roe_4q": 17.95,
            "gross_profit": 1032285,
            "gross_margin": 23.07,
            "gross_margin_4q_avg": 20.72,
            "net_income": 160507,
            "revenue": 4475039,
            "common_shares": 1708395,
            "book_valuer_per_share": 24.78,
            "book_valuer_per_share_4q_avg": 23.7,
            "equity": 9466816,
            "current_ratio": 133.72,
            "debt_ratio": 57.61,
            "inventory_turnover_ratio": 1.4,
            "account_receivable_turnover_ratio": 0.46,
            "reinvestment_rate": 123.36,
            "research_to_sale_ratio": 6.97,
            "price_fair": 140.61,
            "eps_avg_yearly": 4.02,
            "eps_latest_yearly": 1.92,
            "eps_growth_yearly": 133.77
        },
        "20231": {
            "year_quarter": 20231,
            "year": 2023,
            "quarter": 1,
            "eps": -0.4,
            "eps_growth_year": -143.96,
            "eps_4q": 3.27,
            "eps_4q_growth_year": -35.11,
            "roe": -0.92,
            "roe_4q": 13.549999999999999,
            "gross_profit": 486769,
            "gross_margin": 14.3,
            "gross_margin_4q_avg": 19.55,
            "net_income": -86895,
            "revenue": 3403275,
            "common_shares": 1708505,
            "book_valuer_per_share": 24.47,
            "book_valuer_per_share_4q_avg": 23.94,
            "equity": 9396987,
            "current_ratio": 136.95,
            "debt_ratio": 55.39,
            "inventory_turnover_ratio": 1.3,
            "account_receivable_turnover_ratio": 0.45,
            "reinvestment_rate": 112.87,
            "research_to_sale_ratio": 6.7,
            "price_fair": 149.33,
            "eps_avg_yearly": 4.27,
            "eps_latest_yearly": 1.92,
            "eps_growth_yearly": 164.91
        }
    },
    "months": {
        "2001-06": {
            "month": "2001-06",
            "price": "38.50",
            "revenue": 95595
        },
        "2001-07": {
            "month": "2001-07",
            "price": "27.70",
            "revenue": 88965
        },
        "2001-08": {
            "month": "2001-08",
            "price": "23.95",
            "revenue": 93229
        },
        "2001-09": {
            "month": "2001-09",
            "price": "20.34",
            "revenue": 72183
        },
        "2001-10": {
            "month": "2001-10",
            "price": "16.43",
            "revenue": 103059
        },
        "2001-11": {
            "month": "2001-11",
            "price": "20.60",
            "revenue": 112834
        },
        "2001-12": {
            "month": "2001-12",
            "price": "25.82",
            "revenue": 123931
        },
        "2002-01": {
            "month": "2002-01",
            "price": "28.86",
            "revenue": 123325
        },
        "2002-02": {
            "month": "2002-02",
            "price": "26.73",
            "revenue": 105314
        },
        "2002-03": {
            "month": "2002-03",
            "price": "27.29",
            "revenue": 139664
        },
        "2002-04": {
            "month": "2002-04",
            "price": "32.97",
            "revenue": 141365
        },
        "2002-05": {
            "month": "2002-05",
            "price": "33.67",
            "revenue": 134146
        },
        "2002-06": {
            "month": "2002-06",
            "price": "29.60",
            "revenue": 141526
        },
        "2002-07": {
            "month": "2002-07",
            "price": "29.82",
            "revenue": 136530
        },
        "2002-08": {
            "month": "2002-08",
            "price": "28.17",
            "revenue": 134840
        },
        "2002-09": {
            "month": "2002-09",
            "price": "27.78",
            "revenue": 156695
        },
        "2002-10": {
            "month": "2002-10",
            "price": "27.77",
            "revenue": 215916
        },
        "2002-11": {
            "month": "2002-11",
            "price": "31.65",
            "revenue": 188588
        },
        "2002-12": {
            "month": "2002-12",
            "price": "30.00",
            "revenue": 130028
        },
        "2003-01": {
            "month": "2003-01",
            "price": "27.81",
            "revenue": 169808
        },
        "2003-02": {
            "month": "2003-02",
            "price": "27.84",
            "revenue": 133857
        },
        "2003-03": {
            "month": "2003-03",
            "price": "27.60",
            "revenue": 169755
        },
        "2003-04": {
            "month": "2003-04",
            "price": "26.51",
            "revenue": 170653
        },
        "2003-05": {
            "month": "2003-05",
            "price": "24.10",
            "revenue": 150590
        },
        "2003-06": {
            "month": "2003-06",
            "price": "26.40",
            "revenue": 121569
        },
        "2003-07": {
            "month": "2003-07",
            "price": "25.55",
            "revenue": 160997
        },
        "2003-08": {
            "month": "2003-08",
            "price": "23.91",
            "revenue": 170148
        },
        "2003-09": {
            "month": "2003-09",
            "price": "15.22",
            "revenue": 217296
        },
        "2003-10": {
            "month": "2003-10",
            "price": "15.23",
            "revenue": 246803
        },
        "2003-11": {
            "month": "2003-11",
            "price": "16.18",
            "revenue": 220983
        },
        "2003-12": {
            "month": "2003-12",
            "price": "15.27",
            "revenue": 171128
        },
        "2004-01": {
            "month": "2004-01",
            "price": "15.70",
            "revenue": 195566
        },
        "2004-02": {
            "month": "2004-02",
            "price": "16.35",
            "revenue": 256500
        },
        "2004-03": {
            "month": "2004-03",
            "price": "18.45",
            "revenue": 262648
        },
        "2004-04": {
            "month": "2004-04",
            "price": "18.47",
            "revenue": 231446
        },
        "2004-05": {
            "month": "2004-05",
            "price": "14.09",
            "revenue": 230368
        },
        "2004-06": {
            "month": "2004-06",
            "price": "11.68",
            "revenue": 192051
        },
        "2004-07": {
            "month": "2004-07",
            "price": "9.41",
            "revenue": 230719
        },
        "2004-08": {
            "month": "2004-08",
            "price": "8.26",
            "revenue": 307639
        },
        "2004-09": {
            "month": "2004-09",
            "price": "8.56",
            "revenue": 316112
        },
        "2004-10": {
            "month": "2004-10",
            "price": "8.13",
            "revenue": 284728
        },
        "2004-11": {
            "month": "2004-11",
            "price": "7.61",
            "revenue": 291225
        },
        "2004-12": {
            "month": "2004-12",
            "price": "7.68",
            "revenue": 253887
        },
        "2005-01": {
            "month": "2005-01",
            "price": "7.33",
            "revenue": 281347
        },
        "2005-02": {
            "month": "2005-02",
            "price": "8.38",
            "revenue": 216252
        },
        "2005-03": {
            "month": "2005-03",
            "price": "9.09",
            "revenue": 310957
        },
        "2005-04": {
            "month": "2005-04",
            "price": "9.84",
            "revenue": 306623
        },
        "2005-05": {
            "month": "2005-05",
            "price": "9.07",
            "revenue": 252146
        },
        "2005-06": {
            "month": "2005-06",
            "price": "10.61",
            "revenue": 267355
        },
        "2005-07": {
            "month": "2005-07",
            "price": "16.12",
            "revenue": 323614
        },
        "2005-08": {
            "month": "2005-08",
            "price": "19.82",
            "revenue": 334144
        },
        "2005-09": {
            "month": "2005-09",
            "price": "19.52",
            "revenue": 350530
        },
        "2005-10": {
            "month": "2005-10",
            "price": "21.06",
            "revenue": 352275
        },
        "2005-11": {
            "month": "2005-11",
            "price": "18.07",
            "revenue": 342931
        },
        "2005-12": {
            "month": "2005-12",
            "price": "18.60",
            "revenue": 303776
        },
        "2006-01": {
            "month": "2006-01",
            "price": "18.21",
            "revenue": 312148
        },
        "2006-02": {
            "month": "2006-02",
            "price": "17.29",
            "revenue": 315961
        },
        "2006-03": {
            "month": "2006-03",
            "price": "16.25",
            "revenue": 370973
        },
        "2006-04": {
            "month": "2006-04",
            "price": "17.35",
            "revenue": 339022
        },
        "2006-05": {
            "month": "2006-05",
            "price": "20.30",
            "revenue": 231245
        },
        "2006-06": {
            "month": "2006-06",
            "price": "20.55",
            "revenue": 295179
        },
        "2006-07": {
            "month": "2006-07",
            "price": "17.68",
            "revenue": 364737
        },
        "2006-08": {
            "month": "2006-08",
            "price": "17.13",
            "revenue": 393867
        },
        "2006-09": {
            "month": "2006-09",
            "price": "16.21",
            "revenue": 358962
        },
        "2006-10": {
            "month": "2006-10",
            "price": "16.46",
            "revenue": 351833
        },
        "2006-11": {
            "month": "2006-11",
            "price": "16.26",
            "revenue": 337482
        },
        "2006-12": {
            "month": "2006-12",
            "price": "16.91",
            "revenue": 254193
        },
        "2007-01": {
            "month": "2007-01",
            "price": "18.75",
            "revenue": 326944
        },
        "2007-02": {
            "month": "2007-02",
            "price": "17.81",
            "revenue": 216194
        },
        "2007-03": {
            "month": "2007-03",
            "price": "17.19",
            "revenue": 296612
        },
        "2007-04": {
            "month": "2007-04",
            "price": "16.26",
            "revenue": 339911
        },
        "2007-05": {
            "month": "2007-05",
            "price": "14.46",
            "revenue": 327442
        },
        "2007-06": {
            "month": "2007-06",
            "price": "15.04",
            "revenue": 318030
        },
        "2007-07": {
            "month": "2007-07",
            "price": "14.94",
            "revenue": 330565
        },
        "2007-08": {
            "month": "2007-08",
            "price": "12.38",
            "revenue": 346467
        },
        "2007-09": {
            "month": "2007-09",
            "price": "11.65",
            "revenue": 294750
        },
        "2007-10": {
            "month": "2007-10",
            "price": "10.30",
            "revenue": 298888
        },
        "2007-11": {
            "month": "2007-11",
            "price": "8.14",
            "revenue": 283067
        },
        "2007-12": {
            "month": "2007-12",
            "price": "6.99",
            "revenue": 220159
        },
        "2008-01": {
            "month": "2008-01",
            "price": "7.48",
            "revenue": 283642
        },
        "2008-02": {
            "month": "2008-02",
            "price": "7.21",
            "revenue": 203673
        },
        "2008-03": {
            "month": "2008-03",
            "price": "6.90",
            "revenue": 247632
        },
        "2008-04": {
            "month": "2008-04",
            "price": "6.75",
            "revenue": 274674
        },
        "2008-05": {
            "month": "2008-05",
            "price": "6.70",
            "revenue": 242035
        },
        "2008-06": {
            "month": "2008-06",
            "price": "5.46",
            "revenue": 241630
        },
        "2008-07": {
            "month": "2008-07",
            "price": "4.59",
            "revenue": 235689
        },
        "2008-08": {
            "month": "2008-08",
            "price": "4.22",
            "revenue": 242511
        },
        "2008-09": {
            "month": "2008-09",
            "price": "3.34",
            "revenue": 242971
        },
        "2008-10": {
            "month": "2008-10",
            "price": "3.98",
            "revenue": 275939
        },
        "2008-11": {
            "month": "2008-11",
            "price": "4.66",
            "revenue": 227051
        },
        "2008-12": {
            "month": "2008-12",
            "price": "3.87",
            "revenue": 212537
        },
        "2009-01": {
            "month": "2009-01",
            "price": "4.44",
            "revenue": 110559
        },
        "2009-02": {
            "month": "2009-02",
            "price": "5.69",
            "revenue": 129412
        },
        "2009-03": {
            "month": "2009-03",
            "price": "6.03",
            "revenue": 176140
        },
        "2009-04": {
            "month": "2009-04",
            "price": "6.18",
            "revenue": 234358
        },
        "2009-05": {
            "month": "2009-05",
            "price": "7.18",
            "revenue": 171143
        },
        "2009-06": {
            "month": "2009-06",
            "price": "9.78",
            "revenue": 170666
        },
        "2009-07": {
            "month": "2009-07",
            "price": "10.00",
            "revenue": 194416
        },
        "2009-08": {
            "month": "2009-08",
            "price": "8.84",
            "revenue": 201420
        },
        "2009-09": {
            "month": "2009-09",
            "price": "9.97",
            "revenue": 211849
        },
        "2009-10": {
            "month": "2009-10",
            "price": "13.36",
            "revenue": 213514
        },
        "2009-11": {
            "month": "2009-11",
            "price": "12.08",
            "revenue": 182663
        },
        "2009-12": {
            "month": "2009-12",
            "price": "12.35",
            "revenue": 179680
        },
        "2010-01": {
            "month": "2010-01",
            "price": "11.67",
            "revenue": 213869
        },
        "2010-02": {
            "month": "2010-02",
            "price": "9.55",
            "revenue": 151408
        },
        "2010-03": {
            "month": "2010-03",
            "price": "10.29",
            "revenue": 254575
        },
        "2010-04": {
            "month": "2010-04",
            "price": "12.05",
            "revenue": 302994
        },
        "2010-05": {
            "month": "2010-05",
            "price": "12.09",
            "revenue": 271896
        },
        "2010-06": {
            "month": "2010-06",
            "price": "12.10",
            "revenue": 175276
        },
        "2010-07": {
            "month": "2010-07",
            "price": "11.92",
            "revenue": 198182
        },
        "2010-08": {
            "month": "2010-08",
            "price": "12.02",
            "revenue": 188744
        },
        "2010-09": {
            "month": "2010-09",
            "price": "11.29",
            "revenue": 216626
        },
        "2010-10": {
            "month": "2010-10",
            "price": "11.40",
            "revenue": 185315
        },
        "2010-11": {
            "month": "2010-11",
            "price": "10.10",
            "revenue": 184050
        },
        "2010-12": {
            "month": "2010-12",
            "price": "10.04",
            "revenue": 188524
        },
        "2011-01": {
            "month": "2011-01",
            "price": "9.58",
            "revenue": 204329
        },
        "2011-02": {
            "month": "2011-02",
            "price": "9.14",
            "revenue": 167009
        },
        "2011-03": {
            "month": "2011-03",
            "price": "8.74",
            "revenue": 207479
        },
        "2011-04": {
            "month": "2011-04",
            "price": "9.99",
            "revenue": 205886
        },
        "2011-05": {
            "month": "2011-05",
            "price": "10.37",
            "revenue": 167761
        },
        "2011-06": {
            "month": "2011-06",
            "price": "11.01",
            "revenue": 155399
        },
        "2011-07": {
            "month": "2011-07",
            "price": "9.83",
            "revenue": 158537
        },
        "2011-08": {
            "month": "2011-08",
            "price": "7.55",
            "revenue": 168009
        },
        "2011-09": {
            "month": "2011-09",
            "price": "6.83",
            "revenue": 164308
        },
        "2011-10": {
            "month": "2011-10",
            "price": "6.56",
            "revenue": 159973
        },
        "2011-11": {
            "month": "2011-11",
            "price": "5.53",
            "revenue": 162233
        },
        "2011-12": {
            "month": "2011-12",
            "price": "4.83",
            "revenue": 125398
        },
        "2012-01": {
            "month": "2012-01",
            "price": "5.32",
            "revenue": 109706
        },
        "2012-02": {
            "month": "2012-02",
            "price": "7.61",
            "revenue": 133498
        },
        "2012-03": {
            "month": "2012-03",
            "price": "9.85",
            "revenue": 159321
        },
        "2012-04": {
            "month": "2012-04",
            "price": "7.62",
            "revenue": 153460
        },
        "2012-05": {
            "month": "2012-05",
            "price": "6.64",
            "revenue": 147445
        },
        "2012-06": {
            "month": "2012-06",
            "price": "6.04",
            "revenue": 125689
        },
        "2012-07": {
            "month": "2012-07",
            "price": "5.53",
            "revenue": 135431
        },
        "2012-08": {
            "month": "2012-08",
            "price": "6.26",
            "revenue": 152886
        },
        "2012-09": {
            "month": "2012-09",
            "price": "7.20",
            "revenue": 130595
        },
        "2012-10": {
            "month": "2012-10",
            "price": "11.36",
            "revenue": 116839
        },
        "2012-11": {
            "month": "2012-11",
            "price": "11.27",
            "revenue": 129585
        },
        "2012-12": {
            "month": "2012-12",
            "price": "11.71",
            "revenue": 102853
        },
        "2013-01": {
            "month": "2013-01",
            "price": "11.80",
            "revenue": 120510
        },
        "2013-02": {
            "month": "2013-02",
            "price": "13.57",
            "revenue": 76245
        },
        "2013-03": {
            "month": "2013-03",
            "price": "13.78",
            "revenue": 113993
        },
        "2013-04": {
            "month": "2013-04",
            "price": "13.16",
            "revenue": 122488
        },
        "2013-05": {
            "month": "2013-05",
            "price": "15.03",
            "revenue": 109639
        },
        "2013-06": {
            "month": "2013-06",
            "price": "17.64",
            "revenue": 106262
        },
        "2013-07": {
            "month": "2013-07",
            "price": "16.94",
            "revenue": 120179
        },
        "2013-08": {
            "month": "2013-08",
            "price": "17.75",
            "revenue": 133424
        },
        "2013-09": {
            "month": "2013-09",
            "price": "18.54",
            "revenue": 117528
        },
        "2013-10": {
            "month": "2013-10",
            "price": "18.44",
            "revenue": 134560
        },
        "2013-11": {
            "month": "2013-11",
            "price": "17.07",
            "revenue": 137275
        },
        "2013-12": {
            "month": "2013-12",
            "price": "18.26",
            "revenue": 174583
        },
        "2014-01": {
            "month": "2014-01",
            "price": "24.57",
            "revenue": 155063
        },
        "2014-02": {
            "month": "2014-02",
            "price": "25.41",
            "revenue": 127557
        },
        "2014-03": {
            "month": "2014-03",
            "price": "25.07",
            "revenue": 197336
        },
        "2014-04": {
            "month": "2014-04",
            "price": "24.30",
            "revenue": 167446
        },
        "2014-05": {
            "month": "2014-05",
            "price": "25.86",
            "revenue": 164669
        },
        "2014-06": {
            "month": "2014-06",
            "price": "35.04",
            "revenue": 146475
        },
        "2014-07": {
            "month": "2014-07",
            "price": "33.85",
            "revenue": 174309
        },
        "2014-08": {
            "month": "2014-08",
            "price": "29.56",
            "revenue": 179439
        },
        "2014-09": {
            "month": "2014-09",
            "price": "28.74",
            "revenue": 180326
        },
        "2014-10": {
            "month": "2014-10",
            "price": "27.03",
            "revenue": 195505
        },
        "2014-11": {
            "month": "2014-11",
            "price": "26.48",
            "revenue": 187613
        },
        "2014-12": {
            "month": "2014-12",
            "price": "31.99",
            "revenue": 192563
        },
        "2015-01": {
            "month": "2015-01",
            "price": "34.54",
            "revenue": 201291
        },
        "2015-02": {
            "month": "2015-02",
            "price": "32.64",
            "revenue": 144135
        },
        "2015-03": {
            "month": "2015-03",
            "price": "35.80",
            "revenue": 192711
        },
        "2015-04": {
            "month": "2015-04",
            "price": "36.66",
            "revenue": 213935
        },
        "2015-05": {
            "month": "2015-05",
            "price": "35.30",
            "revenue": 191645
        },
        "2015-06": {
            "month": "2015-06",
            "price": "39.55",
            "revenue": 192004
        },
        "2015-07": {
            "month": "2015-07",
            "price": "37.28",
            "revenue": 203711
        },
        "2015-08": {
            "month": "2015-08",
            "price": "29.20",
            "revenue": 194551
        },
        "2015-09": {
            "month": "2015-09",
            "price": "27.70",
            "revenue": 214168
        },
        "2015-10": {
            "month": "2015-10",
            "price": "29.52",
            "revenue": 181896
        },
        "2015-11": {
            "month": "2015-11",
            "price": "27.52",
            "revenue": 195081
        },
        "2015-12": {
            "month": "2015-12",
            "price": "28.27",
            "revenue": 193355
        },
        "2016-01": {
            "month": "2016-01",
            "price": "24.42",
            "revenue": 181066
        },
        "2016-02": {
            "month": "2016-02",
            "price": "24.98",
            "revenue": 161187
        },
        "2016-03": {
            "month": "2016-03",
            "price": "26.45",
            "revenue": 238576
        },
        "2016-04": {
            "month": "2016-04",
            "price": "27.99",
            "revenue": 246611
        },
        "2016-05": {
            "month": "2016-05",
            "price": "26.42",
            "revenue": 292931
        },
        "2016-06": {
            "month": "2016-06",
            "price": "27.52",
            "revenue": 290926
        },
        "2016-07": {
            "month": "2016-07",
            "price": "29.90",
            "revenue": 226359
        },
        "2016-08": {
            "month": "2016-08",
            "price": "30.20",
            "revenue": 280518
        },
        "2016-09": {
            "month": "2016-09",
            "price": "29.54",
            "revenue": 235744
        },
        "2016-10": {
            "month": "2016-10",
            "price": "24.73",
            "revenue": 198121
        },
        "2016-11": {
            "month": "2016-11",
            "price": "21.98",
            "revenue": 232331
        },
        "2016-12": {
            "month": "2016-12",
            "price": "24.68",
            "revenue": 267998
        },
        "2017-01": {
            "month": "2017-01",
            "price": "26.02",
            "revenue": 189227
        },
        "2017-02": {
            "month": "2017-02",
            "price": "27.94",
            "revenue": 175817
        },
        "2017-03": {
            "month": "2017-03",
            "price": "27.92",
            "revenue": 222336
        },
        "2017-04": {
            "month": "2017-04",
            "price": "24.55",
            "revenue": 229889
        },
        "2017-05": {
            "month": "2017-05",
            "price": "27.66",
            "revenue": 246094
        },
        "2017-06": {
            "month": "2017-06",
            "price": "27.50",
            "revenue": 286559
        },
        "2017-07": {
            "month": "2017-07",
            "price": "36.13",
            "revenue": 267119
        },
        "2017-08": {
            "month": "2017-08",
            "price": "41.14",
            "revenue": 290839
        },
        "2017-09": {
            "month": "2017-09",
            "price": "49.93",
            "revenue": 301418
        },
        "2017-10": {
            "month": "2017-10",
            "price": "47.35",
            "revenue": 260595
        },
        "2017-11": {
            "month": "2017-11",
            "price": "53.05",
            "revenue": 266635
        },
        "2017-12": {
            "month": "2017-12",
            "price": "57.42",
            "revenue": 286006
        },
        "2018-01": {
            "month": "2018-01",
            "price": "60.64",
            "revenue": 261025
        },
        "2018-02": {
            "month": "2018-02",
            "price": "50.01",
            "revenue": 170091
        },
        "2018-03": {
            "month": "2018-03",
            "price": "55.75",
            "revenue": 244765
        },
        "2018-04": {
            "month": "2018-04",
            "price": "52.77",
            "revenue": 264624
        },
        "2018-05": {
            "month": "2018-05",
            "price": "49.99",
            "revenue": 366368
        },
        "2018-06": {
            "month": "2018-06",
            "price": "58.03",
            "revenue": 513201
        },
        "2018-07": {
            "month": "2018-07",
            "price": "59.52",
            "revenue": 455197
        },
        "2018-08": {
            "month": "2018-08",
            "price": "55.13",
            "revenue": 593534
        },
        "2018-09": {
            "month": "2018-09",
            "price": "54.54",
            "revenue": 651705
        },
        "2018-10": {
            "month": "2018-10",
            "price": "43.11",
            "revenue": 521477
        },
        "2018-11": {
            "month": "2018-11",
            "price": "42.63",
            "revenue": 554840
        },
        "2018-12": {
            "month": "2018-12",
            "price": "49.50",
            "revenue": 536592
        },
        "2019-01": {
            "month": "2019-01",
            "price": "58.71",
            "revenue": 417135
        },
        "2019-02": {
            "month": "2019-02",
            "price": "61.56",
            "revenue": 290934
        },
        "2019-03": {
            "month": "2019-03",
            "price": "61.50",
            "revenue": 468475
        },
        "2019-04": {
            "month": "2019-04",
            "price": "60.95",
            "revenue": 527234
        },
        "2019-05": {
            "month": "2019-05",
            "price": "63.25",
            "revenue": 634886
        },
        "2019-06": {
            "month": "2019-06",
            "price": "64.93",
            "revenue": 832990
        },
        "2019-07": {
            "month": "2019-07",
            "price": "69.86",
            "revenue": 893647
        },
        "2019-08": {
            "month": "2019-08",
            "price": "67.04",
            "revenue": 1082873
        },
        "2019-09": {
            "month": "2019-09",
            "price": "69.63",
            "revenue": 1387468
        },
        "2019-10": {
            "month": "2019-10",
            "price": "69.66",
            "revenue": 1451181
        },
        "2019-11": {
            "month": "2019-11",
            "price": "70.04",
            "revenue": 1502842
        },
        "2019-12": {
            "month": "2019-12",
            "price": "86.49",
            "revenue": 1633627
        },
        "2020-01": {
            "month": "2020-01",
            "price": "83.05",
            "revenue": 722356
        },
        "2020-02": {
            "month": "2020-02",
            "price": "77.48",
            "revenue": 1182464
        },
        "2020-03": {
            "month": "2020-03",
            "price": "62.43",
            "revenue": 1106092
        },
        "2020-04": {
            "month": "2020-04",
            "price": "63.23",
            "revenue": 1322134
        },
        "2020-05": {
            "month": "2020-05",
            "price": "76.52",
            "revenue": 1063671
        },
        "2020-06": {
            "month": "2020-06",
            "price": "83.38",
            "revenue": 1166101
        },
        "2020-07": {
            "month": "2020-07",
            "price": "84.72",
            "revenue": 1339442
        },
        "2020-08": {
            "month": "2020-08",
            "price": "112.54",
            "revenue": 1369036
        },
        "2020-09": {
            "month": "2020-09",
            "price": "115.64",
            "revenue": 1271239
        },
        "2020-10": {
            "month": "2020-10",
            "price": "106.22",
            "revenue": 1337929
        },
        "2020-11": {
            "month": "2020-11",
            "price": "103.74",
            "revenue": 1525065
        },
        "2020-12": {
            "month": "2020-12",
            "price": "99.03",
            "revenue": 1449262
        },
        "2021-01": {
            "month": "2021-01",
            "price": "96.30",
            "revenue": 1358918
        },
        "2021-02": {
            "month": "2021-02",
            "price": "89.28",
            "revenue": 831483
        },
        "2021-03": {
            "month": "2021-03",
            "price": "91.09",
            "revenue": 1164576
        },
        "2021-04": {
            "month": "2021-04",
            "price": "83.65",
            "revenue": 1203109
        },
        "2021-05": {
            "month": "2021-05",
            "price": "63.78",
            "revenue": 1232291
        },
        "2021-06": {
            "month": "2021-06",
            "price": "72.68",
            "revenue": 1057576
        },
        "2021-07": {
            "month": "2021-07",
            "price": "83.09",
            "revenue": 1392819
        },
        "2021-08": {
            "month": "2021-08",
            "price": "77.35",
            "revenue": 1764896
        },
        "2021-09": {
            "month": "2021-09",
            "price": "84.64",
            "revenue": 2097279
        },
        "2021-10": {
            "month": "2021-10",
            "price": "81.80",
            "revenue": 2025599
        },
        "2021-11": {
            "month": "2021-11",
            "price": "81.69",
            "revenue": 2284998
        },
        "2021-12": {
            "month": "2021-12",
            "price": "77.85",
            "revenue": 1981289
        },
        "2022-01": {
            "month": "2022-01",
            "price": "77.51",
            "revenue": 1730981
        },
        "2022-02": {
            "month": "2022-02",
            "price": "72.31",
            "revenue": 874071
        },
        "2022-03": {
            "month": "2022-03",
            "price": "59.85",
            "revenue": 1665286
        },
        "2022-04": {
            "month": "2022-04",
            "price": "55.24",
            "revenue": 1604609
        },
        "2022-05": {
            "month": "2022-05",
            "price": "54.50",
            "revenue": 1562686
        },
        "2022-06": {
            "month": "2022-06",
            "price": "58.18",
            "revenue": 1501092
        },
        "2022-07": {
            "month": "2022-07",
            "price": "52.07",
            "revenue": 1721886
        },
        "2022-08": {
            "month": "2022-08",
            "price": "56.78",
            "revenue": 1898464
        },
        "2022-09": {
            "month": "2022-09",
            "price": "56.80",
            "revenue": 2170778
        },
        "2022-10": {
            "month": "2022-10",
            "price": "48.20",
            "revenue": 1838900
        },
        "2022-11": {
            "month": "2022-11",
            "price": "55.52",
            "revenue": 1420298
        },
        "2022-12": {
            "month": "2022-12",
            "price": "52.70",
            "revenue": 1190291
        },
        "2023-01": {
            "month": "2023-01",
            "price": "50.70",
            "revenue": 977759
        },
        "2023-02": {
            "month": "2023-02",
            "price": "53.38",
            "revenue": 1073980
        },
        "2023-03": {
            "month": "2023-03",
            "price": "55.77",
            "revenue": 1331761
        },
        "2023-04": {
            "month": "2023-04",
            "price": "56.01",
            "revenue": 1347971
        }
    }
}
