{
    "summary": {
        "stock_name": "同協",
        "stock_id": "5460",
        "category": "電子零組件",
        "main_business": "精密沖壓製品、精密沖壓連續模模具、<br>冷光EL產品及LED燈具、產品OEM/ODM開發設計等",
        "website_url": "http://www.mustang-group.com",
        "ceo": "劉定泮",
        "pe_ratio": -28,
        "report_year_from": 2001,
        "report_year_to": 2023,
        "age": 22,
        "eps_negative_percentage": 9,
        "eps_growth_avg": {
            "last_all": 1.97,
            "last_2y": -32.88,
            "last_4y": -6.4,
            "last_8y": -5.06,
            "last_12y": 3.55,
            "last_16y": -3.68,
            "last_20y": 1.97,
            "at_2006_last_3y": 17.02,
            "at_2007_last_3y": 15.87,
            "at_2008_last_3y": -6.98,
            "at_2009_last_3y": -27.16,
            "at_2010_last_3y": -5.2,
            "at_2011_last_3y": 3.09,
            "at_2012_last_3y": 16.88,
            "at_2013_last_3y": 22.92,
            "at_2014_last_3y": 18.33,
            "at_2015_last_3y": 15.62,
            "at_2016_last_3y": -1.2,
            "at_2017_last_3y": -3.39,
            "at_2018_last_3y": -29.09,
            "at_2019_last_3y": -0.4,
            "at_2020_last_3y": -17.37,
            "at_2021_last_3y": 17,
            "at_2022_last_3y": 0.34,
            "at_2023_last_3y": 0.34,
            "at_2006_last_all": 20.76,
            "at_2007_last_all": 11.12,
            "at_2008_last_all": 6.86,
            "at_2009_last_all": -0.6,
            "at_2010_last_all": 9.22,
            "at_2011_last_all": 7.91,
            "at_2012_last_all": 10.51,
            "at_2013_last_all": 7.24,
            "at_2014_last_all": 12.02,
            "at_2015_last_all": 10.11,
            "at_2016_last_all": 7.39,
            "at_2017_last_all": 4.58,
            "at_2018_last_all": 2.35,
            "at_2019_last_all": 7.78,
            "at_2020_last_all": 2.17,
            "at_2021_last_all": 7.07,
            "at_2022_last_all": 1.97,
            "at_2023_last_all": 1.97
        },
        "latest_eps": -0.41,
        "latest_price": 11.3,
        "latest_roe": -3.27,
        "latest_gross_margin": 15.48,
        "latest_equity": 723404,
        "latest_revenue": 87929,
        "latest_gross_profit": 13615,
        "latest_net_income": -8015,
        "latest_debt_ratio": 12.26,
        "latest_current_ratio": 750.44,
        "latest_account_receivable_turnover_ratio": 1.09,
        "latest_inventory_turnover_ratio": 1.97,
        "latest_reinvestment_rate": -379.64,
        "latest_research_to_sale_ratio": 2.6
    },
    "eps_dividends": {
        "1999": {
            "cash": 0,
            "stock": 2,
            "eps": 0
        },
        "2000": {
            "cash": 0,
            "stock": 3,
            "eps": 0
        },
        "2001": {
            "cash": 0,
            "stock": 2,
            "eps": 0.84
        },
        "2002": {
            "cash": 0,
            "stock": 1,
            "eps": 1.14
        },
        "2003": {
            "cash": 0,
            "stock": 1,
            "eps": 0.77
        },
        "2004": {
            "cash": 0,
            "stock": 1,
            "eps": 1.33
        },
        "2005": {
            "cash": 0,
            "stock": 1,
            "eps": 1.7
        },
        "2006": {
            "cash": 1,
            "stock": 1,
            "eps": 1.7
        },
        "2007": {
            "cash": 1,
            "stock": 1,
            "eps": 1.07
        },
        "2008": {
            "cash": 1,
            "stock": 0,
            "eps": 0.87
        },
        "2009": {
            "cash": 0,
            "stock": 1,
            "eps": 0.41
        },
        "2010": {
            "cash": 1,
            "stock": 0,
            "eps": 0.77
        },
        "2011": {
            "cash": 1,
            "stock": 0,
            "eps": 0.74
        },
        "2012": {
            "cash": 1,
            "stock": 0,
            "eps": 1.01
        },
        "2013": {
            "cash": 1,
            "stock": 0,
            "eps": 0.72
        },
        "2014": {
            "cash": 1,
            "stock": 0,
            "eps": 1.22
        },
        "2015": {
            "cash": 1,
            "stock": 0,
            "eps": 1.04
        },
        "2016": {
            "cash": 1,
            "stock": 0,
            "eps": 0.72
        },
        "2017": {
            "cash": 1,
            "stock": 0,
            "eps": 0.45
        },
        "2018": {
            "cash": 1,
            "stock": 0,
            "eps": 0.3
        },
        "2019": {
            "cash": 0,
            "stock": 0,
            "eps": 0.74
        },
        "2020": {
            "cash": 1,
            "stock": 0,
            "eps": 0.01
        },
        "2021": {
            "cash": 0,
            "stock": 0,
            "eps": 0.02
        },
        "2022": {
            "cash": 0,
            "stock": 0,
            "eps": -0.35
        },
        "2023": {
            "cash": 0,
            "stock": 0,
            "eps": -0.14
        }
    },
    "dividends": {
        "1999-05-19": {
            "cash": 0,
            "stock": 2.3
        },
        "2000-05-19": {
            "cash": 0,
            "stock": 2.88
        },
        "2001-04-25": {
            "cash": 0,
            "stock": 2
        },
        "2002-06-11": {
            "cash": 0,
            "stock": 1
        },
        "2003-06-12": {
            "cash": 0,
            "stock": 0.93
        },
        "2004-03-22": {
            "cash": 0,
            "stock": 0.71
        },
        "2005-03-28": {
            "cash": 0,
            "stock": 0.9
        },
        "2006-03-21": {
            "cash": 0.5,
            "stock": 0.7
        },
        "2007-03-21": {
            "cash": 0.6,
            "stock": 0.7
        },
        "2008-03-20": {
            "cash": 0.5,
            "stock": 0.3
        },
        "2009-03-27": {
            "cash": 0.3,
            "stock": 0.5
        },
        "2010-03-23": {
            "cash": 0.52,
            "stock": 0
        },
        "2011-03-24": {
            "cash": 0.6,
            "stock": 0
        },
        "2012-06-19": {
            "cash": 0.7,
            "stock": 0
        },
        "2013-06-14": {
            "cash": 0.8,
            "stock": 0
        },
        "2014-09-12": {
            "cash": 0.7,
            "stock": 0
        },
        "2015-09-11": {
            "cash": 0.9,
            "stock": 0
        },
        "2016-09-13": {
            "cash": 0.8,
            "stock": 0
        },
        "2017-09-14": {
            "cash": 0.65,
            "stock": 0
        },
        "2018-09-10": {
            "cash": 0.5,
            "stock": 0
        },
        "2019-09-30": {
            "cash": 0.3,
            "stock": 0
        },
        "2020-09-11": {
            "cash": 0.55,
            "stock": 0
        },
        "2021-06-02": {
            "cash": 0.1,
            "stock": 0
        }
    },
    "prices": {
        "200101": "41.30",
        "200102": "57.53",
        "200103": "57.55",
        "200104": "57.75",
        "200105": "43.01",
        "200106": "42.42",
        "200107": "36.51",
        "200108": "32.72",
        "200109": "27.08",
        "200110": "20.45",
        "200111": "22.08",
        "200112": "30.97",
        "200201": "33.64",
        "200202": "38.94",
        "200203": "40.60",
        "200204": "37.25",
        "200205": "30.11",
        "200206": "26.36",
        "200207": "24.73",
        "200208": "22.27",
        "200209": "21.60",
        "200210": "18.62",
        "200211": "19.18",
        "200212": "17.45",
        "200301": "17.54",
        "200302": "17.26",
        "200303": "17.38",
        "200304": "17.34",
        "200305": "16.16",
        "200306": "18.98",
        "200307": "33.40",
        "200308": "29.23",
        "200309": "21.34",
        "200310": "19.50",
        "200311": "19.52",
        "200312": "20.75",
        "200401": "20.58",
        "200402": "20.55",
        "200403": "20.04",
        "200404": "22.58",
        "200405": "19.10",
        "200406": "18.05",
        "200407": "16.72",
        "200408": "16.43",
        "200409": "16.94",
        "200410": "16.48",
        "200411": "15.00",
        "200412": "15.33",
        "200501": "16.92",
        "200502": "21.85",
        "200503": "21.57",
        "200504": "20.52",
        "200505": "19.68",
        "200506": "20.75",
        "200507": "23.76",
        "200508": "22.15",
        "200509": "19.22",
        "200510": "19.04",
        "200511": "18.59",
        "200512": "21.45",
        "200601": "23.21",
        "200602": "21.01",
        "200603": "20.00",
        "200604": "21.62",
        "200605": "20.85",
        "200606": "18.30",
        "200607": "18.76",
        "200608": "18.87",
        "200609": "17.90",
        "200610": "18.50",
        "200611": "18.45",
        "200612": "21.70",
        "200701": "23.63",
        "200702": "23.98",
        "200703": "28.48",
        "200704": "27.90",
        "200705": "23.57",
        "200706": "25.38",
        "200707": "28.51",
        "200708": "25.21",
        "200709": "23.55",
        "200710": "21.36",
        "200711": "19.28",
        "200712": "17.43",
        "200801": "15.10",
        "200802": "13.74",
        "200803": "13.68",
        "200804": "14.75",
        "200805": "14.62",
        "200806": "13.58",
        "200807": "11.20",
        "200808": "11.61",
        "200809": "10.73",
        "200810": "9.49",
        "200811": "7.84",
        "200812": "7.89",
        "200901": "7.60",
        "200902": "7.51",
        "200903": "8.04",
        "200904": "9.12",
        "200905": "9.14",
        "200906": "9.53",
        "200907": "9.49",
        "200908": "9.91",
        "200909": "11.85",
        "200910": "12.35",
        "200911": "14.01",
        "200912": "14.54",
        "201001": "15.32",
        "201002": "14.99",
        "201003": "17.08",
        "201004": "19.67",
        "201005": "16.31",
        "201006": "16.63",
        "201007": "16.24",
        "201008": "15.39",
        "201009": "14.81",
        "201010": "14.34",
        "201011": "13.26",
        "201012": "13.63",
        "201101": "13.29",
        "201102": "13.26",
        "201103": "12.47",
        "201104": "12.34",
        "201105": "12.15",
        "201106": "12.20",
        "201107": "12.03",
        "201108": "10.41",
        "201109": "9.87",
        "201110": "9.52",
        "201111": "10.02",
        "201112": "9.46",
        "201201": "9.23",
        "201202": "10.24",
        "201203": "10.57",
        "201204": "10.65",
        "201205": "10.85",
        "201206": "10.69",
        "201207": "10.80",
        "201208": "10.58",
        "201209": "12.11",
        "201210": "11.87",
        "201211": "11.96",
        "201212": "12.10",
        "201301": "12.12",
        "201302": "11.92",
        "201303": "12.10",
        "201304": "11.80",
        "201305": "12.13",
        "201306": "12.28",
        "201307": "12.26",
        "201308": "11.55",
        "201309": "11.05",
        "201310": "10.95",
        "201311": "10.83",
        "201312": "11.11",
        "201401": "11.83",
        "201402": "14.10",
        "201403": "14.16",
        "201404": "14.10",
        "201405": "14.36",
        "201406": "15.57",
        "201407": "16.43",
        "201408": "15.85",
        "201409": "16.10",
        "201410": "15.25",
        "201411": "15.56",
        "201412": "16.78",
        "201501": "17.80",
        "201502": "18.82",
        "201503": "18.44",
        "201504": "17.04",
        "201505": "15.96",
        "201506": "15.13",
        "201507": "15.05",
        "201508": "13.42",
        "201509": "12.24",
        "201510": "12.23",
        "201511": "12.11",
        "201512": "11.51",
        "201601": "10.80",
        "201602": "11.30",
        "201603": "12.40",
        "201604": "12.91",
        "201605": "12.13",
        "201606": "12.25",
        "201607": "12.57",
        "201608": "11.87",
        "201609": "11.90",
        "201610": "11.81",
        "201611": "11.43",
        "201612": "11.42",
        "201701": "11.74",
        "201702": "11.87",
        "201703": "12.53",
        "201704": "12.82",
        "201705": "12.69",
        "201706": "13.08",
        "201707": "13.14",
        "201708": "12.88",
        "201709": "12.77",
        "201710": "12.55",
        "201711": "12.70",
        "201712": "12.27",
        "201801": "12.27",
        "201802": "12.20",
        "201803": "12.10",
        "201804": "11.89",
        "201805": "12.01",
        "201806": "11.99",
        "201807": "11.93",
        "201808": "11.70",
        "201809": "11.42",
        "201810": "10.67",
        "201811": "10.18",
        "201812": "10.38",
        "201901": "10.25",
        "201902": "10.99",
        "201903": "11.16",
        "201904": "11.36",
        "201905": "11.09",
        "201906": "11.08",
        "201907": "11.19",
        "201908": "11.15",
        "201909": "11.07",
        "201910": "11.10",
        "201911": "11.98",
        "201912": "12.16",
        "202001": "12.00",
        "202002": "11.83",
        "202003": "10.83",
        "202004": "10.73",
        "202005": "10.87",
        "202006": "10.97",
        "202007": "11.24",
        "202008": "11.04",
        "202009": "11.01",
        "202010": "11.18",
        "202011": "11.12",
        "202012": "11.23",
        "202101": "11.28",
        "202102": "11.22",
        "202103": "11.60",
        "202104": "12.53",
        "202105": "12.37",
        "202106": "12.00",
        "202107": "11.52",
        "202108": "11.79",
        "202109": "12.06",
        "202110": "12.07",
        "202111": "13.18",
        "202112": "13.01",
        "202201": "12.84",
        "202202": "12.49",
        "202203": "11.95",
        "202204": "11.73",
        "202205": "11.23",
        "202206": "11.99",
        "202207": "11.86",
        "202208": "11.99",
        "202209": "11.55",
        "202210": "11.13",
        "202211": "11.08",
        "202212": "10.95",
        "202301": "10.93",
        "202302": "11.03",
        "202303": "11.30",
        "202304": "11.16",
        "202305": "11.26"
    },
    "quarters": {
        "20011": {
            "year_quarter": 20011,
            "year": 2001,
            "quarter": 1,
            "eps": 0.38,
            "eps_growth_year": -60.42,
            "eps_4q": 2.18,
            "eps_4q_growth_year": null,
            "roe": 2.65,
            "roe_4q": 2.65,
            "gross_profit": 42895,
            "gross_margin": 29.23,
            "gross_margin_4q_avg": 29.23,
            "net_income": 12367,
            "revenue": 146731,
            "common_shares": 322000,
            "book_valuer_per_share": 14.67,
            "book_valuer_per_share_4q_avg": 14.67,
            "equity": 472287,
            "current_ratio": 262.84,
            "debt_ratio": 24.95,
            "inventory_turnover_ratio": 1.33,
            "account_receivable_turnover_ratio": null,
            "reinvestment_rate": null,
            "research_to_sale_ratio": null,
            "price_fair": 0,
            "eps_avg_yearly": 0,
            "eps_latest_yearly": 0,
            "eps_growth_yearly": 0
        },
        "20012": {
            "year_quarter": 20012,
            "year": 2001,
            "quarter": 2,
            "eps": 0.2,
            "eps_growth_year": -70.59,
            "eps_4q": 1.44,
            "eps_4q_growth_year": -44.17,
            "roe": 1.66,
            "roe_4q": 4.31,
            "gross_profit": 35138,
            "gross_margin": 27.35,
            "gross_margin_4q_avg": 28.29,
            "net_income": 7914,
            "revenue": 128484,
            "common_shares": 322000,
            "book_valuer_per_share": 14.94,
            "book_valuer_per_share_4q_avg": 14.81,
            "equity": 480911,
            "current_ratio": 275.73,
            "debt_ratio": 24.1,
            "inventory_turnover_ratio": 1.23,
            "account_receivable_turnover_ratio": null,
            "reinvestment_rate": null,
            "research_to_sale_ratio": null,
            "price_fair": 0,
            "eps_avg_yearly": 0,
            "eps_latest_yearly": 0,
            "eps_growth_yearly": 0
        },
        "20013": {
            "year_quarter": 20013,
            "year": 2001,
            "quarter": 3,
            "eps": -0.05,
            "eps_growth_year": -107.25,
            "eps_4q": 0.83,
            "eps_4q_growth_year": -67.41,
            "roe": -0.42,
            "roe_4q": 3.8899999999999997,
            "gross_profit": 37232,
            "gross_margin": 24.96,
            "gross_margin_4q_avg": 27.18,
            "net_income": -2009,
            "revenue": 149177,
            "common_shares": 393800,
            "book_valuer_per_share": 12.16,
            "book_valuer_per_share_4q_avg": 13.92,
            "equity": 478952,
            "current_ratio": 264.08,
            "debt_ratio": 25.34,
            "inventory_turnover_ratio": 1.5,
            "account_receivable_turnover_ratio": null,
            "reinvestment_rate": null,
            "research_to_sale_ratio": null,
            "price_fair": 0,
            "eps_avg_yearly": 0,
            "eps_latest_yearly": 0,
            "eps_growth_yearly": 0
        },
        "20014": {
            "year_quarter": 20014,
            "year": 2001,
            "quarter": 4,
            "eps": 0.31,
            "eps_growth_year": -31.11,
            "eps_4q": 0.77,
            "eps_4q_growth_year": -69.85,
            "roe": 2.53,
            "roe_4q": 6.42,
            "gross_profit": 42722,
            "gross_margin": 23.27,
            "gross_margin_4q_avg": 26.2,
            "net_income": 12290,
            "revenue": 183630,
            "common_shares": 393800,
            "book_valuer_per_share": 12.51,
            "book_valuer_per_share_4q_avg": 13.57,
            "equity": 492480,
            "current_ratio": 220.27,
            "debt_ratio": 29.9,
            "inventory_turnover_ratio": 2.09,
            "account_receivable_turnover_ratio": null,
            "reinvestment_rate": null,
            "research_to_sale_ratio": null,
            "price_fair": 0,
            "eps_avg_yearly": 0,
            "eps_latest_yearly": 0,
            "eps_growth_yearly": 0
        },
        "20021": {
            "year_quarter": 20021,
            "year": 2002,
            "quarter": 1,
            "eps": 0.5,
            "eps_growth_year": 31.58,
            "eps_4q": 0.96,
            "eps_4q_growth_year": -55.98,
            "roe": 3.92,
            "roe_4q": 7.6899999999999995,
            "gross_profit": 45757,
            "gross_margin": 33.55,
            "gross_margin_4q_avg": 27.28,
            "net_income": 19700,
            "revenue": 136401,
            "common_shares": 393800,
            "book_valuer_per_share": 13.01,
            "book_valuer_per_share_4q_avg": 13.16,
            "equity": 512180,
            "current_ratio": 292.81,
            "debt_ratio": 22.83,
            "inventory_turnover_ratio": 1.56,
            "account_receivable_turnover_ratio": null,
            "reinvestment_rate": null,
            "research_to_sale_ratio": null,
            "price_fair": 70,
            "eps_avg_yearly": 2,
            "eps_latest_yearly": 2,
            "eps_growth_yearly": 245.16
        },
        "20022": {
            "year_quarter": 20022,
            "year": 2002,
            "quarter": 2,
            "eps": 0.17,
            "eps_growth_year": -15,
            "eps_4q": 0.86,
            "eps_4q_growth_year": -40.57,
            "roe": 1.45,
            "roe_4q": 7.48,
            "gross_profit": 44408,
            "gross_margin": 34.35,
            "gross_margin_4q_avg": 29.03,
            "net_income": 7416,
            "revenue": 129274,
            "common_shares": 393800,
            "book_valuer_per_share": 13.05,
            "book_valuer_per_share_4q_avg": 12.68,
            "equity": 513771,
            "current_ratio": 282.84,
            "debt_ratio": 22.35,
            "inventory_turnover_ratio": 1.41,
            "account_receivable_turnover_ratio": null,
            "reinvestment_rate": null,
            "research_to_sale_ratio": null,
            "price_fair": 4.02,
            "eps_avg_yearly": 1.34,
            "eps_latest_yearly": 0.68,
            "eps_growth_yearly": -9.42
        },
        "20023": {
            "year_quarter": 20023,
            "year": 2002,
            "quarter": 3,
            "eps": 0.28,
            "eps_growth_year": null,
            "eps_4q": 1.19,
            "eps_4q_growth_year": 42.93,
            "roe": 2.32,
            "roe_4q": 10.219999999999999,
            "gross_profit": 42396,
            "gross_margin": 35.04,
            "gross_margin_4q_avg": 31.55,
            "net_income": 12094,
            "revenue": 120980,
            "common_shares": 435930,
            "book_valuer_per_share": 12.18,
            "book_valuer_per_share_4q_avg": 12.69,
            "equity": 530865,
            "current_ratio": 293.89,
            "debt_ratio": 21.62,
            "inventory_turnover_ratio": 1.27,
            "account_receivable_turnover_ratio": null,
            "reinvestment_rate": null,
            "research_to_sale_ratio": null,
            "price_fair": 44.33,
            "eps_avg_yearly": 1.27,
            "eps_latest_yearly": 1.12,
            "eps_growth_yearly": 79.99
        },
        "20024": {
            "year_quarter": 20024,
            "year": 2002,
            "quarter": 4,
            "eps": 0.19,
            "eps_growth_year": -38.71,
            "eps_4q": 1.07,
            "eps_4q_growth_year": 38.82,
            "roe": 1.6,
            "roe_4q": 9.29,
            "gross_profit": 26135,
            "gross_margin": 26.53,
            "gross_margin_4q_avg": 32.37,
            "net_income": 8464,
            "revenue": 98521,
            "common_shares": 435930,
            "book_valuer_per_share": 12.17,
            "book_valuer_per_share_4q_avg": 12.6,
            "equity": 530443,
            "current_ratio": 213.49,
            "debt_ratio": 29.39,
            "inventory_turnover_ratio": 1.08,
            "account_receivable_turnover_ratio": null,
            "reinvestment_rate": null,
            "research_to_sale_ratio": null,
            "price_fair": 39.9,
            "eps_avg_yearly": 1.14,
            "eps_latest_yearly": 0.76,
            "eps_growth_yearly": 27.85
        },
        "20031": {
            "year_quarter": 20031,
            "year": 2003,
            "quarter": 1,
            "eps": 0.36,
            "eps_growth_year": -28,
            "eps_4q": 1.03,
            "eps_4q_growth_year": 6.67,
            "roe": 2.92,
            "roe_4q": 8.29,
            "gross_profit": 19581,
            "gross_margin": 24.64,
            "gross_margin_4q_avg": 30.14,
            "net_income": 15123,
            "revenue": 79457,
            "common_shares": 435930,
            "book_valuer_per_share": 11.6,
            "book_valuer_per_share_4q_avg": 12.25,
            "equity": 505550,
            "current_ratio": 308.74,
            "debt_ratio": 19.38,
            "inventory_turnover_ratio": 0.88,
            "account_receivable_turnover_ratio": null,
            "reinvestment_rate": null,
            "research_to_sale_ratio": null,
            "price_fair": 42,
            "eps_avg_yearly": 1.2,
            "eps_latest_yearly": 1.44,
            "eps_growth_yearly": 93.86
        },
        "20032": {
            "year_quarter": 20032,
            "year": 2003,
            "quarter": 2,
            "eps": 0.3,
            "eps_growth_year": 76.47,
            "eps_4q": 1.16,
            "eps_4q_growth_year": 35.57,
            "roe": 2.43,
            "roe_4q": 9.27,
            "gross_profit": 20374,
            "gross_margin": 24.12,
            "gross_margin_4q_avg": 27.58,
            "net_income": 12415,
            "revenue": 84469,
            "common_shares": 435930,
            "book_valuer_per_share": 11.82,
            "book_valuer_per_share_4q_avg": 11.94,
            "equity": 515328,
            "current_ratio": 337.36,
            "debt_ratio": 18.17,
            "inventory_turnover_ratio": 0.99,
            "account_receivable_turnover_ratio": null,
            "reinvestment_rate": 79.8,
            "research_to_sale_ratio": null,
            "price_fair": 42,
            "eps_avg_yearly": 1.2,
            "eps_latest_yearly": 1.2,
            "eps_growth_yearly": 67.11
        },
        "20033": {
            "year_quarter": 20033,
            "year": 2003,
            "quarter": 3,
            "eps": -0.04,
            "eps_growth_year": -114.29,
            "eps_4q": 0.71,
            "eps_4q_growth_year": -40.46,
            "roe": -0.35,
            "roe_4q": 6.6,
            "gross_profit": 13726,
            "gross_margin": 19.08,
            "gross_margin_4q_avg": 23.59,
            "net_income": -1886,
            "revenue": 71939,
            "common_shares": 480603,
            "book_valuer_per_share": 11.65,
            "book_valuer_per_share_4q_avg": 11.81,
            "equity": 560141,
            "current_ratio": 381.5,
            "debt_ratio": 16.36,
            "inventory_turnover_ratio": 0.82,
            "account_receivable_turnover_ratio": null,
            "reinvestment_rate": -8.77,
            "research_to_sale_ratio": null,
            "price_fair": 42,
            "eps_avg_yearly": 1.2,
            "eps_latest_yearly": 1.2,
            "eps_growth_yearly": 67.11
        },
        "20034": {
            "year_quarter": 20034,
            "year": 2003,
            "quarter": 4,
            "eps": 0.15,
            "eps_growth_year": -21.05,
            "eps_4q": 0.69,
            "eps_4q_growth_year": -35.61,
            "roe": 1.26,
            "roe_4q": 6.26,
            "gross_profit": 27491,
            "gross_margin": 22.49,
            "gross_margin_4q_avg": 22.58,
            "net_income": 7137,
            "revenue": 122225,
            "common_shares": 480603,
            "book_valuer_per_share": 11.83,
            "book_valuer_per_share_4q_avg": 11.73,
            "equity": 568410,
            "current_ratio": 175.56,
            "debt_ratio": 36.3,
            "inventory_turnover_ratio": 1.13,
            "account_receivable_turnover_ratio": null,
            "reinvestment_rate": 54.65,
            "research_to_sale_ratio": null,
            "price_fair": 42,
            "eps_avg_yearly": 1.2,
            "eps_latest_yearly": 1.2,
            "eps_growth_yearly": 67.11
        },
        "20041": {
            "year_quarter": 20041,
            "year": 2004,
            "quarter": 1,
            "eps": 0.04,
            "eps_growth_year": -88.89,
            "eps_4q": 0.39,
            "eps_4q_growth_year": -61.87,
            "roe": 0.35,
            "roe_4q": 3.69,
            "gross_profit": 20662,
            "gross_margin": 19.14,
            "gross_margin_4q_avg": 21.21,
            "net_income": 2012,
            "revenue": 107926,
            "common_shares": 480603,
            "book_valuer_per_share": 11.76,
            "book_valuer_per_share_4q_avg": 11.77,
            "equity": 565382,
            "current_ratio": 346.76,
            "debt_ratio": 17.93,
            "inventory_turnover_ratio": 1.12,
            "account_receivable_turnover_ratio": null,
            "reinvestment_rate": -11.23,
            "research_to_sale_ratio": null,
            "price_fair": 26.93,
            "eps_avg_yearly": 1.05,
            "eps_latest_yearly": 0.16,
            "eps_growth_yearly": 15.62
        },
        "20042": {
            "year_quarter": 20042,
            "year": 2004,
            "quarter": 2,
            "eps": 0.16,
            "eps_growth_year": -46.67,
            "eps_4q": 0.3,
            "eps_4q_growth_year": -74.31,
            "roe": 1.49,
            "roe_4q": 2.7499999999999996,
            "gross_profit": 27465,
            "gross_margin": 22.67,
            "gross_margin_4q_avg": 20.85,
            "net_income": 8386,
            "revenue": 121125,
            "common_shares": 480603,
            "book_valuer_per_share": 11.63,
            "book_valuer_per_share_4q_avg": 11.72,
            "equity": 558878,
            "current_ratio": 293.71,
            "debt_ratio": 20.08,
            "inventory_turnover_ratio": 1.49,
            "account_receivable_turnover_ratio": null,
            "reinvestment_rate": -11.51,
            "research_to_sale_ratio": null,
            "price_fair": 35,
            "eps_avg_yearly": 1,
            "eps_latest_yearly": 0.64,
            "eps_growth_yearly": 163.66
        },
        "20043": {
            "year_quarter": 20043,
            "year": 2004,
            "quarter": 3,
            "eps": 0.45,
            "eps_growth_year": null,
            "eps_4q": 0.79,
            "eps_4q_growth_year": 11.73,
            "roe": 4.11,
            "roe_4q": 7.21,
            "gross_profit": 37338,
            "gross_margin": 23.66,
            "gross_margin_4q_avg": 21.99,
            "net_income": 22995,
            "revenue": 157826,
            "common_shares": 517045,
            "book_valuer_per_share": 10.83,
            "book_valuer_per_share_4q_avg": 11.51,
            "equity": 559806,
            "current_ratio": 237.67,
            "debt_ratio": 24.68,
            "inventory_turnover_ratio": 1.9,
            "account_receivable_turnover_ratio": null,
            "reinvestment_rate": -17.49,
            "research_to_sale_ratio": null,
            "price_fair": 38.11,
            "eps_avg_yearly": 1.09,
            "eps_latest_yearly": 1.8,
            "eps_growth_yearly": 226.03
        },
        "20044": {
            "year_quarter": 20044,
            "year": 2004,
            "quarter": 4,
            "eps": 0.68,
            "eps_growth_year": 353.33,
            "eps_4q": 1.35,
            "eps_4q_growth_year": 95.28,
            "roe": 5.99,
            "roe_4q": 11.940000000000001,
            "gross_profit": 47138,
            "gross_margin": 24.25,
            "gross_margin_4q_avg": 22.43,
            "net_income": 34108,
            "revenue": 194389,
            "common_shares": 517045,
            "book_valuer_per_share": 11.2,
            "book_valuer_per_share_4q_avg": 11.36,
            "equity": 579009,
            "current_ratio": 173.24,
            "debt_ratio": 40.03,
            "inventory_turnover_ratio": 1.89,
            "account_receivable_turnover_ratio": null,
            "reinvestment_rate": 40.3,
            "research_to_sale_ratio": null,
            "price_fair": 43.82,
            "eps_avg_yearly": 1.25,
            "eps_latest_yearly": 2.72,
            "eps_growth_yearly": 223.88
        },
        "20051": {
            "year_quarter": 20051,
            "year": 2005,
            "quarter": 1,
            "eps": 0.37,
            "eps_growth_year": 825,
            "eps_4q": 1.71,
            "eps_4q_growth_year": 336.55,
            "roe": 3.06,
            "roe_4q": 14.65,
            "gross_profit": 35478,
            "gross_margin": 21.28,
            "gross_margin_4q_avg": 22.97,
            "net_income": 18112,
            "revenue": 166690,
            "common_shares": 517045,
            "book_valuer_per_share": 11.68,
            "book_valuer_per_share_4q_avg": 11.34,
            "equity": 603753,
            "current_ratio": 233.86,
            "debt_ratio": 25.42,
            "inventory_turnover_ratio": 1.6,
            "account_receivable_turnover_ratio": null,
            "reinvestment_rate": -8.29,
            "research_to_sale_ratio": null,
            "price_fair": 44.55,
            "eps_avg_yearly": 1.27,
            "eps_latest_yearly": 1.48,
            "eps_growth_yearly": 186.95
        },
        "20052": {
            "year_quarter": 20052,
            "year": 2005,
            "quarter": 2,
            "eps": 0.43,
            "eps_growth_year": 168.75,
            "eps_4q": 1.97,
            "eps_4q_growth_year": 558.23,
            "roe": 3.43,
            "roe_4q": 16.59,
            "gross_profit": 42698,
            "gross_margin": 22.16,
            "gross_margin_4q_avg": 22.84,
            "net_income": 21066,
            "revenue": 192671,
            "common_shares": 517045,
            "book_valuer_per_share": 12.06,
            "book_valuer_per_share_4q_avg": 11.44,
            "equity": 623612,
            "current_ratio": 220.58,
            "debt_ratio": 27.11,
            "inventory_turnover_ratio": 2.04,
            "account_receivable_turnover_ratio": null,
            "reinvestment_rate": -7.68,
            "research_to_sale_ratio": null,
            "price_fair": 45.85,
            "eps_avg_yearly": 1.31,
            "eps_latest_yearly": 1.72,
            "eps_growth_yearly": 176.77
        },
        "20053": {
            "year_quarter": 20053,
            "year": 2005,
            "quarter": 3,
            "eps": 0.23,
            "eps_growth_year": -48.89,
            "eps_4q": 1.6,
            "eps_4q_growth_year": 101.68,
            "roe": 1.93,
            "roe_4q": 14.41,
            "gross_profit": 28793,
            "gross_margin": 19.04,
            "gross_margin_4q_avg": 21.68,
            "net_income": 12307,
            "revenue": 151256,
            "common_shares": 566419,
            "book_valuer_per_share": 11.55,
            "book_valuer_per_share_4q_avg": 11.62,
            "equity": 654085,
            "current_ratio": 236.54,
            "debt_ratio": 24.64,
            "inventory_turnover_ratio": 1.63,
            "account_receivable_turnover_ratio": null,
            "reinvestment_rate": -6.65,
            "research_to_sale_ratio": null,
            "price_fair": 44.8,
            "eps_avg_yearly": 1.28,
            "eps_latest_yearly": 0.92,
            "eps_growth_yearly": 148.86
        },
        "20054": {
            "year_quarter": 20054,
            "year": 2005,
            "quarter": 4,
            "eps": 0.67,
            "eps_growth_year": -1.47,
            "eps_4q": 1.62,
            "eps_4q_growth_year": 20.74,
            "roe": 5.38,
            "roe_4q": 13.8,
            "gross_profit": 66523,
            "gross_margin": 30.25,
            "gross_margin_4q_avg": 23.18,
            "net_income": 36128,
            "revenue": 219907,
            "common_shares": 566419,
            "book_valuer_per_share": 12.16,
            "book_valuer_per_share_4q_avg": 11.86,
            "equity": 688559,
            "current_ratio": 150.63,
            "debt_ratio": 45.27,
            "inventory_turnover_ratio": 1.64,
            "account_receivable_turnover_ratio": null,
            "reinvestment_rate": 59.41,
            "research_to_sale_ratio": null,
            "price_fair": 48.3,
            "eps_avg_yearly": 1.38,
            "eps_latest_yearly": 2.68,
            "eps_growth_yearly": 192.89
        },
        "20061": {
            "year_quarter": 20061,
            "year": 2006,
            "quarter": 1,
            "eps": 0.45,
            "eps_growth_year": 21.62,
            "eps_4q": 1.72,
            "eps_4q_growth_year": 0.91,
            "roe": 3.51,
            "roe_4q": 14.25,
            "gross_profit": 37044,
            "gross_margin": 21.17,
            "gross_margin_4q_avg": 23.16,
            "net_income": 24560,
            "revenue": 174995,
            "common_shares": 566419,
            "book_valuer_per_share": 12.56,
            "book_valuer_per_share_4q_avg": 12.08,
            "equity": 711628,
            "current_ratio": 258.73,
            "debt_ratio": 23.84,
            "inventory_turnover_ratio": 1.42,
            "account_receivable_turnover_ratio": null,
            "reinvestment_rate": -6.1,
            "research_to_sale_ratio": null,
            "price_fair": 47.8,
            "eps_avg_yearly": 1.37,
            "eps_latest_yearly": 1.8,
            "eps_growth_yearly": 166
        },
        "20062": {
            "year_quarter": 20062,
            "year": 2006,
            "quarter": 2,
            "eps": 0.38,
            "eps_growth_year": -11.63,
            "eps_4q": 1.71,
            "eps_4q_growth_year": -12.82,
            "roe": 2.94,
            "roe_4q": 13.759999999999998,
            "gross_profit": 31879,
            "gross_margin": 19.14,
            "gross_margin_4q_avg": 22.4,
            "net_income": 20803,
            "revenue": 166546,
            "common_shares": 566419,
            "book_valuer_per_share": 12.43,
            "book_valuer_per_share_4q_avg": 12.18,
            "equity": 703893,
            "current_ratio": 232.74,
            "debt_ratio": 25.73,
            "inventory_turnover_ratio": 1.69,
            "account_receivable_turnover_ratio": null,
            "reinvestment_rate": -8.69,
            "research_to_sale_ratio": null,
            "price_fair": 49.9,
            "eps_avg_yearly": 1.43,
            "eps_latest_yearly": 1.52,
            "eps_growth_yearly": 180.41
        },
        "20063": {
            "year_quarter": 20063,
            "year": 2006,
            "quarter": 3,
            "eps": 0.4,
            "eps_growth_year": 73.91,
            "eps_4q": 1.78,
            "eps_4q_growth_year": 11.12,
            "roe": 3.28,
            "roe_4q": 15.11,
            "gross_profit": 42486,
            "gross_margin": 20.79,
            "gross_margin_4q_avg": 22.84,
            "net_income": 23665,
            "revenue": 204346,
            "common_shares": 611889,
            "book_valuer_per_share": 12.05,
            "book_valuer_per_share_4q_avg": 12.3,
            "equity": 737089,
            "current_ratio": 238.08,
            "debt_ratio": 25.48,
            "inventory_turnover_ratio": 2,
            "account_receivable_turnover_ratio": null,
            "reinvestment_rate": -8.02,
            "research_to_sale_ratio": null,
            "price_fair": 51.1,
            "eps_avg_yearly": 1.46,
            "eps_latest_yearly": 1.6,
            "eps_growth_yearly": 163.42
        },
        "20064": {
            "year_quarter": 20064,
            "year": 2006,
            "quarter": 4,
            "eps": 0.47,
            "eps_growth_year": -29.85,
            "eps_4q": 1.65,
            "eps_4q_growth_year": 1.27,
            "roe": 3.58,
            "roe_4q": 13.309999999999999,
            "gross_profit": 58818,
            "gross_margin": 21.31,
            "gross_margin_4q_avg": 20.6,
            "net_income": 27602,
            "revenue": 276024,
            "common_shares": 611889,
            "book_valuer_per_share": 13.17,
            "book_valuer_per_share_4q_avg": 12.55,
            "equity": 806102,
            "current_ratio": 160.85,
            "debt_ratio": 44,
            "inventory_turnover_ratio": 2.02,
            "account_receivable_turnover_ratio": null,
            "reinvestment_rate": 58.06,
            "research_to_sale_ratio": null,
            "price_fair": 53.9,
            "eps_avg_yearly": 1.54,
            "eps_latest_yearly": 1.88,
            "eps_growth_yearly": 177.61
        },
        "20071": {
            "year_quarter": 20071,
            "year": 2007,
            "quarter": 1,
            "eps": 0.4,
            "eps_growth_year": -11.11,
            "eps_4q": 1.58,
            "eps_4q_growth_year": -8.46,
            "roe": 2.98,
            "roe_4q": 12.78,
            "gross_profit": 52709,
            "gross_margin": 20.06,
            "gross_margin_4q_avg": 20.33,
            "net_income": 24478,
            "revenue": 262741,
            "common_shares": 611889,
            "book_valuer_per_share": 13.71,
            "book_valuer_per_share_4q_avg": 12.84,
            "equity": 838933,
            "current_ratio": 222.76,
            "debt_ratio": 28.54,
            "inventory_turnover_ratio": 1.85,
            "account_receivable_turnover_ratio": null,
            "reinvestment_rate": -5.73,
            "research_to_sale_ratio": null,
            "price_fair": 54.3,
            "eps_avg_yearly": 1.55,
            "eps_latest_yearly": 1.6,
            "eps_growth_yearly": 147.79
        },
        "20072": {
            "year_quarter": 20072,
            "year": 2007,
            "quarter": 2,
            "eps": 0.15,
            "eps_growth_year": -60.53,
            "eps_4q": 1.35,
            "eps_4q_growth_year": -21.28,
            "roe": 1.15,
            "roe_4q": 10.99,
            "gross_profit": 38654,
            "gross_margin": 18.13,
            "gross_margin_4q_avg": 20.07,
            "net_income": 9478,
            "revenue": 213155,
            "common_shares": 611889,
            "book_valuer_per_share": 13.28,
            "book_valuer_per_share_4q_avg": 13.05,
            "equity": 812553,
            "current_ratio": 215.73,
            "debt_ratio": 28.46,
            "inventory_turnover_ratio": 1.94,
            "account_receivable_turnover_ratio": null,
            "reinvestment_rate": -5.15,
            "research_to_sale_ratio": null,
            "price_fair": 52.8,
            "eps_avg_yearly": 1.51,
            "eps_latest_yearly": 0.6,
            "eps_growth_yearly": 134.69
        },
        "20073": {
            "year_quarter": 20073,
            "year": 2007,
            "quarter": 3,
            "eps": 0.23,
            "eps_growth_year": -42.5,
            "eps_4q": 1.16,
            "eps_4q_growth_year": -34.47,
            "roe": 1.84,
            "roe_4q": 9.55,
            "gross_profit": 45091,
            "gross_margin": 21.44,
            "gross_margin_4q_avg": 20.24,
            "net_income": 15148,
            "revenue": 210292,
            "common_shares": 663221,
            "book_valuer_per_share": 12.51,
            "book_valuer_per_share_4q_avg": 13.17,
            "equity": 829979,
            "current_ratio": 237.8,
            "debt_ratio": 26.04,
            "inventory_turnover_ratio": 1.79,
            "account_receivable_turnover_ratio": null,
            "reinvestment_rate": -4.51,
            "research_to_sale_ratio": null,
            "price_fair": 51.43,
            "eps_avg_yearly": 1.47,
            "eps_latest_yearly": 0.92,
            "eps_growth_yearly": 139.94
        },
        "20074": {
            "year_quarter": 20074,
            "year": 2007,
            "quarter": 4,
            "eps": 0.29,
            "eps_growth_year": -38.3,
            "eps_4q": 1.03,
            "eps_4q_growth_year": -37.3,
            "roe": 2.28,
            "roe_4q": 8.25,
            "gross_profit": 52495,
            "gross_margin": 21.64,
            "gross_margin_4q_avg": 20.32,
            "net_income": 19201,
            "revenue": 242571,
            "common_shares": 663221,
            "book_valuer_per_share": 12.88,
            "book_valuer_per_share_4q_avg": 13.1,
            "equity": 854302,
            "current_ratio": 169.01,
            "debt_ratio": 40.5,
            "inventory_turnover_ratio": 1.68,
            "account_receivable_turnover_ratio": null,
            "reinvestment_rate": 46.94,
            "research_to_sale_ratio": null,
            "price_fair": 50.75,
            "eps_avg_yearly": 1.45,
            "eps_latest_yearly": 1.16,
            "eps_growth_yearly": 137.71
        },
        "20081": {
            "year_quarter": 20081,
            "year": 2008,
            "quarter": 1,
            "eps": 0.08,
            "eps_growth_year": -80,
            "eps_4q": 0.71,
            "eps_4q_growth_year": -54.76,
            "roe": 0.65,
            "roe_4q": 5.92,
            "gross_profit": 56170,
            "gross_margin": 16.21,
            "gross_margin_4q_avg": 19.36,
            "net_income": 5533,
            "revenue": 346565,
            "common_shares": 663221,
            "book_valuer_per_share": 12.76,
            "book_valuer_per_share_4q_avg": 12.86,
            "equity": 846449,
            "current_ratio": 171.25,
            "debt_ratio": 39.22,
            "inventory_turnover_ratio": 2.36,
            "account_receivable_turnover_ratio": null,
            "reinvestment_rate": 90.15,
            "research_to_sale_ratio": null,
            "price_fair": 51.1,
            "eps_avg_yearly": 1.46,
            "eps_latest_yearly": 0.32,
            "eps_growth_yearly": 137.94
        },
        "20082": {
            "year_quarter": 20082,
            "year": 2008,
            "quarter": 2,
            "eps": 0.14,
            "eps_growth_year": -6.67,
            "eps_4q": 0.73,
            "eps_4q_growth_year": -46.1,
            "roe": 1.14,
            "roe_4q": 5.91,
            "gross_profit": 47110,
            "gross_margin": 13.46,
            "gross_margin_4q_avg": 18.19,
            "net_income": 9513,
            "revenue": 349883,
            "common_shares": 663221,
            "book_valuer_per_share": 12.44,
            "book_valuer_per_share_4q_avg": 12.65,
            "equity": 825202,
            "current_ratio": 161.87,
            "debt_ratio": 41.35,
            "inventory_turnover_ratio": 2.41,
            "account_receivable_turnover_ratio": null,
            "reinvestment_rate": 89.52,
            "research_to_sale_ratio": null,
            "price_fair": 50.93,
            "eps_avg_yearly": 1.46,
            "eps_latest_yearly": 0.56,
            "eps_growth_yearly": 81.69
        },
        "20083": {
            "year_quarter": 20083,
            "year": 2008,
            "quarter": 3,
            "eps": 0.17,
            "eps_growth_year": -26.09,
            "eps_4q": 0.67,
            "eps_4q_growth_year": -42.7,
            "roe": 1.43,
            "roe_4q": 5.5,
            "gross_profit": 55143,
            "gross_margin": 17.58,
            "gross_margin_4q_avg": 17.22,
            "net_income": 11705,
            "revenue": 313597,
            "common_shares": 689257,
            "book_valuer_per_share": 11.86,
            "book_valuer_per_share_4q_avg": 12.49,
            "equity": 817440,
            "current_ratio": 167.89,
            "debt_ratio": 39.22,
            "inventory_turnover_ratio": 1.94,
            "account_receivable_turnover_ratio": null,
            "reinvestment_rate": 96.27,
            "research_to_sale_ratio": null,
            "price_fair": 48.48,
            "eps_avg_yearly": 1.39,
            "eps_latest_yearly": 0.68,
            "eps_growth_yearly": 41.74
        },
        "20084": {
            "year_quarter": 20084,
            "year": 2008,
            "quarter": 4,
            "eps": 0.48,
            "eps_growth_year": 65.52,
            "eps_4q": 0.88,
            "eps_4q_growth_year": -14.61,
            "roe": 3.88,
            "roe_4q": 7.1,
            "gross_profit": 84309,
            "gross_margin": 23.38,
            "gross_margin_4q_avg": 17.66,
            "net_income": 32026,
            "revenue": 360590,
            "common_shares": 689257,
            "book_valuer_per_share": 12.12,
            "book_valuer_per_share_4q_avg": 12.3,
            "equity": 835164,
            "current_ratio": 191.73,
            "debt_ratio": 33.55,
            "inventory_turnover_ratio": 2.22,
            "account_receivable_turnover_ratio": 1.7,
            "reinvestment_rate": 50.64,
            "research_to_sale_ratio": null,
            "price_fair": 46.73,
            "eps_avg_yearly": 1.34,
            "eps_latest_yearly": 1.92,
            "eps_growth_yearly": 74.55
        },
        "20091": {
            "year_quarter": 20091,
            "year": 2009,
            "quarter": 1,
            "eps": 0.02,
            "eps_growth_year": -75,
            "eps_4q": 1.14,
            "eps_4q_growth_year": 59.86,
            "roe": 0.11,
            "roe_4q": 6.56,
            "gross_profit": 25752,
            "gross_margin": 12.81,
            "gross_margin_4q_avg": 16.81,
            "net_income": 950,
            "revenue": 201056,
            "common_shares": 689257,
            "book_valuer_per_share": 12.35,
            "book_valuer_per_share_4q_avg": 12.19,
            "equity": 851326,
            "current_ratio": 258.19,
            "debt_ratio": 24.98,
            "inventory_turnover_ratio": 1.74,
            "account_receivable_turnover_ratio": 0.56,
            "reinvestment_rate": 100.36,
            "research_to_sale_ratio": null,
            "price_fair": 43.66,
            "eps_avg_yearly": 1.25,
            "eps_latest_yearly": 0.08,
            "eps_growth_yearly": 61.99
        },
        "20092": {
            "year_quarter": 20092,
            "year": 2009,
            "quarter": 2,
            "eps": 0.17,
            "eps_growth_year": 21.43,
            "eps_4q": 0.91,
            "eps_4q_growth_year": 24.59,
            "roe": 1.23,
            "roe_4q": 6.6499999999999995,
            "gross_profit": 39389,
            "gross_margin": 18.35,
            "gross_margin_4q_avg": 18.03,
            "net_income": 10325,
            "revenue": 214633,
            "common_shares": 689257,
            "book_valuer_per_share": 12.03,
            "book_valuer_per_share_4q_avg": 12.09,
            "equity": 829362,
            "current_ratio": 243.46,
            "debt_ratio": 26.48,
            "inventory_turnover_ratio": 2.09,
            "account_receivable_turnover_ratio": 0.74,
            "reinvestment_rate": 98.03,
            "research_to_sale_ratio": null,
            "price_fair": 41.39,
            "eps_avg_yearly": 1.18,
            "eps_latest_yearly": 0.68,
            "eps_growth_yearly": 245.43
        },
        "20093": {
            "year_quarter": 20093,
            "year": 2009,
            "quarter": 3,
            "eps": 0.07,
            "eps_growth_year": -58.82,
            "eps_4q": 0.74,
            "eps_4q_growth_year": 10.24,
            "roe": 0.55,
            "roe_4q": 5.77,
            "gross_profit": 38361,
            "gross_margin": 17.94,
            "gross_margin_4q_avg": 18.12,
            "net_income": 4553,
            "revenue": 213828,
            "common_shares": 720320,
            "book_valuer_per_share": 11.5,
            "book_valuer_per_share_4q_avg": 12,
            "equity": 828632,
            "current_ratio": 247.73,
            "debt_ratio": 27.32,
            "inventory_turnover_ratio": 1.91,
            "account_receivable_turnover_ratio": 0.74,
            "reinvestment_rate": 96.04,
            "research_to_sale_ratio": null,
            "price_fair": 39.99,
            "eps_avg_yearly": 1.14,
            "eps_latest_yearly": 0.28,
            "eps_growth_yearly": 242.35
        },
        "20094": {
            "year_quarter": 20094,
            "year": 2009,
            "quarter": 4,
            "eps": 0.15,
            "eps_growth_year": -68.75,
            "eps_4q": 0.36,
            "eps_4q_growth_year": -58.81,
            "roe": 1.19,
            "roe_4q": 3.0799999999999996,
            "gross_profit": 59387,
            "gross_margin": 22.22,
            "gross_margin_4q_avg": 17.83,
            "net_income": 10307,
            "revenue": 267328,
            "common_shares": 720320,
            "book_valuer_per_share": 12.54,
            "book_valuer_per_share_4q_avg": 12.11,
            "equity": 903077,
            "current_ratio": 260.51,
            "debt_ratio": 28,
            "inventory_turnover_ratio": 1.93,
            "account_receivable_turnover_ratio": 1.54,
            "reinvestment_rate": 169.5,
            "research_to_sale_ratio": null,
            "price_fair": 35.44,
            "eps_avg_yearly": 1.01,
            "eps_latest_yearly": 0.6,
            "eps_growth_yearly": 223.1
        },
        "20101": {
            "year_quarter": 20101,
            "year": 2010,
            "quarter": 1,
            "eps": 0.01,
            "eps_growth_year": -50,
            "eps_4q": 0.36,
            "eps_4q_growth_year": -68.16,
            "roe": 0.11,
            "roe_4q": 3.08,
            "gross_profit": 36621,
            "gross_margin": 15.24,
            "gross_margin_4q_avg": 18.44,
            "net_income": 985,
            "revenue": 240342,
            "common_shares": 720320,
            "book_valuer_per_share": 12.48,
            "book_valuer_per_share_4q_avg": 12.14,
            "equity": 899289,
            "current_ratio": 287.1,
            "debt_ratio": 26.05,
            "inventory_turnover_ratio": 1.93,
            "account_receivable_turnover_ratio": 0.7,
            "reinvestment_rate": 279.82,
            "research_to_sale_ratio": 1.07,
            "price_fair": 31.59,
            "eps_avg_yearly": 0.9,
            "eps_latest_yearly": 0.04,
            "eps_growth_yearly": 207.97
        },
        "20102": {
            "year_quarter": 20102,
            "year": 2010,
            "quarter": 2,
            "eps": 0.19,
            "eps_growth_year": 14.13,
            "eps_4q": 0.41,
            "eps_4q_growth_year": -54.29,
            "roe": 1.57,
            "roe_4q": 3.42,
            "gross_profit": 50018,
            "gross_margin": 18.62,
            "gross_margin_4q_avg": 18.51,
            "net_income": 13976,
            "revenue": 268654,
            "common_shares": 720320,
            "book_valuer_per_share": 12.26,
            "book_valuer_per_share_4q_avg": 12.2,
            "equity": 883129,
            "current_ratio": 245.39,
            "debt_ratio": 29.95,
            "inventory_turnover_ratio": 2.17,
            "account_receivable_turnover_ratio": 0.76,
            "reinvestment_rate": 295.34,
            "research_to_sale_ratio": 1.06,
            "price_fair": 29.93,
            "eps_avg_yearly": 0.86,
            "eps_latest_yearly": 0.76,
            "eps_growth_yearly": 661.86
        },
        "20103": {
            "year_quarter": 20103,
            "year": 2010,
            "quarter": 3,
            "eps": 0.22,
            "eps_growth_year": 218.51,
            "eps_4q": 0.57,
            "eps_4q_growth_year": -22.02,
            "roe": 1.81,
            "roe_4q": 4.68,
            "gross_profit": 67631,
            "gross_margin": 23.32,
            "gross_margin_4q_avg": 19.85,
            "net_income": 16060,
            "revenue": 290027,
            "common_shares": 720320,
            "book_valuer_per_share": 12.37,
            "book_valuer_per_share_4q_avg": 12.41,
            "equity": 890854,
            "current_ratio": 270.07,
            "debt_ratio": 27.91,
            "inventory_turnover_ratio": 2.17,
            "account_receivable_turnover_ratio": 0.77,
            "reinvestment_rate": 300.64,
            "research_to_sale_ratio": 1.11,
            "price_fair": 28.35,
            "eps_avg_yearly": 0.81,
            "eps_latest_yearly": 0.88,
            "eps_growth_yearly": 664.49
        },
        "20104": {
            "year_quarter": 20104,
            "year": 2010,
            "quarter": 4,
            "eps": 0.35,
            "eps_growth_year": 133.2,
            "eps_4q": 0.78,
            "eps_4q_growth_year": 115.11,
            "roe": 2.82,
            "roe_4q": 6.3100000000000005,
            "gross_profit": 76940,
            "gross_margin": 25.18,
            "gross_margin_4q_avg": 20.59,
            "net_income": 25197,
            "revenue": 305500,
            "common_shares": 720320,
            "book_valuer_per_share": 12.43,
            "book_valuer_per_share_4q_avg": 12.39,
            "equity": 895203,
            "current_ratio": 276.59,
            "debt_ratio": 28.33,
            "inventory_turnover_ratio": 2.21,
            "account_receivable_turnover_ratio": 0.8,
            "reinvestment_rate": 166.59,
            "research_to_sale_ratio": 1.07,
            "price_fair": 27.3,
            "eps_avg_yearly": 0.78,
            "eps_latest_yearly": 1.4,
            "eps_growth_yearly": 674.89
        },
        "20111": {
            "year_quarter": 20111,
            "year": 2011,
            "quarter": 1,
            "eps": 0.09,
            "eps_growth_year": 800,
            "eps_4q": 0.86,
            "eps_4q_growth_year": 136.63,
            "roe": 0.74,
            "roe_4q": 6.9399999999999995,
            "gross_profit": 52758,
            "gross_margin": 20.77,
            "gross_margin_4q_avg": 21.97,
            "net_income": 6693,
            "revenue": 253979,
            "common_shares": 720320,
            "book_valuer_per_share": 12.55,
            "book_valuer_per_share_4q_avg": 12.4,
            "equity": 904305,
            "current_ratio": 298.88,
            "debt_ratio": 26.89,
            "inventory_turnover_ratio": 1.84,
            "account_receivable_turnover_ratio": 0.71,
            "reinvestment_rate": 317.01,
            "research_to_sale_ratio": 1.19,
            "price_fair": 24.59,
            "eps_avg_yearly": 0.7,
            "eps_latest_yearly": 0.36,
            "eps_growth_yearly": 660.04
        },
        "20112": {
            "year_quarter": 20112,
            "year": 2011,
            "quarter": 2,
            "eps": 0.16,
            "eps_growth_year": -18.64,
            "eps_4q": 0.82,
            "eps_4q_growth_year": 98.92,
            "roe": 1.28,
            "roe_4q": 6.65,
            "gross_profit": 55692,
            "gross_margin": 22.49,
            "gross_margin_4q_avg": 22.94,
            "net_income": 11371,
            "revenue": 247605,
            "common_shares": 720320,
            "book_valuer_per_share": 12.04,
            "book_valuer_per_share_4q_avg": 12.35,
            "equity": 867302,
            "current_ratio": 251.25,
            "debt_ratio": 31.22,
            "inventory_turnover_ratio": 1.53,
            "account_receivable_turnover_ratio": 0.76,
            "reinvestment_rate": 309.94,
            "research_to_sale_ratio": 1.2,
            "price_fair": 24.68,
            "eps_avg_yearly": 0.71,
            "eps_latest_yearly": 0.64,
            "eps_growth_yearly": 695.11
        },
        "20113": {
            "year_quarter": 20113,
            "year": 2011,
            "quarter": 3,
            "eps": 0.13,
            "eps_growth_year": -40.49,
            "eps_4q": 0.73,
            "eps_4q_growth_year": 27.8,
            "roe": 1.08,
            "roe_4q": 5.92,
            "gross_profit": 52505,
            "gross_margin": 20.23,
            "gross_margin_4q_avg": 22.17,
            "net_income": 9557,
            "revenue": 259549,
            "common_shares": 720320,
            "book_valuer_per_share": 12.58,
            "book_valuer_per_share_4q_avg": 12.4,
            "equity": 905888,
            "current_ratio": 283.92,
            "debt_ratio": 27.72,
            "inventory_turnover_ratio": 1.5,
            "account_receivable_turnover_ratio": 0.82,
            "reinvestment_rate": 341.55,
            "research_to_sale_ratio": 1.1,
            "price_fair": 23.8,
            "eps_avg_yearly": 0.68,
            "eps_latest_yearly": 0.52,
            "eps_growth_yearly": 677.09
        },
        "20114": {
            "year_quarter": 20114,
            "year": 2011,
            "quarter": 4,
            "eps": 0.36,
            "eps_growth_year": 3.94,
            "eps_4q": 0.75,
            "eps_4q_growth_year": -4.28,
            "roe": 2.86,
            "roe_4q": 5.96,
            "gross_profit": 74224,
            "gross_margin": 24.01,
            "gross_margin_4q_avg": 21.88,
            "net_income": 26191,
            "revenue": 309075,
            "common_shares": 720320,
            "book_valuer_per_share": 12.88,
            "book_valuer_per_share_4q_avg": 12.51,
            "equity": 928087,
            "current_ratio": 296.16,
            "debt_ratio": 27.36,
            "inventory_turnover_ratio": 1.8,
            "account_receivable_turnover_ratio": 0.88,
            "reinvestment_rate": 182.81,
            "research_to_sale_ratio": 1.05,
            "price_fair": 24.41,
            "eps_avg_yearly": 0.7,
            "eps_latest_yearly": 1.44,
            "eps_growth_yearly": 714.8
        },
        "20121": {
            "year_quarter": 20121,
            "year": 2012,
            "quarter": 1,
            "eps": 0.23,
            "eps_growth_year": 155.56,
            "eps_4q": 0.89,
            "eps_4q_growth_year": 3.36,
            "roe": 1.81,
            "roe_4q": 7.03,
            "gross_profit": 56644,
            "gross_margin": 20.97,
            "gross_margin_4q_avg": 21.93,
            "net_income": 16889,
            "revenue": 270071,
            "common_shares": 720320,
            "book_valuer_per_share": 12.97,
            "book_valuer_per_share_4q_avg": 12.62,
            "equity": 934596,
            "current_ratio": 327.02,
            "debt_ratio": 25.79,
            "inventory_turnover_ratio": 1.78,
            "account_receivable_turnover_ratio": 0.74,
            "reinvestment_rate": 160.38,
            "research_to_sale_ratio": 1.09,
            "price_fair": 25.73,
            "eps_avg_yearly": 0.74,
            "eps_latest_yearly": 0.92,
            "eps_growth_yearly": 723.88
        },
        "20122": {
            "year_quarter": 20122,
            "year": 2012,
            "quarter": 2,
            "eps": 0.28,
            "eps_growth_year": 77.73,
            "eps_4q": 1.01,
            "eps_4q_growth_year": 22.8,
            "roe": 2.19,
            "roe_4q": 7.9399999999999995,
            "gross_profit": 57296,
            "gross_margin": 23.87,
            "gross_margin_4q_avg": 22.27,
            "net_income": 20210,
            "revenue": 239986,
            "common_shares": 720320,
            "book_valuer_per_share": 12.61,
            "book_valuer_per_share_4q_avg": 12.76,
            "equity": 908544,
            "current_ratio": 290.91,
            "debt_ratio": 28.63,
            "inventory_turnover_ratio": 1.37,
            "account_receivable_turnover_ratio": 0.71,
            "reinvestment_rate": 156.74,
            "research_to_sale_ratio": 1.31,
            "price_fair": 26.95,
            "eps_avg_yearly": 0.77,
            "eps_latest_yearly": 1.12,
            "eps_growth_yearly": 710.56
        },
        "20123": {
            "year_quarter": 20123,
            "year": 2012,
            "quarter": 3,
            "eps": 0.35,
            "eps_growth_year": 165.87,
            "eps_4q": 1.23,
            "eps_4q_growth_year": 67.93,
            "roe": 2.77,
            "roe_4q": 9.629999999999999,
            "gross_profit": 63474,
            "gross_margin": 23.42,
            "gross_margin_4q_avg": 23.07,
            "net_income": 25409,
            "revenue": 271046,
            "common_shares": 720320,
            "book_valuer_per_share": 12.84,
            "book_valuer_per_share_4q_avg": 12.83,
            "equity": 924728,
            "current_ratio": 339.09,
            "debt_ratio": 25.77,
            "inventory_turnover_ratio": 1.38,
            "account_receivable_turnover_ratio": 0.83,
            "reinvestment_rate": 139.86,
            "research_to_sale_ratio": 1.23,
            "price_fair": 28.53,
            "eps_avg_yearly": 0.82,
            "eps_latest_yearly": 1.4,
            "eps_growth_yearly": 711.46
        },
        "20124": {
            "year_quarter": 20124,
            "year": 2012,
            "quarter": 4,
            "eps": 0.15,
            "eps_growth_year": -58.29,
            "eps_4q": 1.02,
            "eps_4q_growth_year": 36.46,
            "roe": 1.18,
            "roe_4q": 7.950000000000001,
            "gross_profit": 62708,
            "gross_margin": 22.06,
            "gross_margin_4q_avg": 22.58,
            "net_income": 10924,
            "revenue": 284216,
            "common_shares": 720320,
            "book_valuer_per_share": 12.93,
            "book_valuer_per_share_4q_avg": 12.84,
            "equity": 931449,
            "current_ratio": 337,
            "debt_ratio": 25.53,
            "inventory_turnover_ratio": 1.84,
            "account_receivable_turnover_ratio": 0.8,
            "reinvestment_rate": 175.74,
            "research_to_sale_ratio": 1.18,
            "price_fair": 25.64,
            "eps_avg_yearly": 0.73,
            "eps_latest_yearly": 0.6,
            "eps_growth_yearly": 651.58
        },
        "20131": {
            "year_quarter": 20131,
            "year": 2013,
            "quarter": 1,
            "eps": 0.22,
            "eps_growth_year": -4.35,
            "eps_4q": 1.01,
            "eps_4q_growth_year": 13.45,
            "roe": 1.71,
            "roe_4q": 7.85,
            "gross_profit": 52000,
            "gross_margin": 23.92,
            "gross_margin_4q_avg": 23.32,
            "net_income": 16071,
            "revenue": 217381,
            "common_shares": 720320,
            "book_valuer_per_share": 13.12,
            "book_valuer_per_share_4q_avg": 12.88,
            "equity": 945320,
            "current_ratio": 401.46,
            "debt_ratio": 24.28,
            "inventory_turnover_ratio": 1.67,
            "account_receivable_turnover_ratio": 0.66,
            "reinvestment_rate": -23.65,
            "research_to_sale_ratio": 1.47,
            "price_fair": 27.39,
            "eps_avg_yearly": 0.78,
            "eps_latest_yearly": 0.88,
            "eps_growth_yearly": 687.21
        },
        "20132": {
            "year_quarter": 20132,
            "year": 2013,
            "quarter": 2,
            "eps": 0.15,
            "eps_growth_year": -46.54,
            "eps_4q": 0.88,
            "eps_4q_growth_year": -12.95,
            "roe": 1.19,
            "roe_4q": 6.85,
            "gross_profit": 50688,
            "gross_margin": 22.57,
            "gross_margin_4q_avg": 22.99,
            "net_income": 11009,
            "revenue": 224551,
            "common_shares": 720320,
            "book_valuer_per_share": 12.56,
            "book_valuer_per_share_4q_avg": 12.86,
            "equity": 904860,
            "current_ratio": 317.33,
            "debt_ratio": 28.41,
            "inventory_turnover_ratio": 1.67,
            "account_receivable_turnover_ratio": 0.82,
            "reinvestment_rate": -13.44,
            "research_to_sale_ratio": 1.55,
            "price_fair": 27.21,
            "eps_avg_yearly": 0.78,
            "eps_latest_yearly": 0.6,
            "eps_growth_yearly": 491.75
        },
        "20133": {
            "year_quarter": 20133,
            "year": 2013,
            "quarter": 3,
            "eps": 0.14,
            "eps_growth_year": -60.31,
            "eps_4q": 0.67,
            "eps_4q_growth_year": -45.55,
            "roe": 1.13,
            "roe_4q": 5.209999999999999,
            "gross_profit": 42968,
            "gross_margin": 22.41,
            "gross_margin_4q_avg": 22.74,
            "net_income": 10296,
            "revenue": 191750,
            "common_shares": 720320,
            "book_valuer_per_share": 12.64,
            "book_valuer_per_share_4q_avg": 12.81,
            "equity": 910524,
            "current_ratio": 426.23,
            "debt_ratio": 23.51,
            "inventory_turnover_ratio": 1.46,
            "account_receivable_turnover_ratio": 0.76,
            "reinvestment_rate": -16.98,
            "research_to_sale_ratio": 1.64,
            "price_fair": 27.83,
            "eps_avg_yearly": 0.8,
            "eps_latest_yearly": 0.56,
            "eps_growth_yearly": 504.79
        },
        "20134": {
            "year_quarter": 20134,
            "year": 2013,
            "quarter": 4,
            "eps": 0.21,
            "eps_growth_year": 39.76,
            "eps_4q": 0.73,
            "eps_4q_growth_year": -28.31,
            "roe": 1.66,
            "roe_4q": 5.6899999999999995,
            "gross_profit": 53873,
            "gross_margin": 21.86,
            "gross_margin_4q_avg": 22.69,
            "net_income": 15267,
            "revenue": 246447,
            "common_shares": 720320,
            "book_valuer_per_share": 12.93,
            "book_valuer_per_share_4q_avg": 12.81,
            "equity": 931481,
            "current_ratio": 367.57,
            "debt_ratio": 26.31,
            "inventory_turnover_ratio": 1.78,
            "account_receivable_turnover_ratio": 0.92,
            "reinvestment_rate": -183.94,
            "research_to_sale_ratio": 1.39,
            "price_fair": 28.35,
            "eps_avg_yearly": 0.81,
            "eps_latest_yearly": 0.84,
            "eps_growth_yearly": 488.72
        },
        "20141": {
            "year_quarter": 20141,
            "year": 2014,
            "quarter": 1,
            "eps": 0.23,
            "eps_growth_year": 4.55,
            "eps_4q": 0.74,
            "eps_4q_growth_year": -26.34,
            "roe": 1.79,
            "roe_4q": 5.77,
            "gross_profit": 57117,
            "gross_margin": 23.75,
            "gross_margin_4q_avg": 22.65,
            "net_income": 16915,
            "revenue": 240451,
            "common_shares": 720320,
            "book_valuer_per_share": 13.27,
            "book_valuer_per_share_4q_avg": 12.85,
            "equity": 956102,
            "current_ratio": 379.97,
            "debt_ratio": 25.84,
            "inventory_turnover_ratio": 1.56,
            "account_receivable_turnover_ratio": 0.81,
            "reinvestment_rate": -168.19,
            "research_to_sale_ratio": 1.32,
            "price_fair": 30.28,
            "eps_avg_yearly": 0.87,
            "eps_latest_yearly": 0.92,
            "eps_growth_yearly": 514.43
        },
        "20142": {
            "year_quarter": 20142,
            "year": 2014,
            "quarter": 2,
            "eps": 0.36,
            "eps_growth_year": 140,
            "eps_4q": 0.95,
            "eps_4q_growth_year": 7.6,
            "roe": 2.75,
            "roe_4q": 7.33,
            "gross_profit": 70598,
            "gross_margin": 25.08,
            "gross_margin_4q_avg": 23.28,
            "net_income": 25752,
            "revenue": 281473,
            "common_shares": 720320,
            "book_valuer_per_share": 12.75,
            "book_valuer_per_share_4q_avg": 12.9,
            "equity": 918534,
            "current_ratio": 306.99,
            "debt_ratio": 30.6,
            "inventory_turnover_ratio": 1.62,
            "account_receivable_turnover_ratio": 0.92,
            "reinvestment_rate": -172.58,
            "research_to_sale_ratio": 1.37,
            "price_fair": 31.76,
            "eps_avg_yearly": 0.91,
            "eps_latest_yearly": 1.44,
            "eps_growth_yearly": 78.56
        },
        "20143": {
            "year_quarter": 20143,
            "year": 2014,
            "quarter": 3,
            "eps": 0.37,
            "eps_growth_year": 164.29,
            "eps_4q": 1.17,
            "eps_4q_growth_year": 74.82,
            "roe": 2.83,
            "roe_4q": 9.03,
            "gross_profit": 73812,
            "gross_margin": 25.8,
            "gross_margin_4q_avg": 24.12,
            "net_income": 26503,
            "revenue": 286096,
            "common_shares": 720320,
            "book_valuer_per_share": 13.29,
            "book_valuer_per_share_4q_avg": 13.06,
            "equity": 957513,
            "current_ratio": 360.33,
            "debt_ratio": 27.42,
            "inventory_turnover_ratio": 1.56,
            "account_receivable_turnover_ratio": 0.86,
            "reinvestment_rate": -160.39,
            "research_to_sale_ratio": 1.29,
            "price_fair": 33.08,
            "eps_avg_yearly": 0.95,
            "eps_latest_yearly": 1.48,
            "eps_growth_yearly": 75.31
        },
        "20144": {
            "year_quarter": 20144,
            "year": 2014,
            "quarter": 4,
            "eps": 0.26,
            "eps_growth_year": 23.09,
            "eps_4q": 1.22,
            "eps_4q_growth_year": 67.09,
            "roe": 1.92,
            "roe_4q": 9.29,
            "gross_profit": 59138,
            "gross_margin": 24.32,
            "gross_margin_4q_avg": 24.74,
            "net_income": 18792,
            "revenue": 243120,
            "common_shares": 720320,
            "book_valuer_per_share": 13.83,
            "book_valuer_per_share_4q_avg": 13.29,
            "equity": 996425,
            "current_ratio": 364.02,
            "debt_ratio": 26.83,
            "inventory_turnover_ratio": 1.43,
            "account_receivable_turnover_ratio": 0.78,
            "reinvestment_rate": -143.42,
            "research_to_sale_ratio": 1.28,
            "price_fair": 32.29,
            "eps_avg_yearly": 0.92,
            "eps_latest_yearly": 1.04,
            "eps_growth_yearly": 53.11
        },
        "20151": {
            "year_quarter": 20151,
            "year": 2015,
            "quarter": 1,
            "eps": 0.26,
            "eps_growth_year": 13.04,
            "eps_4q": 1.25,
            "eps_4q_growth_year": 67.76,
            "roe": 1.86,
            "roe_4q": 9.36,
            "gross_profit": 58146,
            "gross_margin": 22.94,
            "gross_margin_4q_avg": 24.54,
            "net_income": 18683,
            "revenue": 253463,
            "common_shares": 720320,
            "book_valuer_per_share": 13.99,
            "book_valuer_per_share_4q_avg": 13.47,
            "equity": 1007820,
            "current_ratio": 385.26,
            "debt_ratio": 25.78,
            "inventory_turnover_ratio": 1.71,
            "account_receivable_turnover_ratio": 0.87,
            "reinvestment_rate": -137.13,
            "research_to_sale_ratio": 1.62,
            "price_fair": 33.78,
            "eps_avg_yearly": 0.97,
            "eps_latest_yearly": 1.04,
            "eps_growth_yearly": 71.68
        },
        "20152": {
            "year_quarter": 20152,
            "year": 2015,
            "quarter": 2,
            "eps": 0.31,
            "eps_growth_year": -13.89,
            "eps_4q": 1.2,
            "eps_4q_growth_year": 26.38,
            "roe": 2.26,
            "roe_4q": 8.870000000000001,
            "gross_profit": 72127,
            "gross_margin": 27.61,
            "gross_margin_4q_avg": 25.17,
            "net_income": 22250,
            "revenue": 261242,
            "common_shares": 720320,
            "book_valuer_per_share": 13.34,
            "book_valuer_per_share_4q_avg": 13.61,
            "equity": 961001,
            "current_ratio": 317.66,
            "debt_ratio": 29.67,
            "inventory_turnover_ratio": 1.73,
            "account_receivable_turnover_ratio": 0.87,
            "reinvestment_rate": -129.47,
            "research_to_sale_ratio": 0.96,
            "price_fair": 35.09,
            "eps_avg_yearly": 1,
            "eps_latest_yearly": 1.24,
            "eps_growth_yearly": 57.04
        },
        "20153": {
            "year_quarter": 20153,
            "year": 2015,
            "quarter": 3,
            "eps": 0.18,
            "eps_growth_year": -51.35,
            "eps_4q": 1.01,
            "eps_4q_growth_year": -13.77,
            "roe": 1.34,
            "roe_4q": 7.38,
            "gross_profit": 60754,
            "gross_margin": 26.85,
            "gross_margin_4q_avg": 25.43,
            "net_income": 13088,
            "revenue": 226279,
            "common_shares": 720320,
            "book_valuer_per_share": 13.77,
            "book_valuer_per_share_4q_avg": 13.73,
            "equity": 991594,
            "current_ratio": 416.88,
            "debt_ratio": 24.48,
            "inventory_turnover_ratio": 1.36,
            "account_receivable_turnover_ratio": 0.76,
            "reinvestment_rate": -145,
            "research_to_sale_ratio": 1.39,
            "price_fair": 35.53,
            "eps_avg_yearly": 1.02,
            "eps_latest_yearly": 0.72,
            "eps_growth_yearly": 51.24
        },
        "20154": {
            "year_quarter": 20154,
            "year": 2015,
            "quarter": 4,
            "eps": 0.29,
            "eps_growth_year": 9.81,
            "eps_4q": 1.04,
            "eps_4q_growth_year": -15.13,
            "roe": 2.07,
            "roe_4q": 7.53,
            "gross_profit": 59103,
            "gross_margin": 28.72,
            "gross_margin_4q_avg": 26.53,
            "net_income": 20635,
            "revenue": 205797,
            "common_shares": 720320,
            "book_valuer_per_share": 13.89,
            "book_valuer_per_share_4q_avg": 13.75,
            "equity": 1000691,
            "current_ratio": 450.78,
            "debt_ratio": 23.55,
            "inventory_turnover_ratio": 1.12,
            "account_receivable_turnover_ratio": 0.79,
            "reinvestment_rate": -148.99,
            "research_to_sale_ratio": 1.5,
            "price_fair": 32.21,
            "eps_avg_yearly": 1,
            "eps_latest_yearly": 1.16,
            "eps_growth_yearly": 22.29
        },
        "20161": {
            "year_quarter": 20161,
            "year": 2016,
            "quarter": 1,
            "eps": 0.22,
            "eps_growth_year": -15.38,
            "eps_4q": 0.99,
            "eps_4q_growth_year": -20.18,
            "roe": 1.56,
            "roe_4q": 7.2299999999999995,
            "gross_profit": 56148,
            "gross_margin": 27.71,
            "gross_margin_4q_avg": 27.72,
            "net_income": 15646,
            "revenue": 202649,
            "common_shares": 720320,
            "book_valuer_per_share": 13.98,
            "book_valuer_per_share_4q_avg": 13.75,
            "equity": 1007159,
            "current_ratio": 475.52,
            "debt_ratio": 21.55,
            "inventory_turnover_ratio": 1.05,
            "account_receivable_turnover_ratio": 0.93,
            "reinvestment_rate": -150.81,
            "research_to_sale_ratio": 1.48,
            "price_fair": 34.83,
            "eps_avg_yearly": 1,
            "eps_latest_yearly": 0.88,
            "eps_growth_yearly": 25.29
        },
        "20162": {
            "year_quarter": 20162,
            "year": 2016,
            "quarter": 2,
            "eps": 0.26,
            "eps_growth_year": -16.13,
            "eps_4q": 0.94,
            "eps_4q_growth_year": -21.21,
            "roe": 1.89,
            "roe_4q": 6.859999999999999,
            "gross_profit": 61331,
            "gross_margin": 27.96,
            "gross_margin_4q_avg": 27.81,
            "net_income": 18572,
            "revenue": 219364,
            "common_shares": 720320,
            "book_valuer_per_share": 13.32,
            "book_valuer_per_share_4q_avg": 13.74,
            "equity": 959133,
            "current_ratio": 371.11,
            "debt_ratio": 25.61,
            "inventory_turnover_ratio": 1.08,
            "account_receivable_turnover_ratio": 1,
            "reinvestment_rate": -154.78,
            "research_to_sale_ratio": 1.49,
            "price_fair": 34.05,
            "eps_avg_yearly": 0.99,
            "eps_latest_yearly": 1.04,
            "eps_growth_yearly": 24.4
        },
        "20163": {
            "year_quarter": 20163,
            "year": 2016,
            "quarter": 3,
            "eps": 0.08,
            "eps_growth_year": -55.56,
            "eps_4q": 0.84,
            "eps_4q_growth_year": -16.67,
            "roe": 0.61,
            "roe_4q": 6.130000000000001,
            "gross_profit": 42148,
            "gross_margin": 23.39,
            "gross_margin_4q_avg": 26.95,
            "net_income": 5824,
            "revenue": 180197,
            "common_shares": 720320,
            "book_valuer_per_share": 13.17,
            "book_valuer_per_share_4q_avg": 13.59,
            "equity": 949012,
            "current_ratio": 498.6,
            "debt_ratio": 20.74,
            "inventory_turnover_ratio": 1.06,
            "account_receivable_turnover_ratio": 0.85,
            "reinvestment_rate": -157.3,
            "research_to_sale_ratio": 1.63,
            "price_fair": 9.23,
            "eps_avg_yearly": 0.92,
            "eps_latest_yearly": 0.32,
            "eps_growth_yearly": 0.84
        },
        "20164": {
            "year_quarter": 20164,
            "year": 2016,
            "quarter": 4,
            "eps": 0.16,
            "eps_growth_year": -42.73,
            "eps_4q": 0.72,
            "eps_4q_growth_year": -30.53,
            "roe": 1.24,
            "roe_4q": 5.300000000000001,
            "gross_profit": 46456,
            "gross_margin": 24.55,
            "gross_margin_4q_avg": 25.9,
            "net_income": 11818,
            "revenue": 189248,
            "common_shares": 720320,
            "book_valuer_per_share": 13.28,
            "book_valuer_per_share_4q_avg": 13.44,
            "equity": 956423,
            "current_ratio": 489.29,
            "debt_ratio": 21.51,
            "inventory_turnover_ratio": 1.19,
            "account_receivable_turnover_ratio": 0.9,
            "reinvestment_rate": -174.79,
            "research_to_sale_ratio": 1.64,
            "price_fair": 32.38,
            "eps_avg_yearly": 0.93,
            "eps_latest_yearly": 0.64,
            "eps_growth_yearly": 40.12
        },
        "20171": {
            "year_quarter": 20171,
            "year": 2017,
            "quarter": 1,
            "eps": 0.11,
            "eps_growth_year": -50,
            "eps_4q": 0.61,
            "eps_4q_growth_year": -38.5,
            "roe": 0.83,
            "roe_4q": 4.569999999999999,
            "gross_profit": 55232,
            "gross_margin": 27.12,
            "gross_margin_4q_avg": 25.76,
            "net_income": 7829,
            "revenue": 203693,
            "common_shares": 720320,
            "book_valuer_per_share": 13.06,
            "book_valuer_per_share_4q_avg": 13.21,
            "equity": 940445,
            "current_ratio": 526.83,
            "debt_ratio": 20.14,
            "inventory_turnover_ratio": 1.17,
            "account_receivable_turnover_ratio": 0.89,
            "reinvestment_rate": -24.92,
            "research_to_sale_ratio": 1.48,
            "price_fair": 27.5,
            "eps_avg_yearly": 0.9,
            "eps_latest_yearly": 0.44,
            "eps_growth_yearly": 20.64
        },
        "20172": {
            "year_quarter": 20172,
            "year": 2017,
            "quarter": 2,
            "eps": 0.22,
            "eps_growth_year": -15.38,
            "eps_4q": 0.58,
            "eps_4q_growth_year": -39.03,
            "roe": 1.72,
            "roe_4q": 4.4,
            "gross_profit": 57184,
            "gross_margin": 24.92,
            "gross_margin_4q_avg": 25,
            "net_income": 15955,
            "revenue": 229468,
            "common_shares": 720320,
            "book_valuer_per_share": 12.71,
            "book_valuer_per_share_4q_avg": 13.06,
            "equity": 915631,
            "current_ratio": 362.08,
            "debt_ratio": 26.09,
            "inventory_turnover_ratio": 1.27,
            "account_receivable_turnover_ratio": 0.89,
            "reinvestment_rate": -28.47,
            "research_to_sale_ratio": 1.48,
            "price_fair": 32.03,
            "eps_avg_yearly": 0.92,
            "eps_latest_yearly": 0.88,
            "eps_growth_yearly": 53.6
        },
        "20173": {
            "year_quarter": 20173,
            "year": 2017,
            "quarter": 3,
            "eps": 0.07,
            "eps_growth_year": -12.5,
            "eps_4q": 0.57,
            "eps_4q_growth_year": -32.51,
            "roe": 0.58,
            "roe_4q": 4.37,
            "gross_profit": 43076,
            "gross_margin": 21.23,
            "gross_margin_4q_avg": 24.46,
            "net_income": 5346,
            "revenue": 202936,
            "common_shares": 720320,
            "book_valuer_per_share": 12.84,
            "book_valuer_per_share_4q_avg": 12.97,
            "equity": 925113,
            "current_ratio": 442.11,
            "debt_ratio": 22.78,
            "inventory_turnover_ratio": 1.06,
            "account_receivable_turnover_ratio": 0.75,
            "reinvestment_rate": -22.44,
            "research_to_sale_ratio": 1.52,
            "price_fair": 31.41,
            "eps_avg_yearly": 0.9,
            "eps_latest_yearly": 0.28,
            "eps_growth_yearly": 38.22
        },
        "20174": {
            "year_quarter": 20174,
            "year": 2017,
            "quarter": 4,
            "eps": 0.05,
            "eps_growth_year": -66.62,
            "eps_4q": 0.46,
            "eps_4q_growth_year": -36.22,
            "roe": 0.43,
            "roe_4q": 3.56,
            "gross_profit": 39148,
            "gross_margin": 19.03,
            "gross_margin_4q_avg": 23.08,
            "net_income": 3945,
            "revenue": 205747,
            "common_shares": 720320,
            "book_valuer_per_share": 12.86,
            "book_valuer_per_share_4q_avg": 12.87,
            "equity": 926020,
            "current_ratio": 451,
            "debt_ratio": 22.48,
            "inventory_turnover_ratio": 1.09,
            "account_receivable_turnover_ratio": 0.8,
            "reinvestment_rate": -16.3,
            "research_to_sale_ratio": 1.44,
            "price_fair": 24.51,
            "eps_avg_yearly": 0.86,
            "eps_latest_yearly": 0.2,
            "eps_growth_yearly": 18.58
        },
        "20181": {
            "year_quarter": 20181,
            "year": 2018,
            "quarter": 1,
            "eps": -0.08,
            "eps_growth_year": -172.73,
            "eps_4q": 0.27,
            "eps_4q_growth_year": -56.03,
            "roe": -0.64,
            "roe_4q": 2.09,
            "gross_profit": 31622,
            "gross_margin": 16.57,
            "gross_margin_4q_avg": 20.44,
            "net_income": -5880,
            "revenue": 190810,
            "common_shares": 720320,
            "book_valuer_per_share": 12.85,
            "book_valuer_per_share_4q_avg": 12.82,
            "equity": 925405,
            "current_ratio": 519.08,
            "debt_ratio": 21.03,
            "inventory_turnover_ratio": 1.08,
            "account_receivable_turnover_ratio": 0.75,
            "reinvestment_rate": -19.54,
            "research_to_sale_ratio": 1.32,
            "price_fair": 23.28,
            "eps_avg_yearly": 0.85,
            "eps_latest_yearly": 0.2,
            "eps_growth_yearly": 17.28
        },
        "20182": {
            "year_quarter": 20182,
            "year": 2018,
            "quarter": 2,
            "eps": 0.14,
            "eps_growth_year": -36.36,
            "eps_4q": 0.19,
            "eps_4q_growth_year": -67.72,
            "roe": 1.09,
            "roe_4q": 1.46,
            "gross_profit": 46382,
            "gross_margin": 19.96,
            "gross_margin_4q_avg": 19.2,
            "net_income": 9960,
            "revenue": 232425,
            "common_shares": 720320,
            "book_valuer_per_share": 12.52,
            "book_valuer_per_share_4q_avg": 12.77,
            "equity": 901913,
            "current_ratio": 363.12,
            "debt_ratio": 26.55,
            "inventory_turnover_ratio": 1.27,
            "account_receivable_turnover_ratio": 0.88,
            "reinvestment_rate": -10.74,
            "research_to_sale_ratio": 1.33,
            "price_fair": 10.03,
            "eps_avg_yearly": 0.81,
            "eps_latest_yearly": 0.2,
            "eps_growth_yearly": 2.36
        },
        "20183": {
            "year_quarter": 20183,
            "year": 2018,
            "quarter": 3,
            "eps": 0.04,
            "eps_growth_year": -42.86,
            "eps_4q": 0.15,
            "eps_4q_growth_year": -72.87,
            "roe": 0.34,
            "roe_4q": 1.2200000000000002,
            "gross_profit": 41394,
            "gross_margin": 20.6,
            "gross_margin_4q_avg": 19.04,
            "net_income": 3084,
            "revenue": 200896,
            "common_shares": 720320,
            "book_valuer_per_share": 12.39,
            "book_valuer_per_share_4q_avg": 12.66,
            "equity": 892509,
            "current_ratio": 389.55,
            "debt_ratio": 22.92,
            "inventory_turnover_ratio": 1.13,
            "account_receivable_turnover_ratio": 0.72,
            "reinvestment_rate": -9.54,
            "research_to_sale_ratio": 1.47,
            "price_fair": 2.15,
            "eps_avg_yearly": 0.72,
            "eps_latest_yearly": 0.16,
            "eps_growth_yearly": -18.84
        },
        "20184": {
            "year_quarter": 20184,
            "year": 2018,
            "quarter": 4,
            "eps": 0.2,
            "eps_growth_year": 264.21,
            "eps_4q": 0.3,
            "eps_4q_growth_year": -34.9,
            "roe": 1.6,
            "roe_4q": 2.39,
            "gross_profit": 60551,
            "gross_margin": 25.27,
            "gross_margin_4q_avg": 20.6,
            "net_income": 14368,
            "revenue": 239661,
            "common_shares": 720320,
            "book_valuer_per_share": 12.62,
            "book_valuer_per_share_4q_avg": 12.6,
            "equity": 909164,
            "current_ratio": 358.44,
            "debt_ratio": 24.99,
            "inventory_turnover_ratio": 1.18,
            "account_receivable_turnover_ratio": 0.85,
            "reinvestment_rate": -33.1,
            "research_to_sale_ratio": 1.36,
            "price_fair": 24.5,
            "eps_avg_yearly": 0.7,
            "eps_latest_yearly": 0.8,
            "eps_growth_yearly": 103.94
        },
        "20191": {
            "year_quarter": 20191,
            "year": 2019,
            "quarter": 1,
            "eps": 0.11,
            "eps_growth_year": null,
            "eps_4q": 0.49,
            "eps_4q_growth_year": 80.9,
            "roe": 0.83,
            "roe_4q": 3.8600000000000003,
            "gross_profit": 46615,
            "gross_margin": 23.81,
            "gross_margin_4q_avg": 22.41,
            "net_income": 7621,
            "revenue": 195786,
            "common_shares": 720320,
            "book_valuer_per_share": 12.81,
            "book_valuer_per_share_4q_avg": 12.59,
            "equity": 922917,
            "current_ratio": 423.97,
            "debt_ratio": 21.87,
            "inventory_turnover_ratio": 0.91,
            "account_receivable_turnover_ratio": 0.73,
            "reinvestment_rate": -36.64,
            "research_to_sale_ratio": 1.51,
            "price_fair": 23,
            "eps_avg_yearly": 0.66,
            "eps_latest_yearly": 0.44,
            "eps_growth_yearly": 91.08
        },
        "20192": {
            "year_quarter": 20192,
            "year": 2019,
            "quarter": 2,
            "eps": 0.12,
            "eps_growth_year": -14.29,
            "eps_4q": 0.46,
            "eps_4q_growth_year": 149.94,
            "roe": 0.91,
            "roe_4q": 3.6799999999999997,
            "gross_profit": 53298,
            "gross_margin": 24.88,
            "gross_margin_4q_avg": 23.64,
            "net_income": 8346,
            "revenue": 214190,
            "common_shares": 720320,
            "book_valuer_per_share": 12.57,
            "book_valuer_per_share_4q_avg": 12.6,
            "equity": 905403,
            "current_ratio": 388.35,
            "debt_ratio": 22.55,
            "inventory_turnover_ratio": 1.01,
            "account_receivable_turnover_ratio": 0.83,
            "reinvestment_rate": -35.81,
            "research_to_sale_ratio": 1.44,
            "price_fair": 21.1,
            "eps_avg_yearly": 0.6,
            "eps_latest_yearly": 0.48,
            "eps_growth_yearly": 88.19
        },
        "20193": {
            "year_quarter": 20193,
            "year": 2019,
            "quarter": 3,
            "eps": 0.29,
            "eps_growth_year": 625,
            "eps_4q": 0.82,
            "eps_4q_growth_year": 430.97,
            "roe": 2.33,
            "roe_4q": 5.67,
            "gross_profit": 51197,
            "gross_margin": 25.43,
            "gross_margin_4q_avg": 24.85,
            "net_income": 19803,
            "revenue": 201343,
            "common_shares": 612272,
            "book_valuer_per_share": 13.02,
            "book_valuer_per_share_4q_avg": 12.76,
            "equity": 797287,
            "current_ratio": 265.2,
            "debt_ratio": 30.75,
            "inventory_turnover_ratio": 1.03,
            "account_receivable_turnover_ratio": 0.76,
            "reinvestment_rate": -23.64,
            "research_to_sale_ratio": 1.54,
            "price_fair": 22.2,
            "eps_avg_yearly": 0.63,
            "eps_latest_yearly": 1.16,
            "eps_growth_yearly": 140.64
        },
        "20194": {
            "year_quarter": 20194,
            "year": 2019,
            "quarter": 4,
            "eps": 0.22,
            "eps_growth_year": 9.08,
            "eps_4q": 0.8,
            "eps_4q_growth_year": 168.23,
            "roe": 1.66,
            "roe_4q": 5.73,
            "gross_profit": 58176,
            "gross_margin": 27.18,
            "gross_margin_4q_avg": 25.33,
            "net_income": 13322,
            "revenue": 214043,
            "common_shares": 612272,
            "book_valuer_per_share": 13.26,
            "book_valuer_per_share_4q_avg": 12.92,
            "equity": 811795,
            "current_ratio": 384.9,
            "debt_ratio": 22.27,
            "inventory_turnover_ratio": 1.13,
            "account_receivable_turnover_ratio": 0.83,
            "reinvestment_rate": -29.21,
            "research_to_sale_ratio": 1.47,
            "price_fair": 21.5,
            "eps_avg_yearly": 0.61,
            "eps_latest_yearly": 0.88,
            "eps_growth_yearly": 116.29
        },
        "20201": {
            "year_quarter": 20201,
            "year": 2020,
            "quarter": 1,
            "eps": 0.11,
            "eps_growth_year": 0,
            "eps_4q": 0.78,
            "eps_4q_growth_year": 61.11,
            "roe": 0.8,
            "roe_4q": 5.7,
            "gross_profit": 40679,
            "gross_margin": 23.51,
            "gross_margin_4q_avg": 25.25,
            "net_income": 6503,
            "revenue": 173024,
            "common_shares": 612272,
            "book_valuer_per_share": 13.32,
            "book_valuer_per_share_4q_avg": 13.04,
            "equity": 815464,
            "current_ratio": 490.49,
            "debt_ratio": 18.28,
            "inventory_turnover_ratio": 0.96,
            "account_receivable_turnover_ratio": 0.71,
            "reinvestment_rate": -28.96,
            "research_to_sale_ratio": 1.76,
            "price_fair": 20.4,
            "eps_avg_yearly": 0.58,
            "eps_latest_yearly": 0.44,
            "eps_growth_yearly": 108.9
        },
        "20202": {
            "year_quarter": 20202,
            "year": 2020,
            "quarter": 2,
            "eps": -0.01,
            "eps_growth_year": -108.33,
            "eps_4q": 0.64,
            "eps_4q_growth_year": 37.84,
            "roe": -0.06,
            "roe_4q": 4.73,
            "gross_profit": 37239,
            "gross_margin": 22.02,
            "gross_margin_4q_avg": 24.54,
            "net_income": -473,
            "revenue": 169144,
            "common_shares": 612272,
            "book_valuer_per_share": 12.67,
            "book_valuer_per_share_4q_avg": 13.07,
            "equity": 775571,
            "current_ratio": 415.82,
            "debt_ratio": 20.79,
            "inventory_turnover_ratio": 0.99,
            "account_receivable_turnover_ratio": 0.75,
            "reinvestment_rate": -44.05,
            "research_to_sale_ratio": 1.59,
            "price_fair": 19.17,
            "eps_avg_yearly": 0.55,
            "eps_latest_yearly": 0.44,
            "eps_growth_yearly": 111.68
        },
        "20203": {
            "year_quarter": 20203,
            "year": 2020,
            "quarter": 3,
            "eps": -0.11,
            "eps_growth_year": -137.93,
            "eps_4q": 0.21,
            "eps_4q_growth_year": -74.26,
            "roe": -0.83,
            "roe_4q": 1.57,
            "gross_profit": 26456,
            "gross_margin": 19.43,
            "gross_margin_4q_avg": 23.04,
            "net_income": -6449,
            "revenue": 136173,
            "common_shares": 612272,
            "book_valuer_per_share": 12.65,
            "book_valuer_per_share_4q_avg": 12.98,
            "equity": 774632,
            "current_ratio": 579.16,
            "debt_ratio": 15.99,
            "inventory_turnover_ratio": 0.91,
            "account_receivable_turnover_ratio": 0.68,
            "reinvestment_rate": -56.7,
            "research_to_sale_ratio": 1.92,
            "price_fair": 19.83,
            "eps_avg_yearly": 0.57,
            "eps_latest_yearly": 0.44,
            "eps_growth_yearly": 144.06
        },
        "20204": {
            "year_quarter": 20204,
            "year": 2020,
            "quarter": 4,
            "eps": 0.02,
            "eps_growth_year": -88.81,
            "eps_4q": 0.02,
            "eps_4q_growth_year": -97.82,
            "roe": 0.19,
            "roe_4q": 0.10000000000000009,
            "gross_profit": 28439,
            "gross_margin": 20.51,
            "gross_margin_4q_avg": 21.37,
            "net_income": 1491,
            "revenue": 138646,
            "common_shares": 612272,
            "book_valuer_per_share": 12.69,
            "book_valuer_per_share_4q_avg": 12.83,
            "equity": 777179,
            "current_ratio": 506.26,
            "debt_ratio": 18.22,
            "inventory_turnover_ratio": 0.96,
            "account_receivable_turnover_ratio": 0.89,
            "reinvestment_rate": -58.65,
            "research_to_sale_ratio": 2.18,
            "price_fair": 19.6,
            "eps_avg_yearly": 0.56,
            "eps_latest_yearly": 0.44,
            "eps_growth_yearly": 120.8
        },
        "20211": {
            "year_quarter": 20211,
            "year": 2021,
            "quarter": 1,
            "eps": -0.05,
            "eps_growth_year": -145.45,
            "eps_4q": -0.14,
            "eps_4q_growth_year": -118.16,
            "roe": -0.42,
            "roe_4q": -1.12,
            "gross_profit": 23213,
            "gross_margin": 17.54,
            "gross_margin_4q_avg": 19.88,
            "net_income": -3281,
            "revenue": 132306,
            "common_shares": 612272,
            "book_valuer_per_share": 12.55,
            "book_valuer_per_share_4q_avg": 12.64,
            "equity": 768595,
            "current_ratio": 480.53,
            "debt_ratio": 17.4,
            "inventory_turnover_ratio": 0.89,
            "account_receivable_turnover_ratio": 0.9,
            "reinvestment_rate": -58.75,
            "research_to_sale_ratio": 2.04,
            "price_fair": 20.02,
            "eps_avg_yearly": 0.57,
            "eps_latest_yearly": 0.44,
            "eps_growth_yearly": 145.38
        },
        "20212": {
            "year_quarter": 20212,
            "year": 2021,
            "quarter": 2,
            "eps": -0.12,
            "eps_growth_year": null,
            "eps_4q": -0.25,
            "eps_4q_growth_year": -139.71,
            "roe": -0.96,
            "roe_4q": -2.02,
            "gross_profit": 18604,
            "gross_margin": 18.23,
            "gross_margin_4q_avg": 18.93,
            "net_income": -7309,
            "revenue": 102038,
            "common_shares": 612272,
            "book_valuer_per_share": 12.41,
            "book_valuer_per_share_4q_avg": 12.58,
            "equity": 759671,
            "current_ratio": 621.63,
            "debt_ratio": 15.05,
            "inventory_turnover_ratio": 0.62,
            "account_receivable_turnover_ratio": 0.74,
            "reinvestment_rate": -95.58,
            "research_to_sale_ratio": 2.48,
            "price_fair": 18.82,
            "eps_avg_yearly": 0.54,
            "eps_latest_yearly": 0.44,
            "eps_growth_yearly": 117.08
        },
        "20213": {
            "year_quarter": 20213,
            "year": 2021,
            "quarter": 3,
            "eps": 0.2,
            "eps_growth_year": null,
            "eps_4q": 0.05,
            "eps_4q_growth_year": -78.03,
            "roe": 1.57,
            "roe_4q": 0.3800000000000001,
            "gross_profit": 39432,
            "gross_margin": 25.49,
            "gross_margin_4q_avg": 20.44,
            "net_income": 11820,
            "revenue": 154703,
            "common_shares": 587781,
            "book_valuer_per_share": 12.7,
            "book_valuer_per_share_4q_avg": 12.59,
            "equity": 746201,
            "current_ratio": 436.78,
            "debt_ratio": 18.66,
            "inventory_turnover_ratio": 0.9,
            "account_receivable_turnover_ratio": 1.15,
            "reinvestment_rate": -66.16,
            "research_to_sale_ratio": 1.72,
            "price_fair": 19.95,
            "eps_avg_yearly": 0.57,
            "eps_latest_yearly": 0.44,
            "eps_growth_yearly": 165.81
        },
        "20214": {
            "year_quarter": 20214,
            "year": 2021,
            "quarter": 4,
            "eps": -0.01,
            "eps_growth_year": -154.56,
            "eps_4q": 0.01,
            "eps_4q_growth_year": -56.37,
            "roe": -0.1,
            "roe_4q": 0.09000000000000002,
            "gross_profit": 25677,
            "gross_margin": 23.14,
            "gross_margin_4q_avg": 21.1,
            "net_income": -781,
            "revenue": 110949,
            "common_shares": 587781,
            "book_valuer_per_share": 12.66,
            "book_valuer_per_share_4q_avg": 12.58,
            "equity": 743858,
            "current_ratio": 506.22,
            "debt_ratio": 15.95,
            "inventory_turnover_ratio": 1.01,
            "account_receivable_turnover_ratio": 0.77,
            "reinvestment_rate": 0.35,
            "research_to_sale_ratio": 2.16,
            "price_fair": 21.8,
            "eps_avg_yearly": 0.62,
            "eps_latest_yearly": 0.44,
            "eps_growth_yearly": 205.82
        },
        "20221": {
            "year_quarter": 20221,
            "year": 2022,
            "quarter": 1,
            "eps": -0.07,
            "eps_growth_year": null,
            "eps_4q": -0,
            "eps_4q_growth_year": null,
            "roe": -0.52,
            "roe_4q": -0.009999999999999898,
            "gross_profit": 18659,
            "gross_margin": 16.81,
            "gross_margin_4q_avg": 20.92,
            "net_income": -3888,
            "revenue": 111014,
            "common_shares": 587781,
            "book_valuer_per_share": 12.75,
            "book_valuer_per_share_4q_avg": 12.63,
            "equity": 749596,
            "current_ratio": 598.16,
            "debt_ratio": 14.03,
            "inventory_turnover_ratio": 1.86,
            "account_receivable_turnover_ratio": 0.86,
            "reinvestment_rate": -3.6,
            "research_to_sale_ratio": 2.14,
            "price_fair": 21.8,
            "eps_avg_yearly": 0.62,
            "eps_latest_yearly": 0.44,
            "eps_growth_yearly": 205.82
        },
        "20222": {
            "year_quarter": 20222,
            "year": 2022,
            "quarter": 2,
            "eps": -0.13,
            "eps_growth_year": null,
            "eps_4q": -0.01,
            "eps_4q_growth_year": null,
            "roe": -1.02,
            "roe_4q": -0.07000000000000006,
            "gross_profit": 13692,
            "gross_margin": 16.55,
            "gross_margin_4q_avg": 20.5,
            "net_income": -7581,
            "revenue": 82722,
            "common_shares": 587781,
            "book_valuer_per_share": 12.57,
            "book_valuer_per_share_4q_avg": 12.67,
            "equity": 738764,
            "current_ratio": 655.98,
            "debt_ratio": 13.41,
            "inventory_turnover_ratio": 1.47,
            "account_receivable_turnover_ratio": 0.82,
            "reinvestment_rate": -46.04,
            "research_to_sale_ratio": 2.74,
            "price_fair": 21.8,
            "eps_avg_yearly": 0.62,
            "eps_latest_yearly": 0.44,
            "eps_growth_yearly": 205.82
        },
        "20223": {
            "year_quarter": 20223,
            "year": 2022,
            "quarter": 3,
            "eps": -0.08,
            "eps_growth_year": -140,
            "eps_4q": -0.29,
            "eps_4q_growth_year": -720.39,
            "roe": -0.63,
            "roe_4q": -2.27,
            "gross_profit": 17292,
            "gross_margin": 19.31,
            "gross_margin_4q_avg": 18.95,
            "net_income": -4631,
            "revenue": 89563,
            "common_shares": 587781,
            "book_valuer_per_share": 12.52,
            "book_valuer_per_share_4q_avg": 12.63,
            "equity": 736126,
            "current_ratio": 645.13,
            "debt_ratio": 13.72,
            "inventory_turnover_ratio": 1.52,
            "account_receivable_turnover_ratio": 1.11,
            "reinvestment_rate": -95.36,
            "research_to_sale_ratio": 2.47,
            "price_fair": 24.5,
            "eps_avg_yearly": 0.7,
            "eps_latest_yearly": 0.44,
            "eps_growth_yearly": 287.75
        },
        "20224": {
            "year_quarter": 20224,
            "year": 2022,
            "quarter": 4,
            "eps": -0.07,
            "eps_growth_year": null,
            "eps_4q": -0.34,
            "eps_4q_growth_year": -4539.36,
            "roe": -0.52,
            "roe_4q": -2.69,
            "gross_profit": 21126,
            "gross_margin": 20.53,
            "gross_margin_4q_avg": 18.3,
            "net_income": -3833,
            "revenue": 102892,
            "common_shares": 587781,
            "book_valuer_per_share": 12.41,
            "book_valuer_per_share_4q_avg": 12.56,
            "equity": 729535,
            "current_ratio": 616.97,
            "debt_ratio": 13.99,
            "inventory_turnover_ratio": 1.91,
            "account_receivable_turnover_ratio": 1.27,
            "reinvestment_rate": -136.48,
            "research_to_sale_ratio": 2.2,
            "price_fair": 23.8,
            "eps_avg_yearly": 0.68,
            "eps_latest_yearly": 0.44,
            "eps_growth_yearly": 25.3
        },
        "20231": {
            "year_quarter": 20231,
            "year": 2023,
            "quarter": 1,
            "eps": -0.14,
            "eps_growth_year": null,
            "eps_4q": -0.41,
            "eps_4q_growth_year": null,
            "roe": -1.1,
            "roe_4q": -3.27,
            "gross_profit": 13615,
            "gross_margin": 15.48,
            "gross_margin_4q_avg": 17.97,
            "net_income": -8015,
            "revenue": 87929,
            "common_shares": 587781,
            "book_valuer_per_share": 12.31,
            "book_valuer_per_share_4q_avg": 12.45,
            "equity": 723404,
            "current_ratio": 750.44,
            "debt_ratio": 12.26,
            "inventory_turnover_ratio": 1.97,
            "account_receivable_turnover_ratio": 1.09,
            "reinvestment_rate": -379.64,
            "research_to_sale_ratio": 2.6,
            "price_fair": 25.9,
            "eps_avg_yearly": 0.74,
            "eps_latest_yearly": 0.44,
            "eps_growth_yearly": 76.62
        }
    },
    "months": {
        "2001-06": {
            "month": "2001-06",
            "price": "42.42",
            "revenue": 43964
        },
        "2001-07": {
            "month": "2001-07",
            "price": "36.51",
            "revenue": 50153
        },
        "2001-08": {
            "month": "2001-08",
            "price": "32.72",
            "revenue": 50912
        },
        "2001-09": {
            "month": "2001-09",
            "price": "27.08",
            "revenue": 48112
        },
        "2001-10": {
            "month": "2001-10",
            "price": "20.45",
            "revenue": 66004
        },
        "2001-11": {
            "month": "2001-11",
            "price": "22.08",
            "revenue": 56123
        },
        "2001-12": {
            "month": "2001-12",
            "price": "30.97",
            "revenue": 61504
        },
        "2002-01": {
            "month": "2002-01",
            "price": "33.64",
            "revenue": 52724
        },
        "2002-02": {
            "month": "2002-02",
            "price": "38.94",
            "revenue": 34530
        },
        "2002-03": {
            "month": "2002-03",
            "price": "40.60",
            "revenue": 49148
        },
        "2002-04": {
            "month": "2002-04",
            "price": "37.25",
            "revenue": 47871
        },
        "2002-05": {
            "month": "2002-05",
            "price": "30.11",
            "revenue": 42997
        },
        "2002-06": {
            "month": "2002-06",
            "price": "26.36",
            "revenue": 38406
        },
        "2002-07": {
            "month": "2002-07",
            "price": "24.73",
            "revenue": 41954
        },
        "2002-08": {
            "month": "2002-08",
            "price": "22.27",
            "revenue": 46005
        },
        "2002-09": {
            "month": "2002-09",
            "price": "21.60",
            "revenue": 33021
        },
        "2002-10": {
            "month": "2002-10",
            "price": "18.62",
            "revenue": 37219
        },
        "2002-11": {
            "month": "2002-11",
            "price": "19.18",
            "revenue": 31193
        },
        "2002-12": {
            "month": "2002-12",
            "price": "17.45",
            "revenue": 30109
        },
        "2003-01": {
            "month": "2003-01",
            "price": "17.54",
            "revenue": 36964
        },
        "2003-02": {
            "month": "2003-02",
            "price": "17.26",
            "revenue": 18842
        },
        "2003-03": {
            "month": "2003-03",
            "price": "17.38",
            "revenue": 23651
        },
        "2003-04": {
            "month": "2003-04",
            "price": "17.34",
            "revenue": 24416
        },
        "2003-05": {
            "month": "2003-05",
            "price": "16.16",
            "revenue": 36333
        },
        "2003-06": {
            "month": "2003-06",
            "price": "18.98",
            "revenue": 23720
        },
        "2003-07": {
            "month": "2003-07",
            "price": "33.40",
            "revenue": 26356
        },
        "2003-08": {
            "month": "2003-08",
            "price": "29.23",
            "revenue": 21192
        },
        "2003-09": {
            "month": "2003-09",
            "price": "21.34",
            "revenue": 24390
        },
        "2003-10": {
            "month": "2003-10",
            "price": "19.50",
            "revenue": 41142
        },
        "2003-11": {
            "month": "2003-11",
            "price": "19.52",
            "revenue": 38821
        },
        "2003-12": {
            "month": "2003-12",
            "price": "20.75",
            "revenue": 42262
        },
        "2004-01": {
            "month": "2004-01",
            "price": "20.58",
            "revenue": 30185
        },
        "2004-02": {
            "month": "2004-02",
            "price": "20.55",
            "revenue": 36967
        },
        "2004-03": {
            "month": "2004-03",
            "price": "20.04",
            "revenue": 40773
        },
        "2004-04": {
            "month": "2004-04",
            "price": "22.58",
            "revenue": 35807
        },
        "2004-05": {
            "month": "2004-05",
            "price": "19.10",
            "revenue": 41739
        },
        "2004-06": {
            "month": "2004-06",
            "price": "18.05",
            "revenue": 43579
        },
        "2004-07": {
            "month": "2004-07",
            "price": "16.72",
            "revenue": 52376
        },
        "2004-08": {
            "month": "2004-08",
            "price": "16.43",
            "revenue": 48484
        },
        "2004-09": {
            "month": "2004-09",
            "price": "16.94",
            "revenue": 56967
        },
        "2004-10": {
            "month": "2004-10",
            "price": "16.48",
            "revenue": 63491
        },
        "2004-11": {
            "month": "2004-11",
            "price": "15.00",
            "revenue": 64222
        },
        "2004-12": {
            "month": "2004-12",
            "price": "15.33",
            "revenue": 66641
        },
        "2005-01": {
            "month": "2005-01",
            "price": "16.92",
            "revenue": 61676
        },
        "2005-02": {
            "month": "2005-02",
            "price": "21.85",
            "revenue": 37344
        },
        "2005-03": {
            "month": "2005-03",
            "price": "21.57",
            "revenue": 67669
        },
        "2005-04": {
            "month": "2005-04",
            "price": "20.52",
            "revenue": 63606
        },
        "2005-05": {
            "month": "2005-05",
            "price": "19.68",
            "revenue": 64785
        },
        "2005-06": {
            "month": "2005-06",
            "price": "20.75",
            "revenue": 64188
        },
        "2005-07": {
            "month": "2005-07",
            "price": "23.76",
            "revenue": 58123
        },
        "2005-08": {
            "month": "2005-08",
            "price": "22.15",
            "revenue": 43905
        },
        "2005-09": {
            "month": "2005-09",
            "price": "19.22",
            "revenue": 49319
        },
        "2005-10": {
            "month": "2005-10",
            "price": "19.04",
            "revenue": 63654
        },
        "2005-11": {
            "month": "2005-11",
            "price": "18.59",
            "revenue": 82611
        },
        "2005-12": {
            "month": "2005-12",
            "price": "21.45",
            "revenue": 73642
        },
        "2006-01": {
            "month": "2006-01",
            "price": "23.21",
            "revenue": 73961
        },
        "2006-02": {
            "month": "2006-02",
            "price": "21.01",
            "revenue": 37143
        },
        "2006-03": {
            "month": "2006-03",
            "price": "20.00",
            "revenue": 63891
        },
        "2006-04": {
            "month": "2006-04",
            "price": "21.62",
            "revenue": 58388
        },
        "2006-05": {
            "month": "2006-05",
            "price": "20.85",
            "revenue": 55011
        },
        "2006-06": {
            "month": "2006-06",
            "price": "18.30",
            "revenue": 53147
        },
        "2006-07": {
            "month": "2006-07",
            "price": "18.76",
            "revenue": 59855
        },
        "2006-08": {
            "month": "2006-08",
            "price": "18.87",
            "revenue": 73092
        },
        "2006-09": {
            "month": "2006-09",
            "price": "17.90",
            "revenue": 71135
        },
        "2006-10": {
            "month": "2006-10",
            "price": "18.50",
            "revenue": 73901
        },
        "2006-11": {
            "month": "2006-11",
            "price": "18.45",
            "revenue": 101621
        },
        "2006-12": {
            "month": "2006-12",
            "price": "21.70",
            "revenue": 100501
        },
        "2007-01": {
            "month": "2007-01",
            "price": "23.63",
            "revenue": 105505
        },
        "2007-02": {
            "month": "2007-02",
            "price": "23.98",
            "revenue": 80663
        },
        "2007-03": {
            "month": "2007-03",
            "price": "28.48",
            "revenue": 76573
        },
        "2007-04": {
            "month": "2007-04",
            "price": "27.90",
            "revenue": 62342
        },
        "2007-05": {
            "month": "2007-05",
            "price": "23.57",
            "revenue": 67762
        },
        "2007-06": {
            "month": "2007-06",
            "price": "25.38",
            "revenue": 83051
        },
        "2007-07": {
            "month": "2007-07",
            "price": "28.51",
            "revenue": 62998
        },
        "2007-08": {
            "month": "2007-08",
            "price": "25.21",
            "revenue": 83817
        },
        "2007-09": {
            "month": "2007-09",
            "price": "23.55",
            "revenue": 63476
        },
        "2007-10": {
            "month": "2007-10",
            "price": "21.36",
            "revenue": 90992
        },
        "2007-11": {
            "month": "2007-11",
            "price": "19.28",
            "revenue": 82556
        },
        "2007-12": {
            "month": "2007-12",
            "price": "17.43",
            "revenue": 69024
        },
        "2008-01": {
            "month": "2008-01",
            "price": "15.10",
            "revenue": 107079
        },
        "2008-02": {
            "month": "2008-02",
            "price": "13.74",
            "revenue": 64649
        },
        "2008-03": {
            "month": "2008-03",
            "price": "13.68",
            "revenue": 86059
        },
        "2008-04": {
            "month": "2008-04",
            "price": "14.75",
            "revenue": 86163
        },
        "2008-05": {
            "month": "2008-05",
            "price": "14.62",
            "revenue": 81916
        },
        "2008-06": {
            "month": "2008-06",
            "price": "13.58",
            "revenue": 68065
        },
        "2008-07": {
            "month": "2008-07",
            "price": "11.20",
            "revenue": 73638
        },
        "2008-08": {
            "month": "2008-08",
            "price": "11.61",
            "revenue": 70041
        },
        "2008-09": {
            "month": "2008-09",
            "price": "10.73",
            "revenue": 69614
        },
        "2008-10": {
            "month": "2008-10",
            "price": "9.49",
            "revenue": 94996
        },
        "2008-11": {
            "month": "2008-11",
            "price": "7.84",
            "revenue": 117664
        },
        "2008-12": {
            "month": "2008-12",
            "price": "7.89",
            "revenue": 71474
        },
        "2009-01": {
            "month": "2009-01",
            "price": "7.60",
            "revenue": 67309
        },
        "2009-02": {
            "month": "2009-02",
            "price": "7.51",
            "revenue": 48428
        },
        "2009-03": {
            "month": "2009-03",
            "price": "8.04",
            "revenue": 44618
        },
        "2009-04": {
            "month": "2009-04",
            "price": "9.12",
            "revenue": 54447
        },
        "2009-05": {
            "month": "2009-05",
            "price": "9.14",
            "revenue": 55174
        },
        "2009-06": {
            "month": "2009-06",
            "price": "9.53",
            "revenue": 55975
        },
        "2009-07": {
            "month": "2009-07",
            "price": "9.49",
            "revenue": 47950
        },
        "2009-08": {
            "month": "2009-08",
            "price": "9.91",
            "revenue": 47932
        },
        "2009-09": {
            "month": "2009-09",
            "price": "11.85",
            "revenue": 51972
        },
        "2009-10": {
            "month": "2009-10",
            "price": "12.35",
            "revenue": 74188
        },
        "2009-11": {
            "month": "2009-11",
            "price": "14.01",
            "revenue": 80587
        },
        "2009-12": {
            "month": "2009-12",
            "price": "14.54",
            "revenue": 54655
        },
        "2010-01": {
            "month": "2010-01",
            "price": "15.32",
            "revenue": 74485
        },
        "2010-02": {
            "month": "2010-02",
            "price": "14.99",
            "revenue": 46205
        },
        "2010-03": {
            "month": "2010-03",
            "price": "17.08",
            "revenue": 63030
        },
        "2010-04": {
            "month": "2010-04",
            "price": "19.67",
            "revenue": 63808
        },
        "2010-05": {
            "month": "2010-05",
            "price": "16.31",
            "revenue": 52797
        },
        "2010-06": {
            "month": "2010-06",
            "price": "16.63",
            "revenue": 63038
        },
        "2010-07": {
            "month": "2010-07",
            "price": "16.24",
            "revenue": 73567
        },
        "2010-08": {
            "month": "2010-08",
            "price": "15.39",
            "revenue": 64825
        },
        "2010-09": {
            "month": "2010-09",
            "price": "14.81",
            "revenue": 76372
        },
        "2010-10": {
            "month": "2010-10",
            "price": "14.34",
            "revenue": 77296
        },
        "2010-11": {
            "month": "2010-11",
            "price": "13.26",
            "revenue": 84791
        },
        "2010-12": {
            "month": "2010-12",
            "price": "13.63",
            "revenue": 76111
        },
        "2011-01": {
            "month": "2011-01",
            "price": "13.29",
            "revenue": 84820
        },
        "2011-02": {
            "month": "2011-02",
            "price": "13.26",
            "revenue": 45290
        },
        "2011-03": {
            "month": "2011-03",
            "price": "12.47",
            "revenue": 58013
        },
        "2011-04": {
            "month": "2011-04",
            "price": "12.34",
            "revenue": 62851
        },
        "2011-05": {
            "month": "2011-05",
            "price": "12.15",
            "revenue": 63116
        },
        "2011-06": {
            "month": "2011-06",
            "price": "12.20",
            "revenue": 54677
        },
        "2011-07": {
            "month": "2011-07",
            "price": "12.03",
            "revenue": 57383
        },
        "2011-08": {
            "month": "2011-08",
            "price": "10.41",
            "revenue": 77449
        },
        "2011-09": {
            "month": "2011-09",
            "price": "9.87",
            "revenue": 52138
        },
        "2011-10": {
            "month": "2011-10",
            "price": "9.52",
            "revenue": 74962
        },
        "2011-11": {
            "month": "2011-11",
            "price": "10.02",
            "revenue": 88925
        },
        "2011-12": {
            "month": "2011-12",
            "price": "9.46",
            "revenue": 74998
        },
        "2012-01": {
            "month": "2012-01",
            "price": "9.23",
            "revenue": 68871
        },
        "2012-02": {
            "month": "2012-02",
            "price": "10.24",
            "revenue": 67095
        },
        "2012-03": {
            "month": "2012-03",
            "price": "10.57",
            "revenue": 60247
        },
        "2012-04": {
            "month": "2012-04",
            "price": "10.65",
            "revenue": 57384
        },
        "2012-05": {
            "month": "2012-05",
            "price": "10.85",
            "revenue": 60214
        },
        "2012-06": {
            "month": "2012-06",
            "price": "10.69",
            "revenue": 53687
        },
        "2012-07": {
            "month": "2012-07",
            "price": "10.80",
            "revenue": 57633
        },
        "2012-08": {
            "month": "2012-08",
            "price": "10.58",
            "revenue": 83797
        },
        "2012-09": {
            "month": "2012-09",
            "price": "12.11",
            "revenue": 68872
        },
        "2012-10": {
            "month": "2012-10",
            "price": "11.87",
            "revenue": 78593
        },
        "2012-11": {
            "month": "2012-11",
            "price": "11.96",
            "revenue": 82225
        },
        "2012-12": {
            "month": "2012-12",
            "price": "12.10",
            "revenue": 69442
        },
        "2013-01": {
            "month": "2013-01",
            "price": "12.12",
            "revenue": 84357
        },
        "2013-02": {
            "month": "2013-02",
            "price": "11.92",
            "revenue": 64543
        },
        "2013-03": {
            "month": "2013-03",
            "price": "12.10",
            "revenue": 69266
        },
        "2013-04": {
            "month": "2013-04",
            "price": "11.80",
            "revenue": 80898
        },
        "2013-05": {
            "month": "2013-05",
            "price": "12.13",
            "revenue": 74539
        },
        "2013-06": {
            "month": "2013-06",
            "price": "12.28",
            "revenue": 69622
        },
        "2013-07": {
            "month": "2013-07",
            "price": "12.26",
            "revenue": 66528
        },
        "2013-08": {
            "month": "2013-08",
            "price": "11.55",
            "revenue": 63547
        },
        "2013-09": {
            "month": "2013-09",
            "price": "11.05",
            "revenue": 61939
        },
        "2013-10": {
            "month": "2013-10",
            "price": "10.95",
            "revenue": 77928
        },
        "2013-11": {
            "month": "2013-11",
            "price": "10.83",
            "revenue": 87935
        },
        "2013-12": {
            "month": "2013-12",
            "price": "11.11",
            "revenue": 81180
        },
        "2014-01": {
            "month": "2014-01",
            "price": "11.83",
            "revenue": 87999
        },
        "2014-02": {
            "month": "2014-02",
            "price": "14.10",
            "revenue": 72012
        },
        "2014-03": {
            "month": "2014-03",
            "price": "14.16",
            "revenue": 80628
        },
        "2014-04": {
            "month": "2014-04",
            "price": "14.10",
            "revenue": 91855
        },
        "2014-05": {
            "month": "2014-05",
            "price": "14.36",
            "revenue": 99258
        },
        "2014-06": {
            "month": "2014-06",
            "price": "15.57",
            "revenue": 89199
        },
        "2014-07": {
            "month": "2014-07",
            "price": "16.43",
            "revenue": 96181
        },
        "2014-08": {
            "month": "2014-08",
            "price": "15.85",
            "revenue": 101101
        },
        "2014-09": {
            "month": "2014-09",
            "price": "16.10",
            "revenue": 88868
        },
        "2014-10": {
            "month": "2014-10",
            "price": "15.25",
            "revenue": 88336
        },
        "2014-11": {
            "month": "2014-11",
            "price": "15.56",
            "revenue": 73473
        },
        "2014-12": {
            "month": "2014-12",
            "price": "16.78",
            "revenue": 81409
        },
        "2015-01": {
            "month": "2015-01",
            "price": "17.80",
            "revenue": 84795
        },
        "2015-02": {
            "month": "2015-02",
            "price": "18.82",
            "revenue": 82101
        },
        "2015-03": {
            "month": "2015-03",
            "price": "18.44",
            "revenue": 85023
        },
        "2015-04": {
            "month": "2015-04",
            "price": "17.04",
            "revenue": 81218
        },
        "2015-05": {
            "month": "2015-05",
            "price": "15.96",
            "revenue": 90089
        },
        "2015-06": {
            "month": "2015-06",
            "price": "15.13",
            "revenue": 88742
        },
        "2015-07": {
            "month": "2015-07",
            "price": "15.05",
            "revenue": 85179
        },
        "2015-08": {
            "month": "2015-08",
            "price": "13.42",
            "revenue": 72297
        },
        "2015-09": {
            "month": "2015-09",
            "price": "12.24",
            "revenue": 68720
        },
        "2015-10": {
            "month": "2015-10",
            "price": "12.23",
            "revenue": 67174
        },
        "2015-11": {
            "month": "2015-11",
            "price": "12.11",
            "revenue": 71002
        },
        "2015-12": {
            "month": "2015-12",
            "price": "11.51",
            "revenue": 67169
        },
        "2016-01": {
            "month": "2016-01",
            "price": "10.80",
            "revenue": 72573
        },
        "2016-02": {
            "month": "2016-02",
            "price": "11.30",
            "revenue": 55667
        },
        "2016-03": {
            "month": "2016-03",
            "price": "12.40",
            "revenue": 74109
        },
        "2016-04": {
            "month": "2016-04",
            "price": "12.91",
            "revenue": 72816
        },
        "2016-05": {
            "month": "2016-05",
            "price": "12.13",
            "revenue": 75115
        },
        "2016-06": {
            "month": "2016-06",
            "price": "12.25",
            "revenue": 71005
        },
        "2016-07": {
            "month": "2016-07",
            "price": "12.57",
            "revenue": 54741
        },
        "2016-08": {
            "month": "2016-08",
            "price": "11.87",
            "revenue": 62568
        },
        "2016-09": {
            "month": "2016-09",
            "price": "11.90",
            "revenue": 62494
        },
        "2016-10": {
            "month": "2016-10",
            "price": "11.81",
            "revenue": 61178
        },
        "2016-11": {
            "month": "2016-11",
            "price": "11.43",
            "revenue": 63510
        },
        "2016-12": {
            "month": "2016-12",
            "price": "11.42",
            "revenue": 64332
        },
        "2017-01": {
            "month": "2017-01",
            "price": "11.74",
            "revenue": 63919
        },
        "2017-02": {
            "month": "2017-02",
            "price": "11.87",
            "revenue": 61728
        },
        "2017-03": {
            "month": "2017-03",
            "price": "12.53",
            "revenue": 77909
        },
        "2017-04": {
            "month": "2017-04",
            "price": "12.82",
            "revenue": 70488
        },
        "2017-05": {
            "month": "2017-05",
            "price": "12.69",
            "revenue": 80920
        },
        "2017-06": {
            "month": "2017-06",
            "price": "13.08",
            "revenue": 78110
        },
        "2017-07": {
            "month": "2017-07",
            "price": "13.14",
            "revenue": 71559
        },
        "2017-08": {
            "month": "2017-08",
            "price": "12.88",
            "revenue": 64890
        },
        "2017-09": {
            "month": "2017-09",
            "price": "12.77",
            "revenue": 63443
        },
        "2017-10": {
            "month": "2017-10",
            "price": "12.55",
            "revenue": 73078
        },
        "2017-11": {
            "month": "2017-11",
            "price": "12.70",
            "revenue": 73653
        },
        "2017-12": {
            "month": "2017-12",
            "price": "12.27",
            "revenue": 64418
        },
        "2018-01": {
            "month": "2018-01",
            "price": "12.27",
            "revenue": 64981
        },
        "2018-02": {
            "month": "2018-02",
            "price": "12.20",
            "revenue": 53653
        },
        "2018-03": {
            "month": "2018-03",
            "price": "12.10",
            "revenue": 72424
        },
        "2018-04": {
            "month": "2018-04",
            "price": "11.89",
            "revenue": 82511
        },
        "2018-05": {
            "month": "2018-05",
            "price": "12.01",
            "revenue": 74853
        },
        "2018-06": {
            "month": "2018-06",
            "price": "11.99",
            "revenue": 74936
        },
        "2018-07": {
            "month": "2018-07",
            "price": "11.93",
            "revenue": 71910
        },
        "2018-08": {
            "month": "2018-08",
            "price": "11.70",
            "revenue": 65998
        },
        "2018-09": {
            "month": "2018-09",
            "price": "11.42",
            "revenue": 62437
        },
        "2018-10": {
            "month": "2018-10",
            "price": "10.67",
            "revenue": 79576
        },
        "2018-11": {
            "month": "2018-11",
            "price": "10.18",
            "revenue": 84257
        },
        "2018-12": {
            "month": "2018-12",
            "price": "10.38",
            "revenue": 75679
        },
        "2019-01": {
            "month": "2019-01",
            "price": "10.25",
            "revenue": 74242
        },
        "2019-02": {
            "month": "2019-02",
            "price": "10.99",
            "revenue": 55842
        },
        "2019-03": {
            "month": "2019-03",
            "price": "11.16",
            "revenue": 65123
        },
        "2019-04": {
            "month": "2019-04",
            "price": "11.36",
            "revenue": 65988
        },
        "2019-05": {
            "month": "2019-05",
            "price": "11.09",
            "revenue": 79535
        },
        "2019-06": {
            "month": "2019-06",
            "price": "11.08",
            "revenue": 67972
        },
        "2019-07": {
            "month": "2019-07",
            "price": "11.19",
            "revenue": 68839
        },
        "2019-08": {
            "month": "2019-08",
            "price": "11.15",
            "revenue": 60393
        },
        "2019-09": {
            "month": "2019-09",
            "price": "11.07",
            "revenue": 71307
        },
        "2019-10": {
            "month": "2019-10",
            "price": "11.10",
            "revenue": 82776
        },
        "2019-11": {
            "month": "2019-11",
            "price": "11.98",
            "revenue": 62455
        },
        "2019-12": {
            "month": "2019-12",
            "price": "12.16",
            "revenue": 68542
        },
        "2020-01": {
            "month": "2020-01",
            "price": "12.00",
            "revenue": 66087
        },
        "2020-02": {
            "month": "2020-02",
            "price": "11.83",
            "revenue": 56336
        },
        "2020-03": {
            "month": "2020-03",
            "price": "10.83",
            "revenue": 50516
        },
        "2020-04": {
            "month": "2020-04",
            "price": "10.73",
            "revenue": 62930
        },
        "2020-05": {
            "month": "2020-05",
            "price": "10.87",
            "revenue": 52631
        },
        "2020-06": {
            "month": "2020-06",
            "price": "10.97",
            "revenue": 53491
        },
        "2020-07": {
            "month": "2020-07",
            "price": "11.24",
            "revenue": 55031
        },
        "2020-08": {
            "month": "2020-08",
            "price": "11.04",
            "revenue": 40885
        },
        "2020-09": {
            "month": "2020-09",
            "price": "11.01",
            "revenue": 40224
        },
        "2020-10": {
            "month": "2020-10",
            "price": "11.18",
            "revenue": 45072
        },
        "2020-11": {
            "month": "2020-11",
            "price": "11.12",
            "revenue": 42409
        },
        "2020-12": {
            "month": "2020-12",
            "price": "11.23",
            "revenue": 55924
        },
        "2021-01": {
            "month": "2021-01",
            "price": "11.28",
            "revenue": 49689
        },
        "2021-02": {
            "month": "2021-02",
            "price": "11.22",
            "revenue": 35645
        },
        "2021-03": {
            "month": "2021-03",
            "price": "11.60",
            "revenue": 41587
        },
        "2021-04": {
            "month": "2021-04",
            "price": "12.53",
            "revenue": 42106
        },
        "2021-05": {
            "month": "2021-05",
            "price": "12.37",
            "revenue": 32381
        },
        "2021-06": {
            "month": "2021-06",
            "price": "12.00",
            "revenue": 27559
        },
        "2021-07": {
            "month": "2021-07",
            "price": "11.52",
            "revenue": 42574
        },
        "2021-08": {
            "month": "2021-08",
            "price": "11.79",
            "revenue": 53161
        },
        "2021-09": {
            "month": "2021-09",
            "price": "12.06",
            "revenue": 58963
        },
        "2021-10": {
            "month": "2021-10",
            "price": "12.07",
            "revenue": 44950
        },
        "2021-11": {
            "month": "2021-11",
            "price": "13.18",
            "revenue": 28164
        },
        "2021-12": {
            "month": "2021-12",
            "price": "13.01",
            "revenue": 37856
        },
        "2022-01": {
            "month": "2022-01",
            "price": "12.84",
            "revenue": 43381
        },
        "2022-02": {
            "month": "2022-02",
            "price": "12.49",
            "revenue": 29117
        },
        "2022-03": {
            "month": "2022-03",
            "price": "11.95",
            "revenue": 38704
        },
        "2022-04": {
            "month": "2022-04",
            "price": "11.73",
            "revenue": 21219
        },
        "2022-05": {
            "month": "2022-05",
            "price": "11.23",
            "revenue": 27717
        },
        "2022-06": {
            "month": "2022-06",
            "price": "11.99",
            "revenue": 33493
        },
        "2022-07": {
            "month": "2022-07",
            "price": "11.86",
            "revenue": 33616
        },
        "2022-08": {
            "month": "2022-08",
            "price": "11.99",
            "revenue": 29776
        },
        "2022-09": {
            "month": "2022-09",
            "price": "11.55",
            "revenue": 26076
        },
        "2022-10": {
            "month": "2022-10",
            "price": "11.13",
            "revenue": 41076
        },
        "2022-11": {
            "month": "2022-11",
            "price": "11.08",
            "revenue": 35864
        },
        "2022-12": {
            "month": "2022-12",
            "price": "10.95",
            "revenue": 25802
        },
        "2023-01": {
            "month": "2023-01",
            "price": "10.93",
            "revenue": 33695
        },
        "2023-02": {
            "month": "2023-02",
            "price": "11.03",
            "revenue": 24685
        },
        "2023-03": {
            "month": "2023-03",
            "price": "11.30",
            "revenue": 29505
        },
        "2023-04": {
            "month": "2023-04",
            "price": "11.16",
            "revenue": 25910
        }
    }
}
