{
    "summary": {
        "stock_name": "霖宏",
        "stock_id": "5464",
        "category": "電子零組件",
        "main_business": "多層及雙面印刷電路板加工製造及內外銷業務。<br>電子產品及其零配件之設計製造加工修護及銷售業務。<br>前各項產品之進出口貿易業務與投標報價及經銷業務。",
        "website_url": "http://www.lhtech.com.tw",
        "ceo": "張枋霖",
        "pe_ratio": 11,
        "report_year_from": 2001,
        "report_year_to": 2023,
        "age": 22,
        "eps_negative_percentage": 13,
        "eps_growth_avg": {
            "last_all": -7.92,
            "last_2y": -15.63,
            "last_4y": -57.81,
            "last_8y": -48.75,
            "last_12y": -23.29,
            "last_16y": -18.26,
            "last_20y": -7.92,
            "at_2006_last_3y": 21.15,
            "at_2007_last_3y": 52.72,
            "at_2008_last_3y": 23.78,
            "at_2009_last_3y": -5.67,
            "at_2010_last_3y": -8.24,
            "at_2011_last_3y": 0.06,
            "at_2012_last_3y": -16.18,
            "at_2013_last_3y": 14.89,
            "at_2014_last_3y": 35.4,
            "at_2015_last_3y": 4.36,
            "at_2016_last_3y": 5.79,
            "at_2017_last_3y": -44.21,
            "at_2018_last_3y": -70.33,
            "at_2019_last_3y": -91.67,
            "at_2020_last_3y": -100,
            "at_2021_last_3y": -100,
            "at_2022_last_3y": -57.81,
            "at_2023_last_3y": -57.81,
            "at_2006_last_all": 15.07,
            "at_2007_last_all": 21.72,
            "at_2008_last_all": 16.37,
            "at_2009_last_all": 11.29,
            "at_2010_last_all": 4.71,
            "at_2011_last_all": 13.06,
            "at_2012_last_all": 4.53,
            "at_2013_last_all": 12.49,
            "at_2014_last_all": 14.15,
            "at_2015_last_all": 10.57,
            "at_2016_last_all": 4.87,
            "at_2017_last_all": -1.69,
            "at_2018_last_all": -1.69,
            "at_2019_last_all": -7.47,
            "at_2020_last_all": -7.47,
            "at_2021_last_all": -7.47,
            "at_2022_last_all": -7.92,
            "at_2023_last_all": -7.92
        },
        "latest_eps": 2.55,
        "latest_price": 28.95,
        "latest_roe": 13.47,
        "latest_gross_margin": 4.49,
        "latest_equity": 1364405,
        "latest_revenue": 253540,
        "latest_gross_profit": 11395,
        "latest_net_income": 67498,
        "latest_debt_ratio": 76.83,
        "latest_current_ratio": 102.47,
        "latest_account_receivable_turnover_ratio": 1.25,
        "latest_inventory_turnover_ratio": 1.86,
        "latest_reinvestment_rate": 243.57,
        "latest_research_to_sale_ratio": 1.35
    },
    "eps_dividends": {
        "1999": {
            "cash": 0,
            "stock": 4,
            "eps": 0
        },
        "2000": {
            "cash": 0,
            "stock": 1.63,
            "eps": 0
        },
        "2001": {
            "cash": 0,
            "stock": 2,
            "eps": 2.92
        },
        "2002": {
            "cash": 0.5,
            "stock": 2,
            "eps": 2.65
        },
        "2003": {
            "cash": 1,
            "stock": 1,
            "eps": 0.76
        },
        "2004": {
            "cash": 0.6,
            "stock": 0,
            "eps": 2.17
        },
        "2005": {
            "cash": 0.8,
            "stock": 1,
            "eps": 4.2
        },
        "2006": {
            "cash": 3,
            "stock": 0,
            "eps": 2.62
        },
        "2007": {
            "cash": 2,
            "stock": 0,
            "eps": 4.06
        },
        "2008": {
            "cash": 2,
            "stock": 1.5,
            "eps": 3.42
        },
        "2009": {
            "cash": 2,
            "stock": 0,
            "eps": 2.59
        },
        "2010": {
            "cash": 2,
            "stock": 0,
            "eps": 1.35
        },
        "2011": {
            "cash": 1,
            "stock": 0,
            "eps": 2.54
        },
        "2012": {
            "cash": 2,
            "stock": 0,
            "eps": 0.49
        },
        "2013": {
            "cash": 0.5,
            "stock": 0,
            "eps": 2.05
        },
        "2014": {
            "cash": 2.05,
            "stock": 0,
            "eps": 2.75
        },
        "2015": {
            "cash": 2.2,
            "stock": 0,
            "eps": 1.76
        },
        "2016": {
            "cash": 1.5,
            "stock": 0,
            "eps": 0.44
        },
        "2017": {
            "cash": 0.4,
            "stock": 0,
            "eps": -1.99
        },
        "2018": {
            "cash": 0,
            "stock": 0,
            "eps": 2.88
        },
        "2019": {
            "cash": 1,
            "stock": 0,
            "eps": -0.18
        },
        "2020": {
            "cash": 0.5,
            "stock": 0,
            "eps": -2.32
        },
        "2021": {
            "cash": 0,
            "stock": 0,
            "eps": 4.8
        },
        "2022": {
            "cash": 2,
            "stock": 0,
            "eps": 4.05
        },
        "2023": {
            "cash": 2,
            "stock": 0,
            "eps": 1.05
        }
    },
    "dividends": {
        "1999-03-04": {
            "cash": 0,
            "stock": 4
        },
        "2000-04-24": {
            "cash": 0,
            "stock": 1.63
        },
        "2001-05-30": {
            "cash": 0,
            "stock": 2
        },
        "2002-06-14": {
            "cash": 0.5,
            "stock": 2
        },
        "2003-06-27": {
            "cash": 1,
            "stock": 1
        },
        "2004-03-30": {
            "cash": 0.6,
            "stock": 0
        },
        "2005-06-17": {
            "cash": 0.8,
            "stock": 1
        },
        "2006-03-24": {
            "cash": 3,
            "stock": 0
        },
        "2007-03-27": {
            "cash": 2,
            "stock": 0
        },
        "2008-04-18": {
            "cash": 2,
            "stock": 1.5
        },
        "2009-04-23": {
            "cash": 2,
            "stock": 0
        },
        "2010-03-31": {
            "cash": 2,
            "stock": 0
        },
        "2011-03-29": {
            "cash": 1,
            "stock": 0
        },
        "2012-06-18": {
            "cash": 2,
            "stock": 0
        },
        "2013-06-13": {
            "cash": 0.5,
            "stock": 0
        },
        "2014-09-18": {
            "cash": 2.05,
            "stock": 0
        },
        "2015-10-08": {
            "cash": 2.2,
            "stock": 0
        },
        "2016-10-07": {
            "cash": 1.5,
            "stock": 0
        },
        "2017-09-29": {
            "cash": 0.4,
            "stock": 0
        },
        "2019-10-07": {
            "cash": 1,
            "stock": 0
        },
        "2020-10-12": {
            "cash": 0.5,
            "stock": 0
        },
        "2022-09-23": {
            "cash": 2,
            "stock": 0
        },
        "2023-09-21": {
            "cash": 2,
            "stock": 0
        }
    },
    "prices": {
        "200101": "26.72",
        "200102": "36.75",
        "200103": "40.16",
        "200104": "48.16",
        "200105": "40.22",
        "200106": "32.59",
        "200107": "24.13",
        "200108": "27.97",
        "200109": "22.77",
        "200110": "20.95",
        "200111": "23.60",
        "200112": "32.56",
        "200201": "37.94",
        "200202": "42.22",
        "200203": "49.57",
        "200204": "45.14",
        "200205": "46.46",
        "200206": "47.90",
        "200207": "57.49",
        "200208": "64.98",
        "200209": "49.58",
        "200210": "40.31",
        "200211": "43.21",
        "200212": "35.05",
        "200301": "31.70",
        "200302": "28.74",
        "200303": "32.29",
        "200304": "36.90",
        "200305": "22.70",
        "200306": "24.22",
        "200307": "24.48",
        "200308": "23.65",
        "200309": "19.80",
        "200310": "19.97",
        "200311": "21.52",
        "200312": "26.17",
        "200401": "25.03",
        "200402": "23.77",
        "200403": "21.29",
        "200404": "19.65",
        "200405": "15.70",
        "200406": "15.31",
        "200407": "15.85",
        "200408": "15.44",
        "200409": "15.91",
        "200410": "16.16",
        "200411": "16.89",
        "200412": "16.49",
        "200501": "15.49",
        "200502": "17.71",
        "200503": "26.62",
        "200504": "26.53",
        "200505": "25.81",
        "200506": "28.39",
        "200507": "31.56",
        "200508": "32.76",
        "200509": "31.49",
        "200510": "31.28",
        "200511": "32.15",
        "200512": "33.68",
        "200601": "32.38",
        "200602": "27.89",
        "200603": "25.92",
        "200604": "27.06",
        "200605": "26.06",
        "200606": "23.64",
        "200607": "23.23",
        "200608": "20.29",
        "200609": "20.93",
        "200610": "23.37",
        "200611": "24.24",
        "200612": "25.32",
        "200701": "26.42",
        "200702": "26.65",
        "200703": "30.69",
        "200704": "32.49",
        "200705": "31.90",
        "200706": "33.11",
        "200707": "53.14",
        "200708": "50.51",
        "200709": "44.34",
        "200710": "39.88",
        "200711": "35.03",
        "200712": "30.52",
        "200801": "28.76",
        "200802": "31.62",
        "200803": "33.70",
        "200804": "38.13",
        "200805": "39.27",
        "200806": "36.65",
        "200807": "31.90",
        "200808": "32.32",
        "200809": "23.25",
        "200810": "17.70",
        "200811": "14.66",
        "200812": "13.52",
        "200901": "13.64",
        "200902": "13.98",
        "200903": "18.25",
        "200904": "22.57",
        "200905": "30.23",
        "200906": "26.15",
        "200907": "28.13",
        "200908": "31.10",
        "200909": "30.47",
        "200910": "30.76",
        "200911": "36.43",
        "200912": "41.96",
        "201001": "36.63",
        "201002": "30.67",
        "201003": "34.58",
        "201004": "35.20",
        "201005": "31.35",
        "201006": "33.48",
        "201007": "32.72",
        "201008": "33.71",
        "201009": "32.13",
        "201010": "30.96",
        "201011": "28.80",
        "201012": "29.43",
        "201101": "28.94",
        "201102": "28.96",
        "201103": "29.03",
        "201104": "26.52",
        "201105": "26.09",
        "201106": "24.05",
        "201107": "21.79",
        "201108": "19.81",
        "201109": "20.67",
        "201110": "20.80",
        "201111": "21.27",
        "201112": "19.90",
        "201201": "20.06",
        "201202": "23.02",
        "201203": "23.52",
        "201204": "24.17",
        "201205": "22.85",
        "201206": "21.56",
        "201207": "21.52",
        "201208": "21.92",
        "201209": "22.06",
        "201210": "20.00",
        "201211": "18.21",
        "201212": "17.96",
        "201301": "18.06",
        "201302": "19.34",
        "201303": "19.17",
        "201304": "19.37",
        "201305": "21.63",
        "201306": "21.07",
        "201307": "20.12",
        "201308": "21.47",
        "201309": "21.23",
        "201310": "20.50",
        "201311": "19.45",
        "201312": "18.95",
        "201401": "20.23",
        "201402": "20.07",
        "201403": "22.17",
        "201404": "23.85",
        "201405": "26.57",
        "201406": "26.33",
        "201407": "24.55",
        "201408": "22.08",
        "201409": "19.18",
        "201410": "18.79",
        "201411": "20.08",
        "201412": "20.72",
        "201501": "22.08",
        "201502": "22.65",
        "201503": "22.89",
        "201504": "24.05",
        "201505": "21.72",
        "201506": "20.21",
        "201507": "19.91",
        "201508": "17.79",
        "201509": "15.43",
        "201510": "16.75",
        "201511": "16.88",
        "201512": "16.93",
        "201601": "16.71",
        "201602": "16.86",
        "201603": "17.28",
        "201604": "16.78",
        "201605": "16.15",
        "201606": "16.04",
        "201607": "16.40",
        "201608": "17.00",
        "201609": "16.22",
        "201610": "16.42",
        "201611": "15.65",
        "201612": "15.18",
        "201701": "15.06",
        "201702": "15.13",
        "201703": "15.41",
        "201704": "15.29",
        "201705": "13.71",
        "201706": "13.18",
        "201707": "13.64",
        "201708": "13.37",
        "201709": "13.28",
        "201710": "13.08",
        "201711": "12.69",
        "201712": "12.72",
        "201801": "13.49",
        "201802": "13.69",
        "201803": "14.11",
        "201804": "13.94",
        "201805": "13.68",
        "201806": "13.79",
        "201807": "19.42",
        "201808": "21.28",
        "201809": "18.79",
        "201810": "16.01",
        "201811": "16.93",
        "201812": "17.30",
        "201901": "16.10",
        "201902": "16.80",
        "201903": "18.66",
        "201904": "19.62",
        "201905": "17.19",
        "201906": "16.94",
        "201907": "17.23",
        "201908": "16.90",
        "201909": "17.00",
        "201910": "16.24",
        "201911": "15.32",
        "201912": "14.91",
        "202001": "14.30",
        "202002": "13.31",
        "202003": "10.99",
        "202004": "10.84",
        "202005": "11.10",
        "202006": "11.67",
        "202007": "11.78",
        "202008": "11.51",
        "202009": "11.32",
        "202010": "11.33",
        "202011": "11.79",
        "202012": "12.93",
        "202101": "13.39",
        "202102": "14.26",
        "202103": "16.04",
        "202104": "19.59",
        "202105": "20.70",
        "202106": "24.15",
        "202107": "36.20",
        "202108": "29.67",
        "202109": "25.08",
        "202110": "22.18",
        "202111": "25.02",
        "202112": "25.53",
        "202201": "23.84",
        "202202": "23.41",
        "202203": "23.07",
        "202204": "22.14",
        "202205": "21.78",
        "202206": "25.62",
        "202207": "23.65",
        "202208": "25.02",
        "202209": "23.05",
        "202210": "21.13",
        "202211": "24.53",
        "202212": "25.80",
        "202301": "25.32",
        "202302": "27.73",
        "202303": "31.75",
        "202304": "30.52",
        "202305": "30.84",
        "202306": "32.00",
        "202307": "30.66",
        "202308": "29.08",
        "202309": "27.71",
        "202310": "27.56"
    },
    "quarters": {
        "20011": {
            "year_quarter": 20011,
            "year": 2001,
            "quarter": 1,
            "eps": 1.15,
            "eps_growth_year": 112.96,
            "eps_4q": 3.33,
            "eps_4q_growth_year": null,
            "roe": 8.38,
            "roe_4q": 8.38,
            "gross_profit": 57798,
            "gross_margin": 24.08,
            "gross_margin_4q_avg": 24.08,
            "net_income": 33697,
            "net_income_4q": null,
            "revenue": 239999,
            "revenue_4q": null,
            "common_shares": 293000,
            "book_valuer_per_share": 14.3,
            "book_valuer_per_share_4q_avg": 14.3,
            "equity": 418955,
            "current_ratio": 199.6,
            "debt_ratio": 32.71,
            "inventory_turnover_ratio": 3.99,
            "account_receivable_turnover_ratio": null,
            "reinvestment_rate": null,
            "research_to_sale_ratio": null,
            "price_fair": 0,
            "eps_avg_yearly": 0,
            "eps_latest_yearly": 0,
            "eps_growth_yearly": 0
        },
        "20012": {
            "year_quarter": 20012,
            "year": 2001,
            "quarter": 2,
            "eps": 0.08,
            "eps_growth_year": -88.57,
            "eps_4q": 2.78,
            "eps_4q_growth_year": 30.83,
            "roe": 0.56,
            "roe_4q": 8.940000000000001,
            "gross_profit": 17421,
            "gross_margin": 16.34,
            "gross_margin_4q_avg": 20.21,
            "net_income": 2361,
            "net_income_4q": null,
            "revenue": 106628,
            "revenue_4q": null,
            "common_shares": 293000,
            "book_valuer_per_share": 14.28,
            "book_valuer_per_share_4q_avg": 14.29,
            "equity": 418529,
            "current_ratio": 225.08,
            "debt_ratio": 28.7,
            "inventory_turnover_ratio": 2.58,
            "account_receivable_turnover_ratio": null,
            "reinvestment_rate": null,
            "research_to_sale_ratio": null,
            "price_fair": 0,
            "eps_avg_yearly": 0,
            "eps_latest_yearly": 0,
            "eps_growth_yearly": 0
        },
        "20013": {
            "year_quarter": 20013,
            "year": 2001,
            "quarter": 3,
            "eps": 0.71,
            "eps_growth_year": -6.58,
            "eps_4q": 2.43,
            "eps_4q_growth_year": 25.62,
            "roe": 5.75,
            "roe_4q": 14.690000000000001,
            "gross_profit": 42852,
            "gross_margin": 23,
            "gross_margin_4q_avg": 21.14,
            "net_income": 24799,
            "net_income_4q": null,
            "revenue": 186319,
            "revenue_4q": null,
            "common_shares": 351600,
            "book_valuer_per_share": 12.61,
            "book_valuer_per_share_4q_avg": 13.73,
            "equity": 443328,
            "current_ratio": 230.41,
            "debt_ratio": 28.71,
            "inventory_turnover_ratio": 4.26,
            "account_receivable_turnover_ratio": null,
            "reinvestment_rate": null,
            "research_to_sale_ratio": null,
            "price_fair": 0,
            "eps_avg_yearly": 0,
            "eps_latest_yearly": 0,
            "eps_growth_yearly": 0
        },
        "20014": {
            "year_quarter": 20014,
            "year": 2001,
            "quarter": 4,
            "eps": 0.98,
            "eps_growth_year": 19.51,
            "eps_4q": 2.71,
            "eps_4q_growth_year": 2.1,
            "roe": 7.47,
            "roe_4q": 22.16,
            "gross_profit": 49889,
            "gross_margin": 26.01,
            "gross_margin_4q_avg": 22.36,
            "net_income": 34405,
            "net_income_4q": null,
            "revenue": 191835,
            "revenue_4q": null,
            "common_shares": 351600,
            "book_valuer_per_share": 13.59,
            "book_valuer_per_share_4q_avg": 13.7,
            "equity": 477733,
            "current_ratio": 240.12,
            "debt_ratio": 29.29,
            "inventory_turnover_ratio": 3.63,
            "account_receivable_turnover_ratio": null,
            "reinvestment_rate": null,
            "research_to_sale_ratio": null,
            "price_fair": 0,
            "eps_avg_yearly": 0,
            "eps_latest_yearly": 0,
            "eps_growth_yearly": 0
        },
        "20021": {
            "year_quarter": 20021,
            "year": 2002,
            "quarter": 1,
            "eps": 0.85,
            "eps_growth_year": -26.09,
            "eps_4q": 2.6,
            "eps_4q_growth_year": -21.85,
            "roe": 6.07,
            "roe_4q": 19.849999999999998,
            "gross_profit": 49678,
            "gross_margin": 25.45,
            "gross_margin_4q_avg": 22.7,
            "net_income": 29900,
            "net_income_4q": null,
            "revenue": 195208,
            "revenue_4q": null,
            "common_shares": 351600,
            "book_valuer_per_share": 14.44,
            "book_valuer_per_share_4q_avg": 13.73,
            "equity": 507633,
            "current_ratio": 267.01,
            "debt_ratio": 27.32,
            "inventory_turnover_ratio": 3.81,
            "account_receivable_turnover_ratio": null,
            "reinvestment_rate": null,
            "research_to_sale_ratio": null,
            "price_fair": 10.2,
            "eps_avg_yearly": 3.4,
            "eps_latest_yearly": 3.4,
            "eps_growth_yearly": -53.06
        },
        "20022": {
            "year_quarter": 20022,
            "year": 2002,
            "quarter": 2,
            "eps": 0.58,
            "eps_growth_year": 625,
            "eps_4q": 3.11,
            "eps_4q_growth_year": 11.92,
            "roe": 4.01,
            "roe_4q": 23.3,
            "gross_profit": 37896,
            "gross_margin": 23.47,
            "gross_margin_4q_avg": 24.48,
            "net_income": 20397,
            "net_income_4q": null,
            "revenue": 161479,
            "revenue_4q": null,
            "common_shares": 351600,
            "book_valuer_per_share": 14.47,
            "book_valuer_per_share_4q_avg": 13.78,
            "equity": 508735,
            "current_ratio": 224.69,
            "debt_ratio": 26.3,
            "inventory_turnover_ratio": 4.75,
            "account_receivable_turnover_ratio": null,
            "reinvestment_rate": null,
            "research_to_sale_ratio": null,
            "price_fair": 8.58,
            "eps_avg_yearly": 2.86,
            "eps_latest_yearly": 2.32,
            "eps_growth_yearly": -90.06
        },
        "20023": {
            "year_quarter": 20023,
            "year": 2002,
            "quarter": 3,
            "eps": 0.55,
            "eps_growth_year": -22.54,
            "eps_4q": 2.55,
            "eps_4q_growth_year": 5.07,
            "roe": 4.48,
            "roe_4q": 22.03,
            "gross_profit": 40528,
            "gross_margin": 22.84,
            "gross_margin_4q_avg": 24.44,
            "net_income": 23295,
            "net_income_4q": null,
            "revenue": 177457,
            "revenue_4q": null,
            "common_shares": 423800,
            "book_valuer_per_share": 12.55,
            "book_valuer_per_share_4q_avg": 13.76,
            "equity": 532031,
            "current_ratio": 229.33,
            "debt_ratio": 26.95,
            "inventory_turnover_ratio": 5.45,
            "account_receivable_turnover_ratio": null,
            "reinvestment_rate": null,
            "research_to_sale_ratio": null,
            "price_fair": 7.92,
            "eps_avg_yearly": 2.64,
            "eps_latest_yearly": 2.2,
            "eps_growth_yearly": -66.94
        },
        "20024": {
            "year_quarter": 20024,
            "year": 2002,
            "quarter": 4,
            "eps": 0.67,
            "eps_growth_year": -31.63,
            "eps_4q": 2.41,
            "eps_4q_growth_year": -11.33,
            "roe": 5.2,
            "roe_4q": 19.759999999999998,
            "gross_profit": 50922,
            "gross_margin": 23.64,
            "gross_margin_4q_avg": 23.85,
            "net_income": 28402,
            "net_income_4q": null,
            "revenue": 215395,
            "revenue_4q": null,
            "common_shares": 423800,
            "book_valuer_per_share": 13.2,
            "book_valuer_per_share_4q_avg": 13.67,
            "equity": 559588,
            "current_ratio": 229.69,
            "debt_ratio": 34.91,
            "inventory_turnover_ratio": 2.03,
            "account_receivable_turnover_ratio": null,
            "reinvestment_rate": null,
            "research_to_sale_ratio": null,
            "price_fair": 7.95,
            "eps_avg_yearly": 2.65,
            "eps_latest_yearly": 2.68,
            "eps_growth_yearly": -28.38
        },
        "20031": {
            "year_quarter": 20031,
            "year": 2003,
            "quarter": 1,
            "eps": 0.79,
            "eps_growth_year": -7.06,
            "eps_4q": 2.48,
            "eps_4q_growth_year": -4.51,
            "roe": 5.84,
            "roe_4q": 19.53,
            "gross_profit": 54660,
            "gross_margin": 25.68,
            "gross_margin_4q_avg": 23.91,
            "net_income": 33644,
            "net_income_4q": null,
            "revenue": 212821,
            "revenue_4q": null,
            "common_shares": 423800,
            "book_valuer_per_share": 14,
            "book_valuer_per_share_4q_avg": 13.56,
            "equity": 593232,
            "current_ratio": 191.58,
            "debt_ratio": 30.23,
            "inventory_turnover_ratio": 1.91,
            "account_receivable_turnover_ratio": null,
            "reinvestment_rate": null,
            "research_to_sale_ratio": null,
            "price_fair": 8.26,
            "eps_avg_yearly": 2.75,
            "eps_latest_yearly": 3.16,
            "eps_growth_yearly": -8.38
        },
        "20032": {
            "year_quarter": 20032,
            "year": 2003,
            "quarter": 2,
            "eps": -1.71,
            "eps_growth_year": -394.83,
            "eps_4q": 0.13,
            "eps_4q_growth_year": -95.94,
            "roe": -15.06,
            "roe_4q": 0.45999999999999996,
            "gross_profit": 36085,
            "gross_margin": 20.82,
            "gross_margin_4q_avg": 23.25,
            "net_income": -79977,
            "net_income_4q": null,
            "revenue": 173303,
            "revenue_4q": null,
            "common_shares": 423800,
            "book_valuer_per_share": 11.07,
            "book_valuer_per_share_4q_avg": 12.71,
            "equity": 468991,
            "current_ratio": 132.55,
            "debt_ratio": 35.71,
            "inventory_turnover_ratio": 4.97,
            "account_receivable_turnover_ratio": null,
            "reinvestment_rate": 67.89,
            "research_to_sale_ratio": null,
            "price_fair": 8.26,
            "eps_avg_yearly": 2.75,
            "eps_latest_yearly": 3.16,
            "eps_growth_yearly": -8.38
        },
        "20033": {
            "year_quarter": 20033,
            "year": 2003,
            "quarter": 3,
            "eps": 0.57,
            "eps_growth_year": 3.64,
            "eps_4q": 0.19,
            "eps_4q_growth_year": -92.55,
            "roe": 5.58,
            "roe_4q": 1.5599999999999996,
            "gross_profit": 39227,
            "gross_margin": 19.27,
            "gross_margin_4q_avg": 22.35,
            "net_income": 26892,
            "net_income_4q": null,
            "revenue": 203537,
            "revenue_4q": null,
            "common_shares": 468500,
            "book_valuer_per_share": 10.56,
            "book_valuer_per_share_4q_avg": 12.21,
            "equity": 494758,
            "current_ratio": 141.47,
            "debt_ratio": 37.26,
            "inventory_turnover_ratio": 5.91,
            "account_receivable_turnover_ratio": null,
            "reinvestment_rate": -17.13,
            "research_to_sale_ratio": null,
            "price_fair": 8.26,
            "eps_avg_yearly": 2.75,
            "eps_latest_yearly": 3.16,
            "eps_growth_yearly": -8.38
        },
        "20034": {
            "year_quarter": 20034,
            "year": 2003,
            "quarter": 4,
            "eps": 1.11,
            "eps_growth_year": 65.67,
            "eps_4q": 0.7,
            "eps_4q_growth_year": -71.06,
            "roe": 10.01,
            "roe_4q": 6.369999999999999,
            "gross_profit": 47044,
            "gross_margin": 20.64,
            "gross_margin_4q_avg": 21.6,
            "net_income": 52178,
            "net_income_4q": null,
            "revenue": 227931,
            "revenue_4q": null,
            "common_shares": 468500,
            "book_valuer_per_share": 11.7,
            "book_valuer_per_share_4q_avg": 11.83,
            "equity": 548060,
            "current_ratio": 200.17,
            "debt_ratio": 34,
            "inventory_turnover_ratio": 2.08,
            "account_receivable_turnover_ratio": null,
            "reinvestment_rate": -12.35,
            "research_to_sale_ratio": null,
            "price_fair": 106.17,
            "eps_avg_yearly": 3.03,
            "eps_latest_yearly": 4.44,
            "eps_growth_yearly": 56.18
        },
        "20041": {
            "year_quarter": 20041,
            "year": 2004,
            "quarter": 1,
            "eps": 0.39,
            "eps_growth_year": -50.63,
            "eps_4q": 0.37,
            "eps_4q_growth_year": -85.07,
            "roe": 3.3,
            "roe_4q": 3.83,
            "gross_profit": 21292,
            "gross_margin": 14.05,
            "gross_margin_4q_avg": 18.7,
            "net_income": 18339,
            "net_income_4q": null,
            "revenue": 151555,
            "revenue_4q": null,
            "common_shares": 468500,
            "book_valuer_per_share": 12.04,
            "book_valuer_per_share_4q_avg": 11.34,
            "equity": 564224,
            "current_ratio": 189.79,
            "debt_ratio": 25.21,
            "inventory_turnover_ratio": 1.59,
            "account_receivable_turnover_ratio": null,
            "reinvestment_rate": -15.28,
            "research_to_sale_ratio": null,
            "price_fair": 59.52,
            "eps_avg_yearly": 2.82,
            "eps_latest_yearly": 1.56,
            "eps_growth_yearly": 11.08
        },
        "20042": {
            "year_quarter": 20042,
            "year": 2004,
            "quarter": 2,
            "eps": 0.67,
            "eps_growth_year": null,
            "eps_4q": 2.75,
            "eps_4q_growth_year": 2074.35,
            "roe": 5.54,
            "roe_4q": 24.43,
            "gross_profit": 32121,
            "gross_margin": 24.84,
            "gross_margin_4q_avg": 19.7,
            "net_income": 31346,
            "net_income_4q": null,
            "revenue": 129329,
            "revenue_4q": null,
            "common_shares": 468500,
            "book_valuer_per_share": 12.09,
            "book_valuer_per_share_4q_avg": 11.6,
            "equity": 566577,
            "current_ratio": 167.35,
            "debt_ratio": 28.12,
            "inventory_turnover_ratio": 2.56,
            "account_receivable_turnover_ratio": null,
            "reinvestment_rate": -13.1,
            "research_to_sale_ratio": null,
            "price_fair": 98.18,
            "eps_avg_yearly": 2.81,
            "eps_latest_yearly": 2.68,
            "eps_growth_yearly": 45.6
        },
        "20043": {
            "year_quarter": 20043,
            "year": 2004,
            "quarter": 3,
            "eps": 0.75,
            "eps_growth_year": 31.58,
            "eps_4q": 2.92,
            "eps_4q_growth_year": 1437.14,
            "roe": 6.03,
            "roe_4q": 24.880000000000003,
            "gross_profit": 57199,
            "gross_margin": 24.45,
            "gross_margin_4q_avg": 21,
            "net_income": 35213,
            "net_income_4q": null,
            "revenue": 233955,
            "revenue_4q": null,
            "common_shares": 468500,
            "book_valuer_per_share": 12.85,
            "book_valuer_per_share_4q_avg": 12.17,
            "equity": 602215,
            "current_ratio": 165.1,
            "debt_ratio": 31.95,
            "inventory_turnover_ratio": 2.83,
            "account_receivable_turnover_ratio": null,
            "reinvestment_rate": -14.44,
            "research_to_sale_ratio": null,
            "price_fair": 98.93,
            "eps_avg_yearly": 2.83,
            "eps_latest_yearly": 3,
            "eps_growth_yearly": 45.84
        },
        "20044": {
            "year_quarter": 20044,
            "year": 2004,
            "quarter": 4,
            "eps": 0.36,
            "eps_growth_year": -67.57,
            "eps_4q": 2.16,
            "eps_4q_growth_year": 210.45,
            "roe": 2.78,
            "roe_4q": 17.650000000000002,
            "gross_profit": 65618,
            "gross_margin": 29.49,
            "gross_margin_4q_avg": 23.21,
            "net_income": 16960,
            "net_income_4q": null,
            "revenue": 222546,
            "revenue_4q": null,
            "common_shares": 468500,
            "book_valuer_per_share": 13.22,
            "book_valuer_per_share_4q_avg": 12.55,
            "equity": 619457,
            "current_ratio": 319.12,
            "debt_ratio": 40.67,
            "inventory_turnover_ratio": 0.67,
            "account_receivable_turnover_ratio": null,
            "reinvestment_rate": -14.89,
            "research_to_sale_ratio": null,
            "price_fair": 81.86,
            "eps_avg_yearly": 2.69,
            "eps_latest_yearly": 1.44,
            "eps_growth_yearly": 20.45
        },
        "20051": {
            "year_quarter": 20051,
            "year": 2005,
            "quarter": 1,
            "eps": 0.9,
            "eps_growth_year": 130.77,
            "eps_4q": 2.68,
            "eps_4q_growth_year": 622.33,
            "roe": 6.61,
            "roe_4q": 20.96,
            "gross_profit": 92063,
            "gross_margin": 31.86,
            "gross_margin_4q_avg": 27.66,
            "net_income": 42282,
            "net_income_4q": null,
            "revenue": 288952,
            "revenue_4q": null,
            "common_shares": 468500,
            "book_valuer_per_share": 14.1,
            "book_valuer_per_share_4q_avg": 13.07,
            "equity": 660783,
            "current_ratio": 190.07,
            "debt_ratio": 30.35,
            "inventory_turnover_ratio": 0.91,
            "account_receivable_turnover_ratio": null,
            "reinvestment_rate": -12.9,
            "research_to_sale_ratio": null,
            "price_fair": 96.98,
            "eps_avg_yearly": 2.77,
            "eps_latest_yearly": 3.6,
            "eps_growth_yearly": 73.14
        },
        "20052": {
            "year_quarter": 20052,
            "year": 2005,
            "quarter": 2,
            "eps": 1.07,
            "eps_growth_year": 59.7,
            "eps_4q": 2.9,
            "eps_4q_growth_year": 5.38,
            "roe": 8.29,
            "roe_4q": 23.71,
            "gross_profit": 93232,
            "gross_margin": 34.34,
            "gross_margin_4q_avg": 30.04,
            "net_income": 55224,
            "net_income_4q": null,
            "revenue": 271507,
            "revenue_4q": null,
            "common_shares": 468500,
            "book_valuer_per_share": 14.33,
            "book_valuer_per_share_4q_avg": 13.63,
            "equity": 671346,
            "current_ratio": 175.66,
            "debt_ratio": 34.26,
            "inventory_turnover_ratio": 5.45,
            "account_receivable_turnover_ratio": null,
            "reinvestment_rate": -9.46,
            "research_to_sale_ratio": null,
            "price_fair": 101.38,
            "eps_avg_yearly": 2.9,
            "eps_latest_yearly": 4.28,
            "eps_growth_yearly": 73.34
        },
        "20053": {
            "year_quarter": 20053,
            "year": 2005,
            "quarter": 3,
            "eps": 1.3,
            "eps_growth_year": 73.33,
            "eps_4q": 3.52,
            "eps_4q_growth_year": 20.57,
            "roe": 9.49,
            "roe_4q": 27.17,
            "gross_profit": 84211,
            "gross_margin": 33.86,
            "gross_margin_4q_avg": 32.39,
            "net_income": 67025,
            "net_income_4q": null,
            "revenue": 248709,
            "revenue_4q": null,
            "common_shares": 515350,
            "book_valuer_per_share": 14.4,
            "book_valuer_per_share_4q_avg": 14.01,
            "equity": 741863,
            "current_ratio": 191.22,
            "debt_ratio": 30.95,
            "inventory_turnover_ratio": 4.64,
            "account_receivable_turnover_ratio": null,
            "reinvestment_rate": -6.58,
            "research_to_sale_ratio": null,
            "price_fair": 107.58,
            "eps_avg_yearly": 3.07,
            "eps_latest_yearly": 5.2,
            "eps_growth_yearly": 74.31
        },
        "20054": {
            "year_quarter": 20054,
            "year": 2005,
            "quarter": 4,
            "eps": 0.93,
            "eps_growth_year": 158.33,
            "eps_4q": 4.11,
            "eps_4q_growth_year": 90.15,
            "roe": 6.28,
            "roe_4q": 30.669999999999998,
            "gross_profit": 83151,
            "gross_margin": 32.17,
            "gross_margin_4q_avg": 33.06,
            "net_income": 48100,
            "net_income_4q": null,
            "revenue": 258468,
            "revenue_4q": null,
            "common_shares": 515350,
            "book_valuer_per_share": 15.35,
            "book_valuer_per_share_4q_avg": 14.55,
            "equity": 791044,
            "current_ratio": 195.95,
            "debt_ratio": 40.82,
            "inventory_turnover_ratio": 0.77,
            "account_receivable_turnover_ratio": null,
            "reinvestment_rate": -3.45,
            "research_to_sale_ratio": null,
            "price_fair": 109.2,
            "eps_avg_yearly": 3.12,
            "eps_latest_yearly": 3.72,
            "eps_growth_yearly": 60.87
        },
        "20061": {
            "year_quarter": 20061,
            "year": 2006,
            "quarter": 1,
            "eps": 0.1,
            "eps_growth_year": -88.89,
            "eps_4q": 3.26,
            "eps_4q_growth_year": 21.74,
            "roe": 0.68,
            "roe_4q": 24.74,
            "gross_profit": 20526,
            "gross_margin": 16.14,
            "gross_margin_4q_avg": 29.13,
            "net_income": 5391,
            "net_income_4q": null,
            "revenue": 127188,
            "revenue_4q": null,
            "common_shares": 515350,
            "book_valuer_per_share": 15.45,
            "book_valuer_per_share_4q_avg": 14.88,
            "equity": 796200,
            "current_ratio": 246.44,
            "debt_ratio": 22.74,
            "inventory_turnover_ratio": 0.47,
            "account_receivable_turnover_ratio": null,
            "reinvestment_rate": 1.47,
            "research_to_sale_ratio": null,
            "price_fair": 101.7,
            "eps_avg_yearly": 2.91,
            "eps_latest_yearly": 0.4,
            "eps_growth_yearly": 39.16
        },
        "20062": {
            "year_quarter": 20062,
            "year": 2006,
            "quarter": 2,
            "eps": 0.14,
            "eps_growth_year": -86.92,
            "eps_4q": 2.47,
            "eps_4q_growth_year": -14.69,
            "roe": 1.01,
            "roe_4q": 17.46,
            "gross_profit": 35201,
            "gross_margin": 16.2,
            "gross_margin_4q_avg": 24.59,
            "net_income": 7229,
            "net_income_4q": null,
            "revenue": 217326,
            "revenue_4q": null,
            "common_shares": 515350,
            "book_valuer_per_share": 12.36,
            "book_valuer_per_share_4q_avg": 14.39,
            "equity": 637217,
            "current_ratio": 137.69,
            "debt_ratio": 42.49,
            "inventory_turnover_ratio": 3.49,
            "account_receivable_turnover_ratio": null,
            "reinvestment_rate": 6.63,
            "research_to_sale_ratio": null,
            "price_fair": 97.3,
            "eps_avg_yearly": 2.78,
            "eps_latest_yearly": 0.56,
            "eps_growth_yearly": 59.67
        },
        "20063": {
            "year_quarter": 20063,
            "year": 2006,
            "quarter": 3,
            "eps": 1.98,
            "eps_growth_year": 52.31,
            "eps_4q": 3.16,
            "eps_4q_growth_year": -10.32,
            "roe": 14.89,
            "roe_4q": 22.860000000000003,
            "gross_profit": 73018,
            "gross_margin": 20.02,
            "gross_margin_4q_avg": 21.13,
            "net_income": 102172,
            "net_income_4q": null,
            "revenue": 364656,
            "revenue_4q": null,
            "common_shares": 515350,
            "book_valuer_per_share": 14.26,
            "book_valuer_per_share_4q_avg": 14.36,
            "equity": 735013,
            "current_ratio": 143.96,
            "debt_ratio": 40.37,
            "inventory_turnover_ratio": 3.48,
            "account_receivable_turnover_ratio": null,
            "reinvestment_rate": 6.77,
            "research_to_sale_ratio": null,
            "price_fair": 111.6,
            "eps_avg_yearly": 3.19,
            "eps_latest_yearly": 7.92,
            "eps_growth_yearly": 436.66
        },
        "20064": {
            "year_quarter": 20064,
            "year": 2006,
            "quarter": 4,
            "eps": 0.4,
            "eps_growth_year": -56.99,
            "eps_4q": 2.6,
            "eps_4q_growth_year": -36.73,
            "roe": 2.79,
            "roe_4q": 19.37,
            "gross_profit": 36557,
            "gross_margin": 12.48,
            "gross_margin_4q_avg": 16.21,
            "net_income": 20860,
            "net_income_4q": null,
            "revenue": 293022,
            "revenue_4q": null,
            "common_shares": 515350,
            "book_valuer_per_share": 14.71,
            "book_valuer_per_share_4q_avg": 14.2,
            "equity": 758323,
            "current_ratio": 189.48,
            "debt_ratio": 39.88,
            "inventory_turnover_ratio": 1.28,
            "account_receivable_turnover_ratio": null,
            "reinvestment_rate": 10.67,
            "research_to_sale_ratio": null,
            "price_fair": 108.9,
            "eps_avg_yearly": 3.11,
            "eps_latest_yearly": 1.6,
            "eps_growth_yearly": 407.62
        },
        "20071": {
            "year_quarter": 20071,
            "year": 2007,
            "quarter": 1,
            "eps": 1.26,
            "eps_growth_year": 1160,
            "eps_4q": 3.8,
            "eps_4q_growth_year": 16.48,
            "roe": 8.18,
            "roe_4q": 26.87,
            "gross_profit": 36401,
            "gross_margin": 12.62,
            "gross_margin_4q_avg": 15.33,
            "net_income": 64689,
            "net_income_4q": null,
            "revenue": 288355,
            "revenue_4q": null,
            "common_shares": 515350,
            "book_valuer_per_share": 15.97,
            "book_valuer_per_share_4q_avg": 14.33,
            "equity": 823053,
            "current_ratio": 157.65,
            "debt_ratio": 33.92,
            "inventory_turnover_ratio": 1.37,
            "account_receivable_turnover_ratio": null,
            "reinvestment_rate": 15.66,
            "research_to_sale_ratio": null,
            "price_fair": 113.6,
            "eps_avg_yearly": 3.25,
            "eps_latest_yearly": 5.04,
            "eps_growth_yearly": 463.93
        },
        "20072": {
            "year_quarter": 20072,
            "year": 2007,
            "quarter": 2,
            "eps": 1.12,
            "eps_growth_year": 700,
            "eps_4q": 4.78,
            "eps_4q_growth_year": 93.13,
            "roe": 7.21,
            "roe_4q": 33.07,
            "gross_profit": 35805,
            "gross_margin": 13.93,
            "gross_margin_4q_avg": 14.76,
            "net_income": 57476,
            "net_income_4q": null,
            "revenue": 257098,
            "revenue_4q": null,
            "common_shares": 515350,
            "book_valuer_per_share": 14.99,
            "book_valuer_per_share_4q_avg": 14.98,
            "equity": 772374,
            "current_ratio": 142.15,
            "debt_ratio": 39.4,
            "inventory_turnover_ratio": 2.85,
            "account_receivable_turnover_ratio": null,
            "reinvestment_rate": 9.49,
            "research_to_sale_ratio": null,
            "price_fair": 116.48,
            "eps_avg_yearly": 3.33,
            "eps_latest_yearly": 4.48,
            "eps_growth_yearly": 430.04
        },
        "20073": {
            "year_quarter": 20073,
            "year": 2007,
            "quarter": 3,
            "eps": 0.79,
            "eps_growth_year": -60.1,
            "eps_4q": 3.57,
            "eps_4q_growth_year": 13,
            "roe": 5.13,
            "roe_4q": 23.31,
            "gross_profit": 49229,
            "gross_margin": 14.34,
            "gross_margin_4q_avg": 13.34,
            "net_income": 40688,
            "net_income_4q": null,
            "revenue": 343399,
            "revenue_4q": null,
            "common_shares": 515350,
            "book_valuer_per_share": 15.78,
            "book_valuer_per_share_4q_avg": 15.36,
            "equity": 813020,
            "current_ratio": 143.44,
            "debt_ratio": 38.87,
            "inventory_turnover_ratio": 2.56,
            "account_receivable_turnover_ratio": null,
            "reinvestment_rate": 13.92,
            "research_to_sale_ratio": null,
            "price_fair": 116.11,
            "eps_avg_yearly": 3.32,
            "eps_latest_yearly": 3.16,
            "eps_growth_yearly": 395.8
        },
        "20074": {
            "year_quarter": 20074,
            "year": 2007,
            "quarter": 4,
            "eps": 0.89,
            "eps_growth_year": 122.5,
            "eps_4q": 4.06,
            "eps_4q_growth_year": 55.95,
            "roe": 5.47,
            "roe_4q": 25.99,
            "gross_profit": 78363,
            "gross_margin": 17.86,
            "gross_margin_4q_avg": 14.69,
            "net_income": 45771,
            "net_income_4q": null,
            "revenue": 438645,
            "revenue_4q": null,
            "common_shares": 515350,
            "book_valuer_per_share": 16.72,
            "book_valuer_per_share_4q_avg": 15.87,
            "equity": 861439,
            "current_ratio": 186.38,
            "debt_ratio": 40.89,
            "inventory_turnover_ratio": 1.41,
            "account_receivable_turnover_ratio": null,
            "reinvestment_rate": 13.93,
            "research_to_sale_ratio": null,
            "price_fair": 114.19,
            "eps_avg_yearly": 3.26,
            "eps_latest_yearly": 3.56,
            "eps_growth_yearly": 375.28
        },
        "20081": {
            "year_quarter": 20081,
            "year": 2008,
            "quarter": 1,
            "eps": 0.89,
            "eps_growth_year": -29.37,
            "eps_4q": 3.67,
            "eps_4q_growth_year": -3.37,
            "roe": 5.21,
            "roe_4q": 23.02,
            "gross_profit": 81733,
            "gross_margin": 17.08,
            "gross_margin_4q_avg": 15.8,
            "net_income": 46091,
            "net_income_4q": null,
            "revenue": 478583,
            "revenue_4q": null,
            "common_shares": 515350,
            "book_valuer_per_share": 17.6,
            "book_valuer_per_share_4q_avg": 16.27,
            "equity": 907245,
            "current_ratio": 167.24,
            "debt_ratio": 44.68,
            "inventory_turnover_ratio": 1.13,
            "account_receivable_turnover_ratio": null,
            "reinvestment_rate": 16.29,
            "research_to_sale_ratio": null,
            "price_fair": 118.56,
            "eps_avg_yearly": 3.39,
            "eps_latest_yearly": 3.56,
            "eps_growth_yearly": 391.5
        },
        "20082": {
            "year_quarter": 20082,
            "year": 2008,
            "quarter": 2,
            "eps": 0.63,
            "eps_growth_year": -43.75,
            "eps_4q": 2.83,
            "eps_4q_growth_year": -40.67,
            "roe": 4.34,
            "roe_4q": 20.15,
            "gross_profit": 78049,
            "gross_margin": 17.74,
            "gross_margin_4q_avg": 16.76,
            "net_income": 37875,
            "net_income_4q": null,
            "revenue": 439924,
            "revenue_4q": null,
            "common_shares": 515350,
            "book_valuer_per_share": 16.26,
            "book_valuer_per_share_4q_avg": 16.59,
            "equity": 837997,
            "current_ratio": 154.81,
            "debt_ratio": 48.05,
            "inventory_turnover_ratio": 1.12,
            "account_receivable_turnover_ratio": null,
            "reinvestment_rate": 15.99,
            "research_to_sale_ratio": null,
            "price_fair": 118.21,
            "eps_avg_yearly": 3.38,
            "eps_latest_yearly": 2.52,
            "eps_growth_yearly": 366.24
        },
        "20083": {
            "year_quarter": 20083,
            "year": 2008,
            "quarter": 3,
            "eps": 0.9,
            "eps_growth_year": 13.92,
            "eps_4q": 3.06,
            "eps_4q_growth_year": -14.34,
            "roe": 6.26,
            "roe_4q": 21.279999999999998,
            "gross_profit": 89387,
            "gross_margin": 18.94,
            "gross_margin_4q_avg": 17.91,
            "net_income": 54173,
            "net_income_4q": null,
            "revenue": 472054,
            "revenue_4q": null,
            "common_shares": 600000,
            "book_valuer_per_share": 14.87,
            "book_valuer_per_share_4q_avg": 16.36,
            "equity": 892423,
            "current_ratio": 184.56,
            "debt_ratio": 39.36,
            "inventory_turnover_ratio": 1.26,
            "account_receivable_turnover_ratio": null,
            "reinvestment_rate": 15.47,
            "research_to_sale_ratio": null,
            "price_fair": 119.53,
            "eps_avg_yearly": 3.42,
            "eps_latest_yearly": 3.6,
            "eps_growth_yearly": 373.97
        },
        "20084": {
            "year_quarter": 20084,
            "year": 2008,
            "quarter": 4,
            "eps": 1,
            "eps_growth_year": 12.36,
            "eps_4q": 3.31,
            "eps_4q_growth_year": -18.43,
            "roe": 6.46,
            "roe_4q": 22.27,
            "gross_profit": 88042,
            "gross_margin": 23.53,
            "gross_margin_4q_avg": 19.32,
            "net_income": 59825,
            "net_income_4q": null,
            "revenue": 374189,
            "revenue_4q": null,
            "common_shares": 600000,
            "book_valuer_per_share": 15.99,
            "book_valuer_per_share_4q_avg": 16.18,
            "equity": 959179,
            "current_ratio": 226.9,
            "debt_ratio": 32.07,
            "inventory_turnover_ratio": 1.04,
            "account_receivable_turnover_ratio": 1.38,
            "reinvestment_rate": 14.99,
            "research_to_sale_ratio": null,
            "price_fair": 125.13,
            "eps_avg_yearly": 3.58,
            "eps_latest_yearly": 4,
            "eps_growth_yearly": 389.75
        },
        "20091": {
            "year_quarter": 20091,
            "year": 2009,
            "quarter": 1,
            "eps": 1.04,
            "eps_growth_year": 16.85,
            "eps_4q": 3.58,
            "eps_4q_growth_year": -2.39,
            "roe": 6.28,
            "roe_4q": 23.34,
            "gross_profit": 97285,
            "gross_margin": 28.06,
            "gross_margin_4q_avg": 22.07,
            "net_income": 62147,
            "net_income_4q": null,
            "revenue": 346673,
            "revenue_4q": null,
            "common_shares": 600000,
            "book_valuer_per_share": 17.02,
            "book_valuer_per_share_4q_avg": 16.04,
            "equity": 1021467,
            "current_ratio": 250.28,
            "debt_ratio": 29.8,
            "inventory_turnover_ratio": 0.96,
            "account_receivable_turnover_ratio": 0.75,
            "reinvestment_rate": 13.34,
            "research_to_sale_ratio": null,
            "price_fair": 126.35,
            "eps_avg_yearly": 3.61,
            "eps_latest_yearly": 4.16,
            "eps_growth_yearly": 353.25
        },
        "20092": {
            "year_quarter": 20092,
            "year": 2009,
            "quarter": 2,
            "eps": 0.55,
            "eps_growth_year": -12.7,
            "eps_4q": 3.48,
            "eps_4q_growth_year": 22.84,
            "roe": 3.38,
            "roe_4q": 22.380000000000003,
            "gross_profit": 88271,
            "gross_margin": 24.3,
            "gross_margin_4q_avg": 23.71,
            "net_income": 33040,
            "net_income_4q": null,
            "revenue": 363231,
            "revenue_4q": null,
            "common_shares": 600000,
            "book_valuer_per_share": 15.56,
            "book_valuer_per_share_4q_avg": 15.86,
            "equity": 933444,
            "current_ratio": 197.48,
            "debt_ratio": 38.53,
            "inventory_turnover_ratio": 1.15,
            "account_receivable_turnover_ratio": 0.92,
            "reinvestment_rate": 12.43,
            "research_to_sale_ratio": null,
            "price_fair": 121.8,
            "eps_avg_yearly": 3.48,
            "eps_latest_yearly": 2.2,
            "eps_growth_yearly": 336.75
        },
        "20093": {
            "year_quarter": 20093,
            "year": 2009,
            "quarter": 3,
            "eps": 0.41,
            "eps_growth_year": -54.44,
            "eps_4q": 2.98,
            "eps_4q_growth_year": -2.37,
            "roe": 2.61,
            "roe_4q": 18.73,
            "gross_profit": 59007,
            "gross_margin": 18.58,
            "gross_margin_4q_avg": 23.62,
            "net_income": 24702,
            "net_income_4q": null,
            "revenue": 317575,
            "revenue_4q": null,
            "common_shares": 600000,
            "book_valuer_per_share": 15.97,
            "book_valuer_per_share_4q_avg": 16.14,
            "equity": 958081,
            "current_ratio": 200.52,
            "debt_ratio": 38.59,
            "inventory_turnover_ratio": 1.21,
            "account_receivable_turnover_ratio": 0.86,
            "reinvestment_rate": 10.23,
            "research_to_sale_ratio": null,
            "price_fair": 114.01,
            "eps_avg_yearly": 3.26,
            "eps_latest_yearly": 1.64,
            "eps_growth_yearly": 325.01
        },
        "20094": {
            "year_quarter": 20094,
            "year": 2009,
            "quarter": 4,
            "eps": 0.59,
            "eps_growth_year": -41,
            "eps_4q": 2.59,
            "eps_4q_growth_year": -21.68,
            "roe": 3.65,
            "roe_4q": 15.920000000000002,
            "gross_profit": 54064,
            "gross_margin": 20.7,
            "gross_margin_4q_avg": 22.91,
            "net_income": 35617,
            "net_income_4q": null,
            "revenue": 261217,
            "revenue_4q": null,
            "common_shares": 600000,
            "book_valuer_per_share": 16.52,
            "book_valuer_per_share_4q_avg": 16.27,
            "equity": 991464,
            "current_ratio": 226.04,
            "debt_ratio": 34.09,
            "inventory_turnover_ratio": 0.98,
            "account_receivable_turnover_ratio": 1.41,
            "reinvestment_rate": 21.03,
            "research_to_sale_ratio": null,
            "price_fair": 111.04,
            "eps_avg_yearly": 3.17,
            "eps_latest_yearly": 2.36,
            "eps_growth_yearly": 343.1
        },
        "20101": {
            "year_quarter": 20101,
            "year": 2010,
            "quarter": 1,
            "eps": 0.56,
            "eps_growth_year": -46.15,
            "eps_4q": 1.99,
            "eps_4q_growth_year": -44.56,
            "roe": 2.57,
            "roe_4q": 12.21,
            "gross_profit": 67596,
            "gross_margin": 18.86,
            "gross_margin_4q_avg": 20.61,
            "net_income": 25785,
            "net_income_4q": null,
            "revenue": 358346,
            "revenue_4q": null,
            "common_shares": 600000,
            "book_valuer_per_share": 16.95,
            "book_valuer_per_share_4q_avg": 16.25,
            "equity": 1017220,
            "current_ratio": 186.88,
            "debt_ratio": 43.33,
            "inventory_turnover_ratio": 1.23,
            "account_receivable_turnover_ratio": 0.87,
            "reinvestment_rate": 17.39,
            "research_to_sale_ratio": 1.32,
            "price_fair": 115.06,
            "eps_avg_yearly": 3.29,
            "eps_latest_yearly": 2.24,
            "eps_growth_yearly": 364.14
        },
        "20102": {
            "year_quarter": 20102,
            "year": 2010,
            "quarter": 2,
            "eps": 1.02,
            "eps_growth_year": 84.65,
            "eps_4q": 2.45,
            "eps_4q_growth_year": -29.62,
            "roe": 6.16,
            "roe_4q": 14.99,
            "gross_profit": 93298,
            "gross_margin": 18.17,
            "gross_margin_4q_avg": 19.08,
            "net_income": 60933,
            "net_income_4q": null,
            "revenue": 513551,
            "revenue_4q": null,
            "common_shares": 600000,
            "book_valuer_per_share": 16,
            "book_valuer_per_share_4q_avg": 16.36,
            "equity": 959942,
            "current_ratio": 179.43,
            "debt_ratio": 44.89,
            "inventory_turnover_ratio": 1.61,
            "account_receivable_turnover_ratio": 1.04,
            "reinvestment_rate": 13.9,
            "research_to_sale_ratio": 1.04,
            "price_fair": 122.76,
            "eps_avg_yearly": 3.51,
            "eps_latest_yearly": 4.08,
            "eps_growth_yearly": 374.68
        },
        "20103": {
            "year_quarter": 20103,
            "year": 2010,
            "quarter": 3,
            "eps": 0.56,
            "eps_growth_year": 36.13,
            "eps_4q": 2.6,
            "eps_4q_growth_year": -12.93,
            "roe": 3.44,
            "roe_4q": 15.82,
            "gross_profit": 94388,
            "gross_margin": 18.93,
            "gross_margin_4q_avg": 19.17,
            "net_income": 33488,
            "net_income_4q": null,
            "revenue": 498641,
            "revenue_4q": null,
            "common_shares": 600000,
            "book_valuer_per_share": 16.5,
            "book_valuer_per_share_4q_avg": 16.49,
            "equity": 989835,
            "current_ratio": 160.62,
            "debt_ratio": 50.87,
            "inventory_turnover_ratio": 1.58,
            "account_receivable_turnover_ratio": 0.88,
            "reinvestment_rate": 18.75,
            "research_to_sale_ratio": 0.98,
            "price_fair": 110.34,
            "eps_avg_yearly": 3.15,
            "eps_latest_yearly": 2.24,
            "eps_growth_yearly": 34.83
        },
        "20104": {
            "year_quarter": 20104,
            "year": 2010,
            "quarter": 4,
            "eps": -0.79,
            "eps_growth_year": -234.24,
            "eps_4q": 1.21,
            "eps_4q_growth_year": -53.26,
            "roe": -4.92,
            "roe_4q": 7.25,
            "gross_profit": 52228,
            "gross_margin": 13.65,
            "gross_margin_4q_avg": 17.4,
            "net_income": -47520,
            "net_income_4q": null,
            "revenue": 382600,
            "revenue_4q": null,
            "common_shares": 600000,
            "book_valuer_per_share": 15.69,
            "book_valuer_per_share_4q_avg": 16.29,
            "equity": 941565,
            "current_ratio": 133.07,
            "debt_ratio": 58.19,
            "inventory_turnover_ratio": 1.4,
            "account_receivable_turnover_ratio": 0.76,
            "reinvestment_rate": 20.78,
            "research_to_sale_ratio": 1.31,
            "price_fair": 113.96,
            "eps_avg_yearly": 3.26,
            "eps_latest_yearly": 2.24,
            "eps_growth_yearly": 58.43
        },
        "20111": {
            "year_quarter": 20111,
            "year": 2011,
            "quarter": 1,
            "eps": 0.31,
            "eps_growth_year": -44.64,
            "eps_4q": 1.09,
            "eps_4q_growth_year": -45.16,
            "roe": 1.94,
            "roe_4q": 6.62,
            "gross_profit": 30312,
            "gross_margin": 6.37,
            "gross_margin_4q_avg": 14.28,
            "net_income": 18440,
            "net_income_4q": null,
            "revenue": 475612,
            "revenue_4q": null,
            "common_shares": 600000,
            "book_valuer_per_share": 16,
            "book_valuer_per_share_4q_avg": 16.05,
            "equity": 960081,
            "current_ratio": 132.62,
            "debt_ratio": 55.65,
            "inventory_turnover_ratio": 2.09,
            "account_receivable_turnover_ratio": 0.92,
            "reinvestment_rate": 18.43,
            "research_to_sale_ratio": 1.09,
            "price_fair": 34.98,
            "eps_avg_yearly": 3.13,
            "eps_latest_yearly": 2.24,
            "eps_growth_yearly": 1.18
        },
        "20112": {
            "year_quarter": 20112,
            "year": 2011,
            "quarter": 2,
            "eps": 0.01,
            "eps_growth_year": -98.82,
            "eps_4q": 0.09,
            "eps_4q_growth_year": -96.51,
            "roe": 0.08,
            "roe_4q": 0.54,
            "gross_profit": 50502,
            "gross_margin": 10.81,
            "gross_margin_4q_avg": 12.44,
            "net_income": 718,
            "net_income_4q": null,
            "revenue": 467179,
            "revenue_4q": null,
            "common_shares": 600000,
            "book_valuer_per_share": 14.95,
            "book_valuer_per_share_4q_avg": 15.79,
            "equity": 896861,
            "current_ratio": 118.49,
            "debt_ratio": 63.25,
            "inventory_turnover_ratio": 1.72,
            "account_receivable_turnover_ratio": 0.66,
            "reinvestment_rate": 29.59,
            "research_to_sale_ratio": 1.23,
            "price_fair": 8.43,
            "eps_avg_yearly": 2.81,
            "eps_latest_yearly": 0.04,
            "eps_growth_yearly": -23.3
        },
        "20113": {
            "year_quarter": 20113,
            "year": 2011,
            "quarter": 3,
            "eps": 2.01,
            "eps_growth_year": 260.74,
            "eps_4q": 1.54,
            "eps_4q_growth_year": -40.68,
            "roe": 12.58,
            "roe_4q": 9.68,
            "gross_profit": 56280,
            "gross_margin": 11.97,
            "gross_margin_4q_avg": 10.7,
            "net_income": 120804,
            "net_income_4q": null,
            "revenue": 470187,
            "revenue_4q": null,
            "common_shares": 600000,
            "book_valuer_per_share": 17.05,
            "book_valuer_per_share_4q_avg": 15.92,
            "equity": 1023020,
            "current_ratio": 140.49,
            "debt_ratio": 60.1,
            "inventory_turnover_ratio": 1.57,
            "account_receivable_turnover_ratio": 0.59,
            "reinvestment_rate": 23.84,
            "research_to_sale_ratio": 1.31,
            "price_fair": 110.6,
            "eps_avg_yearly": 3.16,
            "eps_latest_yearly": 8.04,
            "eps_growth_yearly": 5699.41
        },
        "20114": {
            "year_quarter": 20114,
            "year": 2011,
            "quarter": 4,
            "eps": 0.21,
            "eps_growth_year": null,
            "eps_4q": 2.54,
            "eps_4q_growth_year": 109.95,
            "roe": 1.23,
            "roe_4q": 15.83,
            "gross_profit": 51376,
            "gross_margin": 12.37,
            "gross_margin_4q_avg": 10.38,
            "net_income": 12678,
            "net_income_4q": null,
            "revenue": 415327,
            "revenue_4q": null,
            "common_shares": 600000,
            "book_valuer_per_share": 17.41,
            "book_valuer_per_share_4q_avg": 16.35,
            "equity": 1044532,
            "current_ratio": 167.21,
            "debt_ratio": 60.06,
            "inventory_turnover_ratio": 1.51,
            "account_receivable_turnover_ratio": 0.55,
            "reinvestment_rate": 50.24,
            "research_to_sale_ratio": 1.11,
            "price_fair": 103.8,
            "eps_avg_yearly": 2.97,
            "eps_latest_yearly": 0.84,
            "eps_growth_yearly": 5670.21
        },
        "20121": {
            "year_quarter": 20121,
            "year": 2012,
            "quarter": 1,
            "eps": -0.36,
            "eps_growth_year": -216.13,
            "eps_4q": 1.88,
            "eps_4q_growth_year": 72.2,
            "roe": -2.09,
            "roe_4q": 11.8,
            "gross_profit": 40826,
            "gross_margin": 9.72,
            "gross_margin_4q_avg": 11.22,
            "net_income": -21599,
            "net_income_4q": null,
            "revenue": 419977,
            "revenue_4q": null,
            "common_shares": 600000,
            "book_valuer_per_share": 17.01,
            "book_valuer_per_share_4q_avg": 16.61,
            "equity": 1020595,
            "current_ratio": 150.47,
            "debt_ratio": 64.24,
            "inventory_turnover_ratio": 1.64,
            "account_receivable_turnover_ratio": 0.65,
            "reinvestment_rate": 50.89,
            "research_to_sale_ratio": 1.27,
            "price_fair": 102.2,
            "eps_avg_yearly": 2.92,
            "eps_latest_yearly": 0.84,
            "eps_growth_yearly": 6106.38
        },
        "20122": {
            "year_quarter": 20122,
            "year": 2012,
            "quarter": 2,
            "eps": 0.68,
            "eps_growth_year": 5553.05,
            "eps_4q": 2.54,
            "eps_4q_growth_year": 2872.9,
            "roe": 4.14,
            "roe_4q": 15.86,
            "gross_profit": 42059,
            "gross_margin": 9.39,
            "gross_margin_4q_avg": 10.86,
            "net_income": 40620,
            "net_income_4q": null,
            "revenue": 448088,
            "revenue_4q": null,
            "common_shares": 600148,
            "book_valuer_per_share": 15.69,
            "book_valuer_per_share_4q_avg": 16.79,
            "equity": 941588,
            "current_ratio": 147.11,
            "debt_ratio": 66.48,
            "inventory_turnover_ratio": 1.67,
            "account_receivable_turnover_ratio": 0.72,
            "reinvestment_rate": 50.42,
            "research_to_sale_ratio": 1.09,
            "price_fair": 103.37,
            "eps_avg_yearly": 2.95,
            "eps_latest_yearly": 0.84,
            "eps_growth_yearly": 6624.98
        },
        "20123": {
            "year_quarter": 20123,
            "year": 2012,
            "quarter": 3,
            "eps": 0.09,
            "eps_growth_year": -95.3,
            "eps_4q": 0.62,
            "eps_4q_growth_year": -59.67,
            "roe": 0.6,
            "roe_4q": 3.8799999999999994,
            "gross_profit": 65136,
            "gross_margin": 12.98,
            "gross_margin_4q_avg": 11.12,
            "net_income": 5691,
            "net_income_4q": null,
            "revenue": 501641,
            "revenue_4q": null,
            "common_shares": 600443,
            "book_valuer_per_share": 15.8,
            "book_valuer_per_share_4q_avg": 16.48,
            "equity": 948830,
            "current_ratio": 129.75,
            "debt_ratio": 66.17,
            "inventory_turnover_ratio": 1.61,
            "account_receivable_turnover_ratio": 0.72,
            "reinvestment_rate": 55.93,
            "research_to_sale_ratio": 0.96,
            "price_fair": 93.92,
            "eps_avg_yearly": 2.68,
            "eps_latest_yearly": 0.36,
            "eps_growth_yearly": 6581.77
        },
        "20124": {
            "year_quarter": 20124,
            "year": 2012,
            "quarter": 4,
            "eps": 0.08,
            "eps_growth_year": -62.23,
            "eps_4q": 0.49,
            "eps_4q_growth_year": -80.72,
            "roe": 0.5,
            "roe_4q": 3.1500000000000004,
            "gross_profit": 39417,
            "gross_margin": 9.62,
            "gross_margin_4q_avg": 10.43,
            "net_income": 4802,
            "net_income_4q": null,
            "revenue": 409568,
            "revenue_4q": null,
            "common_shares": 601795,
            "book_valuer_per_share": 15.85,
            "book_valuer_per_share_4q_avg": 16.09,
            "equity": 953772,
            "current_ratio": 128.23,
            "debt_ratio": 66.76,
            "inventory_turnover_ratio": 1.27,
            "account_receivable_turnover_ratio": 0.57,
            "reinvestment_rate": 65.36,
            "research_to_sale_ratio": 1.1,
            "price_fair": 83.18,
            "eps_avg_yearly": 2.38,
            "eps_latest_yearly": 0.32,
            "eps_growth_yearly": 6574.36
        },
        "20131": {
            "year_quarter": 20131,
            "year": 2013,
            "quarter": 1,
            "eps": 1.18,
            "eps_growth_year": null,
            "eps_4q": 2.03,
            "eps_4q_growth_year": 8.21,
            "roe": 7.16,
            "roe_4q": 12.399999999999999,
            "gross_profit": 41295,
            "gross_margin": 8.81,
            "gross_margin_4q_avg": 10.2,
            "net_income": 71012,
            "net_income_4q": null,
            "revenue": 468710,
            "revenue_4q": null,
            "common_shares": 601795,
            "book_valuer_per_share": 17.1,
            "book_valuer_per_share_4q_avg": 16.11,
            "equity": 1028822,
            "current_ratio": 140.63,
            "debt_ratio": 66.5,
            "inventory_turnover_ratio": 1.54,
            "account_receivable_turnover_ratio": 0.7,
            "reinvestment_rate": 64.09,
            "research_to_sale_ratio": 1.15,
            "price_fair": 84.82,
            "eps_avg_yearly": 2.42,
            "eps_latest_yearly": 4.72,
            "eps_growth_yearly": 7031.36
        },
        "20132": {
            "year_quarter": 20132,
            "year": 2013,
            "quarter": 2,
            "eps": 0.82,
            "eps_growth_year": 21.21,
            "eps_4q": 2.16,
            "eps_4q_growth_year": -14.92,
            "roe": 4.72,
            "roe_4q": 12.979999999999999,
            "gross_profit": 35772,
            "gross_margin": 10.06,
            "gross_margin_4q_avg": 10.37,
            "net_income": 49139,
            "net_income_4q": null,
            "revenue": 355484,
            "revenue_4q": null,
            "common_shares": 601795,
            "book_valuer_per_share": 17.53,
            "book_valuer_per_share_4q_avg": 16.57,
            "equity": 1054957,
            "current_ratio": 131.86,
            "debt_ratio": 63.9,
            "inventory_turnover_ratio": 1.18,
            "account_receivable_turnover_ratio": 0.64,
            "reinvestment_rate": 61.35,
            "research_to_sale_ratio": 1.35,
            "price_fair": 87.97,
            "eps_avg_yearly": 2.51,
            "eps_latest_yearly": 3.28,
            "eps_growth_yearly": 7036.9
        },
        "20133": {
            "year_quarter": 20133,
            "year": 2013,
            "quarter": 3,
            "eps": -0.17,
            "eps_growth_year": -279.77,
            "eps_4q": 1.88,
            "eps_4q_growth_year": 203.16,
            "roe": -0.96,
            "roe_4q": 11.42,
            "gross_profit": 36790,
            "gross_margin": 10.03,
            "gross_margin_4q_avg": 9.63,
            "net_income": -10100,
            "net_income_4q": null,
            "revenue": 366799,
            "revenue_4q": null,
            "common_shares": 604551,
            "book_valuer_per_share": 17.27,
            "book_valuer_per_share_4q_avg": 16.94,
            "equity": 1052827,
            "current_ratio": 125.25,
            "debt_ratio": 61.59,
            "inventory_turnover_ratio": 1.26,
            "account_receivable_turnover_ratio": 0.78,
            "reinvestment_rate": 65.65,
            "research_to_sale_ratio": 1.12,
            "price_fair": 90.75,
            "eps_avg_yearly": 2.59,
            "eps_latest_yearly": 3.28,
            "eps_growth_yearly": 7685.87
        },
        "20134": {
            "year_quarter": 20134,
            "year": 2013,
            "quarter": 4,
            "eps": 0.22,
            "eps_growth_year": 177.65,
            "eps_4q": 2.02,
            "eps_4q_growth_year": 311.97,
            "roe": 1.28,
            "roe_4q": 12.2,
            "gross_profit": 37493,
            "gross_margin": 10.8,
            "gross_margin_4q_avg": 9.93,
            "net_income": 13554,
            "net_income_4q": null,
            "revenue": 347267,
            "revenue_4q": null,
            "common_shares": 609772,
            "book_valuer_per_share": 17.54,
            "book_valuer_per_share_4q_avg": 17.36,
            "equity": 1072985,
            "current_ratio": 148.71,
            "debt_ratio": 64.75,
            "inventory_turnover_ratio": 1.28,
            "account_receivable_turnover_ratio": 0.82,
            "reinvestment_rate": 39.75,
            "research_to_sale_ratio": 1.2,
            "price_fair": 91.56,
            "eps_avg_yearly": 2.62,
            "eps_latest_yearly": 3.28,
            "eps_growth_yearly": 8436.9
        },
        "20141": {
            "year_quarter": 20141,
            "year": 2014,
            "quarter": 1,
            "eps": 1.12,
            "eps_growth_year": -5.08,
            "eps_4q": 1.87,
            "eps_4q_growth_year": -7.78,
            "roe": 6.07,
            "roe_4q": 11.11,
            "gross_profit": 55835,
            "gross_margin": 13.22,
            "gross_margin_4q_avg": 11.03,
            "net_income": 69406,
            "net_income_4q": null,
            "revenue": 422228,
            "revenue_4q": null,
            "common_shares": 609772,
            "book_valuer_per_share": 18.6,
            "book_valuer_per_share_4q_avg": 17.74,
            "equity": 1212580,
            "current_ratio": 167.56,
            "debt_ratio": 57.85,
            "inventory_turnover_ratio": 1.59,
            "account_receivable_turnover_ratio": 0.97,
            "reinvestment_rate": 35.28,
            "research_to_sale_ratio": 1.15,
            "price_fair": 99.4,
            "eps_avg_yearly": 2.84,
            "eps_latest_yearly": 4.48,
            "eps_growth_yearly": 8602.57
        },
        "20142": {
            "year_quarter": 20142,
            "year": 2014,
            "quarter": 2,
            "eps": -0.18,
            "eps_growth_year": -121.95,
            "eps_4q": 0.87,
            "eps_4q_growth_year": -59.97,
            "roe": -0.96,
            "roe_4q": 5.430000000000001,
            "gross_profit": 35390,
            "gross_margin": 9.9,
            "gross_margin_4q_avg": 10.99,
            "net_income": -11459,
            "net_income_4q": null,
            "revenue": 357468,
            "revenue_4q": null,
            "common_shares": 651882,
            "book_valuer_per_share": 16.58,
            "book_valuer_per_share_4q_avg": 17.5,
            "equity": 1177200,
            "current_ratio": 173.06,
            "debt_ratio": 57.65,
            "inventory_turnover_ratio": 1.52,
            "account_receivable_turnover_ratio": 0.82,
            "reinvestment_rate": 42.99,
            "research_to_sale_ratio": 1.41,
            "price_fair": 94.58,
            "eps_avg_yearly": 2.7,
            "eps_latest_yearly": 4.48,
            "eps_growth_yearly": 9521.9
        },
        "20143": {
            "year_quarter": 20143,
            "year": 2014,
            "quarter": 3,
            "eps": 0.72,
            "eps_growth_year": null,
            "eps_4q": 1.68,
            "eps_4q_growth_year": -10.83,
            "roe": 3.98,
            "roe_4q": 10.37,
            "gross_profit": 21287,
            "gross_margin": 6.78,
            "gross_margin_4q_avg": 10.18,
            "net_income": 47862,
            "net_income_4q": null,
            "revenue": 314074,
            "revenue_4q": null,
            "common_shares": 710715,
            "book_valuer_per_share": 17.26,
            "book_valuer_per_share_4q_avg": 17.5,
            "equity": 1226662,
            "current_ratio": 183.72,
            "debt_ratio": 57.23,
            "inventory_turnover_ratio": 1.39,
            "account_receivable_turnover_ratio": 0.77,
            "reinvestment_rate": 31.72,
            "research_to_sale_ratio": 1.66,
            "price_fair": 96.6,
            "eps_avg_yearly": 2.76,
            "eps_latest_yearly": 4.48,
            "eps_growth_yearly": 10734.69
        },
        "20144": {
            "year_quarter": 20144,
            "year": 2014,
            "quarter": 4,
            "eps": 1.09,
            "eps_growth_year": 391.92,
            "eps_4q": 2.58,
            "eps_4q_growth_year": 27.63,
            "roe": 6.11,
            "roe_4q": 15.2,
            "gross_profit": 32238,
            "gross_margin": 8.26,
            "gross_margin_4q_avg": 9.54,
            "net_income": 77459,
            "net_income_4q": null,
            "revenue": 390110,
            "revenue_4q": null,
            "common_shares": 710715,
            "book_valuer_per_share": 18.39,
            "book_valuer_per_share_4q_avg": 17.71,
            "equity": 1307009,
            "current_ratio": 192.08,
            "debt_ratio": 55.47,
            "inventory_turnover_ratio": 1.61,
            "account_receivable_turnover_ratio": 0.84,
            "reinvestment_rate": 18.67,
            "research_to_sale_ratio": 1.32,
            "price_fair": 102.82,
            "eps_avg_yearly": 2.94,
            "eps_latest_yearly": 4.36,
            "eps_growth_yearly": 9564.79
        },
        "20151": {
            "year_quarter": 20151,
            "year": 2015,
            "quarter": 1,
            "eps": 0.01,
            "eps_growth_year": -99.11,
            "eps_4q": 1.61,
            "eps_4q_growth_year": -13.8,
            "roe": 0.06,
            "roe_4q": 9.190000000000001,
            "gross_profit": 38492,
            "gross_margin": 9.53,
            "gross_margin_4q_avg": 8.62,
            "net_income": 790,
            "net_income_4q": null,
            "revenue": 403979,
            "revenue_4q": null,
            "common_shares": 710715,
            "book_valuer_per_share": 18.4,
            "book_valuer_per_share_4q_avg": 17.66,
            "equity": 1307799,
            "current_ratio": 177.81,
            "debt_ratio": 58.31,
            "inventory_turnover_ratio": 1.63,
            "account_receivable_turnover_ratio": 0.79,
            "reinvestment_rate": 15.65,
            "research_to_sale_ratio": 1.16,
            "price_fair": 92.68,
            "eps_avg_yearly": 2.65,
            "eps_latest_yearly": 0.04,
            "eps_growth_yearly": 8568.67
        },
        "20152": {
            "year_quarter": 20152,
            "year": 2015,
            "quarter": 2,
            "eps": -0.35,
            "eps_growth_year": null,
            "eps_4q": 1.43,
            "eps_4q_growth_year": 64.99,
            "roe": -2.03,
            "roe_4q": 8.120000000000001,
            "gross_profit": 12816,
            "gross_margin": 3.82,
            "gross_margin_4q_avg": 7.1,
            "net_income": -24677,
            "net_income_4q": null,
            "revenue": 335285,
            "revenue_4q": null,
            "common_shares": 710715,
            "book_valuer_per_share": 15.82,
            "book_valuer_per_share_4q_avg": 17.47,
            "equity": 1124135,
            "current_ratio": 155.4,
            "debt_ratio": 63.5,
            "inventory_turnover_ratio": 1.63,
            "account_receivable_turnover_ratio": 0.68,
            "reinvestment_rate": 5.54,
            "research_to_sale_ratio": 1.62,
            "price_fair": 102.82,
            "eps_avg_yearly": 2.94,
            "eps_latest_yearly": 0.04,
            "eps_growth_yearly": 9563.76
        },
        "20153": {
            "year_quarter": 20153,
            "year": 2015,
            "quarter": 3,
            "eps": 2.14,
            "eps_growth_year": 197.22,
            "eps_4q": 2.89,
            "eps_4q_growth_year": 72.22,
            "roe": 12.67,
            "roe_4q": 16.810000000000002,
            "gross_profit": 20135,
            "gross_margin": 7.12,
            "gross_margin_4q_avg": 7.18,
            "net_income": 151999,
            "net_income_4q": null,
            "revenue": 282608,
            "revenue_4q": null,
            "common_shares": 710715,
            "book_valuer_per_share": 17.96,
            "book_valuer_per_share_4q_avg": 17.64,
            "equity": 1276134,
            "current_ratio": 171.25,
            "debt_ratio": 59.65,
            "inventory_turnover_ratio": 1.47,
            "account_receivable_turnover_ratio": 0.66,
            "reinvestment_rate": 3.98,
            "research_to_sale_ratio": 1.84,
            "price_fair": 80.5,
            "eps_avg_yearly": 2.3,
            "eps_latest_yearly": 0.04,
            "eps_growth_yearly": 759.23
        },
        "20154": {
            "year_quarter": 20154,
            "year": 2015,
            "quarter": 4,
            "eps": -0.04,
            "eps_growth_year": -103.72,
            "eps_4q": 1.76,
            "eps_4q_growth_year": -31.67,
            "roe": -0.23,
            "roe_4q": 10.47,
            "gross_profit": 32034,
            "gross_margin": 10.02,
            "gross_margin_4q_avg": 7.62,
            "net_income": -2882,
            "net_income_4q": null,
            "revenue": 319767,
            "revenue_4q": null,
            "common_shares": 710715,
            "book_valuer_per_share": 17.91,
            "book_valuer_per_share_4q_avg": 17.52,
            "equity": 1272718,
            "current_ratio": 185.74,
            "debt_ratio": 58.48,
            "inventory_turnover_ratio": 1.7,
            "account_receivable_turnover_ratio": 0.88,
            "reinvestment_rate": -22.06,
            "research_to_sale_ratio": 1.42,
            "price_fair": 87.8,
            "eps_avg_yearly": 2.51,
            "eps_latest_yearly": 0.04,
            "eps_growth_yearly": 918.86
        },
        "20161": {
            "year_quarter": 20161,
            "year": 2016,
            "quarter": 1,
            "eps": -0.47,
            "eps_growth_year": -4800,
            "eps_4q": 1.28,
            "eps_4q_growth_year": -20.77,
            "roe": -2.68,
            "roe_4q": 7.73,
            "gross_profit": 23854,
            "gross_margin": 8.19,
            "gross_margin_4q_avg": 7.29,
            "net_income": -33598,
            "net_income_4q": null,
            "revenue": 291212,
            "revenue_4q": null,
            "common_shares": 710715,
            "book_valuer_per_share": 17.43,
            "book_valuer_per_share_4q_avg": 17.28,
            "equity": 1239120,
            "current_ratio": 192.85,
            "debt_ratio": 56.84,
            "inventory_turnover_ratio": 1.7,
            "account_receivable_turnover_ratio": 1.17,
            "reinvestment_rate": -20.82,
            "research_to_sale_ratio": 1.37,
            "price_fair": 87.8,
            "eps_avg_yearly": 2.51,
            "eps_latest_yearly": 0.04,
            "eps_growth_yearly": 918.86
        },
        "20162": {
            "year_quarter": 20162,
            "year": 2016,
            "quarter": 2,
            "eps": 0.28,
            "eps_growth_year": null,
            "eps_4q": 1.91,
            "eps_4q_growth_year": 33.49,
            "roe": 1.67,
            "roe_4q": 11.43,
            "gross_profit": 39544,
            "gross_margin": 11.42,
            "gross_margin_4q_avg": 9.19,
            "net_income": 19888,
            "net_income_4q": null,
            "revenue": 346192,
            "revenue_4q": null,
            "common_shares": 710715,
            "book_valuer_per_share": 16.13,
            "book_valuer_per_share_4q_avg": 17.36,
            "equity": 1146398,
            "current_ratio": 166.01,
            "debt_ratio": 63.12,
            "inventory_turnover_ratio": 1.98,
            "account_receivable_turnover_ratio": 1.73,
            "reinvestment_rate": -23.85,
            "research_to_sale_ratio": 1.42,
            "price_fair": 87.8,
            "eps_avg_yearly": 2.51,
            "eps_latest_yearly": 0.04,
            "eps_growth_yearly": 918.86
        },
        "20163": {
            "year_quarter": 20163,
            "year": 2016,
            "quarter": 3,
            "eps": -0.48,
            "eps_growth_year": -122.43,
            "eps_4q": -0.71,
            "eps_4q_growth_year": -124.52,
            "roe": -2.99,
            "roe_4q": -4.23,
            "gross_profit": 49683,
            "gross_margin": 11.48,
            "gross_margin_4q_avg": 10.28,
            "net_income": -33817,
            "net_income_4q": null,
            "revenue": 432794,
            "revenue_4q": null,
            "common_shares": 710715,
            "book_valuer_per_share": 15.65,
            "book_valuer_per_share_4q_avg": 16.78,
            "equity": 1112581,
            "current_ratio": 154.21,
            "debt_ratio": 66.15,
            "inventory_turnover_ratio": 2.85,
            "account_receivable_turnover_ratio": 1.51,
            "reinvestment_rate": -26.8,
            "research_to_sale_ratio": 0.98,
            "price_fair": 100.33,
            "eps_avg_yearly": 2.87,
            "eps_latest_yearly": 0.04,
            "eps_growth_yearly": 1129.85
        },
        "20164": {
            "year_quarter": 20164,
            "year": 2016,
            "quarter": 4,
            "eps": 1.11,
            "eps_growth_year": null,
            "eps_4q": 0.45,
            "eps_4q_growth_year": -74.73,
            "roe": 6.9,
            "roe_4q": 2.9,
            "gross_profit": 28171,
            "gross_margin": 7.02,
            "gross_margin_4q_avg": 9.53,
            "net_income": 79173,
            "net_income_4q": null,
            "revenue": 401258,
            "revenue_4q": null,
            "common_shares": 710715,
            "book_valuer_per_share": 16.65,
            "book_valuer_per_share_4q_avg": 16.47,
            "equity": 1183232,
            "current_ratio": 167.86,
            "debt_ratio": 64.23,
            "inventory_turnover_ratio": 2.99,
            "account_receivable_turnover_ratio": 1.07,
            "reinvestment_rate": -22.57,
            "research_to_sale_ratio": 1.09,
            "price_fair": 118.16,
            "eps_avg_yearly": 3.38,
            "eps_latest_yearly": 0.04,
            "eps_growth_yearly": 1364.71
        },
        "20171": {
            "year_quarter": 20171,
            "year": 2017,
            "quarter": 1,
            "eps": -2.18,
            "eps_growth_year": null,
            "eps_4q": -1.26,
            "eps_4q_growth_year": -198.49,
            "roe": -13.99,
            "roe_4q": -8.41,
            "gross_profit": 26238,
            "gross_margin": 6.79,
            "gross_margin_4q_avg": 9.18,
            "net_income": -154714,
            "net_income_4q": null,
            "revenue": 386301,
            "revenue_4q": null,
            "common_shares": 710715,
            "book_valuer_per_share": 14.47,
            "book_valuer_per_share_4q_avg": 15.73,
            "equity": 1028518,
            "current_ratio": 146.75,
            "debt_ratio": 70.15,
            "inventory_turnover_ratio": 2.52,
            "account_receivable_turnover_ratio": 0.84,
            "reinvestment_rate": -40.12,
            "research_to_sale_ratio": 1.09,
            "price_fair": 106.4,
            "eps_avg_yearly": 3.04,
            "eps_latest_yearly": 0.04,
            "eps_growth_yearly": 330.89
        },
        "20172": {
            "year_quarter": 20172,
            "year": 2017,
            "quarter": 2,
            "eps": 0.11,
            "eps_growth_year": -60.71,
            "eps_4q": -1.43,
            "eps_4q_growth_year": -175.16,
            "roe": 0.75,
            "roe_4q": -9.33,
            "gross_profit": 7912,
            "gross_margin": 2.17,
            "gross_margin_4q_avg": 6.87,
            "net_income": 7583,
            "net_income_4q": null,
            "revenue": 364874,
            "revenue_4q": null,
            "common_shares": 710715,
            "book_valuer_per_share": 14.12,
            "book_valuer_per_share_4q_avg": 15.22,
            "equity": 1003495,
            "current_ratio": 124.98,
            "debt_ratio": 71.36,
            "inventory_turnover_ratio": 2.12,
            "account_receivable_turnover_ratio": 0.7,
            "reinvestment_rate": -43.46,
            "research_to_sale_ratio": 1.09,
            "price_fair": 103.6,
            "eps_avg_yearly": 2.96,
            "eps_latest_yearly": 0.04,
            "eps_growth_yearly": 481.86
        },
        "20173": {
            "year_quarter": 20173,
            "year": 2017,
            "quarter": 3,
            "eps": 0.24,
            "eps_growth_year": null,
            "eps_4q": -0.71,
            "eps_4q_growth_year": null,
            "roe": 1.72,
            "roe_4q": -4.619999999999999,
            "gross_profit": 42601,
            "gross_margin": 9.49,
            "gross_margin_4q_avg": 6.37,
            "net_income": 17411,
            "net_income_4q": null,
            "revenue": 448739,
            "revenue_4q": null,
            "common_shares": 710715,
            "book_valuer_per_share": 14.36,
            "book_valuer_per_share_4q_avg": 14.9,
            "equity": 1020906,
            "current_ratio": 127.22,
            "debt_ratio": 70.14,
            "inventory_turnover_ratio": 2.2,
            "account_receivable_turnover_ratio": 0.94,
            "reinvestment_rate": -35.16,
            "research_to_sale_ratio": 0.9,
            "price_fair": 86.1,
            "eps_avg_yearly": 2.46,
            "eps_latest_yearly": 0.96,
            "eps_growth_yearly": 479.58
        },
        "20174": {
            "year_quarter": 20174,
            "year": 2017,
            "quarter": 4,
            "eps": -0.16,
            "eps_growth_year": -114.27,
            "eps_4q": -1.98,
            "eps_4q_growth_year": -545.61,
            "roe": -1.11,
            "roe_4q": -12.63,
            "gross_profit": 28811,
            "gross_margin": 6.98,
            "gross_margin_4q_avg": 6.36,
            "net_income": -11299,
            "net_income_4q": null,
            "revenue": 412965,
            "revenue_4q": null,
            "common_shares": 710715,
            "book_valuer_per_share": 14.35,
            "book_valuer_per_share_4q_avg": 14.33,
            "equity": 1020049,
            "current_ratio": 118.98,
            "debt_ratio": 71.1,
            "inventory_turnover_ratio": 1.75,
            "account_receivable_turnover_ratio": 0.94,
            "reinvestment_rate": -28.67,
            "research_to_sale_ratio": 0.92,
            "price_fair": 86.1,
            "eps_avg_yearly": 2.46,
            "eps_latest_yearly": 0.96,
            "eps_growth_yearly": 479.58
        },
        "20181": {
            "year_quarter": 20181,
            "year": 2018,
            "quarter": 1,
            "eps": -0.72,
            "eps_growth_year": null,
            "eps_4q": -0.53,
            "eps_4q_growth_year": null,
            "roe": -5.14,
            "roe_4q": -3.7800000000000002,
            "gross_profit": 23905,
            "gross_margin": 5.19,
            "gross_margin_4q_avg": 5.96,
            "net_income": -51139,
            "net_income_4q": null,
            "revenue": 460421,
            "revenue_4q": null,
            "common_shares": 710715,
            "book_valuer_per_share": 13.63,
            "book_valuer_per_share_4q_avg": 14.12,
            "equity": 968910,
            "current_ratio": 115.54,
            "debt_ratio": 72.67,
            "inventory_turnover_ratio": 1.78,
            "account_receivable_turnover_ratio": 1.02,
            "reinvestment_rate": -67.02,
            "research_to_sale_ratio": 0.87,
            "price_fair": 62.53,
            "eps_avg_yearly": 1.79,
            "eps_latest_yearly": 0.96,
            "eps_growth_yearly": 93.98
        },
        "20182": {
            "year_quarter": 20182,
            "year": 2018,
            "quarter": 2,
            "eps": 2.28,
            "eps_growth_year": 1972.73,
            "eps_4q": 1.64,
            "eps_4q_growth_year": null,
            "roe": 15.4,
            "roe_4q": 10.870000000000003,
            "gross_profit": 27239,
            "gross_margin": 5.59,
            "gross_margin_4q_avg": 6.81,
            "net_income": 161717,
            "net_income_4q": null,
            "revenue": 486940,
            "revenue_4q": null,
            "common_shares": 710715,
            "book_valuer_per_share": 15.91,
            "book_valuer_per_share_4q_avg": 14.56,
            "equity": 1130627,
            "current_ratio": 125.89,
            "debt_ratio": 68.44,
            "inventory_turnover_ratio": 1.95,
            "account_receivable_turnover_ratio": 0.96,
            "reinvestment_rate": -22.71,
            "research_to_sale_ratio": 0.78,
            "price_fair": 62.53,
            "eps_avg_yearly": 1.79,
            "eps_latest_yearly": 0.96,
            "eps_growth_yearly": 93.98
        },
        "20183": {
            "year_quarter": 20183,
            "year": 2018,
            "quarter": 3,
            "eps": 0.59,
            "eps_growth_year": 145.83,
            "eps_4q": 1.99,
            "eps_4q_growth_year": null,
            "roe": 3.65,
            "roe_4q": 12.8,
            "gross_profit": 44427,
            "gross_margin": 9.25,
            "gross_margin_4q_avg": 6.75,
            "net_income": 42032,
            "net_income_4q": null,
            "revenue": 480240,
            "revenue_4q": null,
            "common_shares": 710715,
            "book_valuer_per_share": 16.5,
            "book_valuer_per_share_4q_avg": 15.1,
            "equity": 1172659,
            "current_ratio": 131.53,
            "debt_ratio": 68.88,
            "inventory_turnover_ratio": 1.99,
            "account_receivable_turnover_ratio": 0.88,
            "reinvestment_rate": -22.52,
            "research_to_sale_ratio": 0.97,
            "price_fair": 5.79,
            "eps_avg_yearly": 1.93,
            "eps_latest_yearly": 2.36,
            "eps_growth_yearly": -3.63
        },
        "20184": {
            "year_quarter": 20184,
            "year": 2018,
            "quarter": 4,
            "eps": 0.73,
            "eps_growth_year": null,
            "eps_4q": 2.88,
            "eps_4q_growth_year": null,
            "roe": 4.33,
            "roe_4q": 18.240000000000002,
            "gross_profit": 36611,
            "gross_margin": 9.13,
            "gross_margin_4q_avg": 7.29,
            "net_income": 51940,
            "net_income_4q": null,
            "revenue": 401070,
            "revenue_4q": null,
            "common_shares": 710715,
            "book_valuer_per_share": 17.25,
            "book_valuer_per_share_4q_avg": 15.82,
            "equity": 1225700,
            "current_ratio": 137.17,
            "debt_ratio": 65.81,
            "inventory_turnover_ratio": 1.95,
            "account_receivable_turnover_ratio": 0.78,
            "reinvestment_rate": -13.46,
            "research_to_sale_ratio": 1.08,
            "price_fair": 4.71,
            "eps_avg_yearly": 1.57,
            "eps_latest_yearly": 2.92,
            "eps_growth_yearly": -31.29
        },
        "20191": {
            "year_quarter": 20191,
            "year": 2019,
            "quarter": 1,
            "eps": 0.45,
            "eps_growth_year": null,
            "eps_4q": 4.04,
            "eps_4q_growth_year": null,
            "roe": 2.56,
            "roe_4q": 25.94,
            "gross_profit": 23254,
            "gross_margin": 6.35,
            "gross_margin_4q_avg": 7.58,
            "net_income": 31775,
            "net_income_4q": null,
            "revenue": 366137,
            "revenue_4q": null,
            "common_shares": 710715,
            "book_valuer_per_share": 17.69,
            "book_valuer_per_share_4q_avg": 16.84,
            "equity": 1257475,
            "current_ratio": 143.95,
            "debt_ratio": 61.41,
            "inventory_turnover_ratio": 2.18,
            "account_receivable_turnover_ratio": 0.97,
            "reinvestment_rate": -12.92,
            "research_to_sale_ratio": 1.25,
            "price_fair": 70.35,
            "eps_avg_yearly": 2.01,
            "eps_latest_yearly": 1.8,
            "eps_growth_yearly": 29.43
        },
        "20192": {
            "year_quarter": 20192,
            "year": 2019,
            "quarter": 2,
            "eps": 0.44,
            "eps_growth_year": -80.7,
            "eps_4q": 2.21,
            "eps_4q_growth_year": 34.42,
            "roe": 2.51,
            "roe_4q": 13.05,
            "gross_profit": 20952,
            "gross_margin": 6.66,
            "gross_margin_4q_avg": 7.85,
            "net_income": 31102,
            "net_income_4q": null,
            "revenue": 314677,
            "revenue_4q": null,
            "common_shares": 710715,
            "book_valuer_per_share": 17.13,
            "book_valuer_per_share_4q_avg": 17.14,
            "equity": 1217506,
            "current_ratio": 146.7,
            "debt_ratio": 60.09,
            "inventory_turnover_ratio": 1.72,
            "account_receivable_turnover_ratio": 1.38,
            "reinvestment_rate": -11.44,
            "research_to_sale_ratio": 1.46,
            "price_fair": 62.26,
            "eps_avg_yearly": 1.96,
            "eps_latest_yearly": 1.76,
            "eps_growth_yearly": 21.77
        },
        "20193": {
            "year_quarter": 20193,
            "year": 2019,
            "quarter": 3,
            "eps": -0.02,
            "eps_growth_year": -103.39,
            "eps_4q": 1.6,
            "eps_4q_growth_year": -19.57,
            "roe": -0.1,
            "roe_4q": 9.3,
            "gross_profit": 8284,
            "gross_margin": 2.19,
            "gross_margin_4q_avg": 6.08,
            "net_income": -1162,
            "net_income_4q": null,
            "revenue": 378386,
            "revenue_4q": null,
            "common_shares": 710715,
            "book_valuer_per_share": 17.11,
            "book_valuer_per_share_4q_avg": 17.3,
            "equity": 1216344,
            "current_ratio": 122.99,
            "debt_ratio": 62.22,
            "inventory_turnover_ratio": 2.03,
            "account_receivable_turnover_ratio": 1.78,
            "reinvestment_rate": 66.35,
            "research_to_sale_ratio": 1.01,
            "price_fair": 62.26,
            "eps_avg_yearly": 1.96,
            "eps_latest_yearly": 1.76,
            "eps_growth_yearly": 21.77
        },
        "20194": {
            "year_quarter": 20194,
            "year": 2019,
            "quarter": 4,
            "eps": -1.05,
            "eps_growth_year": -243.89,
            "eps_4q": -0.18,
            "eps_4q_growth_year": -106.37,
            "roe": -6.35,
            "roe_4q": -1.3799999999999994,
            "gross_profit": -4195,
            "gross_margin": -1.36,
            "gross_margin_4q_avg": 3.46,
            "net_income": -74739,
            "net_income_4q": null,
            "revenue": 307795,
            "revenue_4q": null,
            "common_shares": 710715,
            "book_valuer_per_share": 16.03,
            "book_valuer_per_share_4q_avg": 16.99,
            "equity": 1139446,
            "current_ratio": 122.2,
            "debt_ratio": 64.6,
            "inventory_turnover_ratio": 1.82,
            "account_receivable_turnover_ratio": 1.46,
            "reinvestment_rate": 212.32,
            "research_to_sale_ratio": 1.75,
            "price_fair": 62.26,
            "eps_avg_yearly": 1.96,
            "eps_latest_yearly": 1.76,
            "eps_growth_yearly": 21.77
        },
        "20201": {
            "year_quarter": 20201,
            "year": 2020,
            "quarter": 1,
            "eps": -0.05,
            "eps_growth_year": -111.11,
            "eps_4q": -0.68,
            "eps_4q_growth_year": -116.91,
            "roe": -0.33,
            "roe_4q": -4.27,
            "gross_profit": -3979,
            "gross_margin": -1.3,
            "gross_margin_4q_avg": 1.55,
            "net_income": -3804,
            "net_income_4q": null,
            "revenue": 305848,
            "revenue_4q": null,
            "common_shares": 710715,
            "book_valuer_per_share": 15.98,
            "book_valuer_per_share_4q_avg": 16.56,
            "equity": 1135642,
            "current_ratio": 121.3,
            "debt_ratio": 65.05,
            "inventory_turnover_ratio": 1.68,
            "account_receivable_turnover_ratio": 1.53,
            "reinvestment_rate": 164.01,
            "research_to_sale_ratio": 1.29,
            "price_fair": 62.26,
            "eps_avg_yearly": 1.96,
            "eps_latest_yearly": 1.76,
            "eps_growth_yearly": 21.77
        },
        "20202": {
            "year_quarter": 20202,
            "year": 2020,
            "quarter": 2,
            "eps": -1.02,
            "eps_growth_year": -331.82,
            "eps_4q": -2.14,
            "eps_4q_growth_year": -197.04,
            "roe": -6.7,
            "roe_4q": -13.479999999999999,
            "gross_profit": -41428,
            "gross_margin": -24.3,
            "gross_margin_4q_avg": -6.19,
            "net_income": -72505,
            "net_income_4q": null,
            "revenue": 170488,
            "revenue_4q": null,
            "common_shares": 710715,
            "book_valuer_per_share": 14.46,
            "book_valuer_per_share_4q_avg": 15.9,
            "equity": 1027601,
            "current_ratio": 112.8,
            "debt_ratio": 67.97,
            "inventory_turnover_ratio": 1.4,
            "account_receivable_turnover_ratio": 0.87,
            "reinvestment_rate": 1194.92,
            "research_to_sale_ratio": 0.64,
            "price_fair": 62.26,
            "eps_avg_yearly": 1.96,
            "eps_latest_yearly": 1.76,
            "eps_growth_yearly": 21.77
        },
        "20203": {
            "year_quarter": 20203,
            "year": 2020,
            "quarter": 3,
            "eps": -0.74,
            "eps_growth_year": null,
            "eps_4q": -2.86,
            "eps_4q_growth_year": -278.93,
            "roe": -5.22,
            "roe_4q": -18.6,
            "gross_profit": 1834,
            "gross_margin": 0.81,
            "gross_margin_4q_avg": -6.54,
            "net_income": -52315,
            "net_income_4q": null,
            "revenue": 227575,
            "revenue_4q": null,
            "common_shares": 710715,
            "book_valuer_per_share": 13.72,
            "book_valuer_per_share_4q_avg": 15.05,
            "equity": 975286,
            "current_ratio": 107.27,
            "debt_ratio": 69.93,
            "inventory_turnover_ratio": 1.7,
            "account_receivable_turnover_ratio": 1.72,
            "reinvestment_rate": 24417.9,
            "research_to_sale_ratio": 1.7,
            "price_fair": 62.26,
            "eps_avg_yearly": 1.96,
            "eps_latest_yearly": 1.76,
            "eps_growth_yearly": 21.77
        },
        "20204": {
            "year_quarter": 20204,
            "year": 2020,
            "quarter": 4,
            "eps": -0.51,
            "eps_growth_year": null,
            "eps_4q": -2.32,
            "eps_4q_growth_year": null,
            "roe": -3.76,
            "roe_4q": -16.009999999999998,
            "gross_profit": 17120,
            "gross_margin": 4.77,
            "gross_margin_4q_avg": -5.01,
            "net_income": -36007,
            "net_income_4q": null,
            "revenue": 358550,
            "revenue_4q": null,
            "common_shares": 710715,
            "book_valuer_per_share": 13.23,
            "book_valuer_per_share_4q_avg": 14.35,
            "equity": 940543,
            "current_ratio": 118.5,
            "debt_ratio": 72.9,
            "inventory_turnover_ratio": 1.87,
            "account_receivable_turnover_ratio": 3.2,
            "reinvestment_rate": null,
            "research_to_sale_ratio": 1.14,
            "price_fair": 62.26,
            "eps_avg_yearly": 1.96,
            "eps_latest_yearly": 1.76,
            "eps_growth_yearly": 21.77
        },
        "20211": {
            "year_quarter": 20211,
            "year": 2021,
            "quarter": 1,
            "eps": 6.03,
            "eps_growth_year": null,
            "eps_4q": 3.77,
            "eps_4q_growth_year": null,
            "roe": 37.11,
            "roe_4q": 21.430000000000003,
            "gross_profit": 16171,
            "gross_margin": 4.19,
            "gross_margin_4q_avg": -3.63,
            "net_income": 428554,
            "net_income_4q": null,
            "revenue": 385998,
            "revenue_4q": null,
            "common_shares": 710715,
            "book_valuer_per_share": 19.26,
            "book_valuer_per_share_4q_avg": 15.17,
            "equity": 1369097,
            "current_ratio": 142.68,
            "debt_ratio": 65.04,
            "inventory_turnover_ratio": 1.68,
            "account_receivable_turnover_ratio": 2.24,
            "reinvestment_rate": 69.91,
            "research_to_sale_ratio": 1.05,
            "price_fair": 62.26,
            "eps_avg_yearly": 1.96,
            "eps_latest_yearly": 1.76,
            "eps_growth_yearly": 21.77
        },
        "20212": {
            "year_quarter": 20212,
            "year": 2021,
            "quarter": 2,
            "eps": -0.85,
            "eps_growth_year": null,
            "eps_4q": 3.94,
            "eps_4q_growth_year": null,
            "roe": -4.49,
            "roe_4q": 23.64,
            "gross_profit": 559,
            "gross_margin": 0.13,
            "gross_margin_4q_avg": 2.48,
            "net_income": -60080,
            "net_income_4q": null,
            "revenue": 425960,
            "revenue_4q": null,
            "common_shares": 710715,
            "book_valuer_per_share": 18.42,
            "book_valuer_per_share_4q_avg": 16.16,
            "equity": 1309021,
            "current_ratio": 146.93,
            "debt_ratio": 68.54,
            "inventory_turnover_ratio": 1.52,
            "account_receivable_turnover_ratio": 1.83,
            "reinvestment_rate": 96.16,
            "research_to_sale_ratio": 1.35,
            "price_fair": 62.26,
            "eps_avg_yearly": 1.96,
            "eps_latest_yearly": 1.76,
            "eps_growth_yearly": 21.77
        },
        "20213": {
            "year_quarter": 20213,
            "year": 2021,
            "quarter": 3,
            "eps": 0.08,
            "eps_growth_year": null,
            "eps_4q": 4.76,
            "eps_4q_growth_year": null,
            "roe": 0.45,
            "roe_4q": 29.310000000000002,
            "gross_profit": 26603,
            "gross_margin": 5.45,
            "gross_margin_4q_avg": 3.64,
            "net_income": 5885,
            "net_income_4q": null,
            "revenue": 488544,
            "revenue_4q": null,
            "common_shares": 710715,
            "book_valuer_per_share": 18.5,
            "book_valuer_per_share_4q_avg": 17.35,
            "equity": 1314906,
            "current_ratio": 142.14,
            "debt_ratio": 71.49,
            "inventory_turnover_ratio": 1.44,
            "account_receivable_turnover_ratio": 1.24,
            "reinvestment_rate": 118,
            "research_to_sale_ratio": 0.73,
            "price_fair": 6.63,
            "eps_avg_yearly": 2.21,
            "eps_latest_yearly": 1.76,
            "eps_growth_yearly": -90.97
        },
        "20214": {
            "year_quarter": 20214,
            "year": 2021,
            "quarter": 4,
            "eps": -0.46,
            "eps_growth_year": null,
            "eps_4q": 4.81,
            "eps_4q_growth_year": null,
            "roe": -2.5,
            "roe_4q": 30.57,
            "gross_profit": -643,
            "gross_margin": -0.18,
            "gross_margin_4q_avg": 2.4,
            "net_income": -32416,
            "net_income_4q": null,
            "revenue": 362633,
            "revenue_4q": null,
            "common_shares": 710715,
            "book_valuer_per_share": 18.05,
            "book_valuer_per_share_4q_avg": 18.56,
            "equity": 1283006,
            "current_ratio": 116.31,
            "debt_ratio": 73.47,
            "inventory_turnover_ratio": 1.37,
            "account_receivable_turnover_ratio": 0.7,
            "reinvestment_rate": 141.03,
            "research_to_sale_ratio": 1.29,
            "price_fair": 6.63,
            "eps_avg_yearly": 2.21,
            "eps_latest_yearly": 1.76,
            "eps_growth_yearly": -90.97
        },
        "20221": {
            "year_quarter": 20221,
            "year": 2022,
            "quarter": 1,
            "eps": 1.04,
            "eps_growth_year": -82.75,
            "eps_4q": -0.18,
            "eps_4q_growth_year": -104.74,
            "roe": 5.6,
            "roe_4q": -0.9400000000000004,
            "gross_profit": -1408,
            "gross_margin": -0.53,
            "gross_margin_4q_avg": 1.22,
            "net_income": 73925,
            "net_income_4q": null,
            "revenue": 265159,
            "revenue_4q": null,
            "common_shares": 710715,
            "book_valuer_per_share": 19.09,
            "book_valuer_per_share_4q_avg": 18.52,
            "equity": 1356932,
            "current_ratio": 116.72,
            "debt_ratio": 71.79,
            "inventory_turnover_ratio": 1.15,
            "account_receivable_turnover_ratio": 0.73,
            "reinvestment_rate": 115.02,
            "research_to_sale_ratio": 1.5,
            "price_fair": 6.63,
            "eps_avg_yearly": 2.21,
            "eps_latest_yearly": 1.76,
            "eps_growth_yearly": -90.97
        },
        "20222": {
            "year_quarter": 20222,
            "year": 2022,
            "quarter": 2,
            "eps": 1.51,
            "eps_growth_year": null,
            "eps_4q": 2.18,
            "eps_4q_growth_year": -44.72,
            "roe": 8.02,
            "roe_4q": 11.569999999999999,
            "gross_profit": 20629,
            "gross_margin": 4.91,
            "gross_margin_4q_avg": 2.41,
            "net_income": 107478,
            "net_income_4q": null,
            "revenue": 420070,
            "revenue_4q": null,
            "common_shares": 710715,
            "book_valuer_per_share": 18.6,
            "book_valuer_per_share_4q_avg": 18.56,
            "equity": 1322267,
            "current_ratio": 111.9,
            "debt_ratio": 74.6,
            "inventory_turnover_ratio": 1.6,
            "account_receivable_turnover_ratio": 1.5,
            "reinvestment_rate": 141.88,
            "research_to_sale_ratio": 0.92,
            "price_fair": 8.93,
            "eps_avg_yearly": 2.98,
            "eps_latest_yearly": 6.04,
            "eps_growth_yearly": -36.62
        },
        "20223": {
            "year_quarter": 20223,
            "year": 2022,
            "quarter": 3,
            "eps": 2.99,
            "eps_growth_year": 3637.5,
            "eps_4q": 5.08,
            "eps_4q_growth_year": 6.8,
            "roe": 14.87,
            "roe_4q": 25.990000000000002,
            "gross_profit": 5733,
            "gross_margin": 1.52,
            "gross_margin_4q_avg": 1.43,
            "net_income": 212380,
            "net_income_4q": null,
            "revenue": 377769,
            "revenue_4q": null,
            "common_shares": 710715,
            "book_valuer_per_share": 21.59,
            "book_valuer_per_share_4q_avg": 19.33,
            "equity": 1534647,
            "current_ratio": 102.09,
            "debt_ratio": 72.45,
            "inventory_turnover_ratio": 1.66,
            "account_receivable_turnover_ratio": 1.12,
            "reinvestment_rate": 108.35,
            "research_to_sale_ratio": 0.7,
            "price_fair": 171.36,
            "eps_avg_yearly": 4.9,
            "eps_latest_yearly": 11.96,
            "eps_growth_yearly": 101.08
        },
        "20224": {
            "year_quarter": 20224,
            "year": 2022,
            "quarter": 4,
            "eps": -1.49,
            "eps_growth_year": null,
            "eps_4q": 4.05,
            "eps_4q_growth_year": -15.89,
            "roe": -7.16,
            "roe_4q": 21.33,
            "gross_profit": 17015,
            "gross_margin": 5.37,
            "gross_margin_4q_avg": 2.82,
            "net_income": -106183,
            "net_income_4q": null,
            "revenue": 316802,
            "revenue_4q": null,
            "common_shares": 710715,
            "book_valuer_per_share": 20.15,
            "book_valuer_per_share_4q_avg": 19.86,
            "equity": 1431785,
            "current_ratio": 108.93,
            "debt_ratio": 74.18,
            "inventory_turnover_ratio": 1.86,
            "account_receivable_turnover_ratio": 1.02,
            "reinvestment_rate": 151.97,
            "research_to_sale_ratio": 1.93,
            "price_fair": 188.65,
            "eps_avg_yearly": 5.39,
            "eps_latest_yearly": 11.96,
            "eps_growth_yearly": 102.63
        },
        "20231": {
            "year_quarter": 20231,
            "year": 2023,
            "quarter": 1,
            "eps": 0.1,
            "eps_growth_year": -90.38,
            "eps_4q": 3.11,
            "eps_4q_growth_year": null,
            "roe": 0.51,
            "roe_4q": 16.24,
            "gross_profit": 41191,
            "gross_margin": 14.74,
            "gross_margin_4q_avg": 6.64,
            "net_income": 7264,
            "net_income_4q": null,
            "revenue": 279481,
            "revenue_4q": null,
            "common_shares": 710715,
            "book_valuer_per_share": 20.25,
            "book_valuer_per_share_4q_avg": 20.15,
            "equity": 1439050,
            "current_ratio": 104.88,
            "debt_ratio": 74.99,
            "inventory_turnover_ratio": 1.81,
            "account_receivable_turnover_ratio": 1.14,
            "reinvestment_rate": 245.67,
            "research_to_sale_ratio": 1.1,
            "price_fair": 230.53,
            "eps_avg_yearly": 6.59,
            "eps_latest_yearly": 11.96,
            "eps_growth_yearly": 187.98
        },
        "20232": {
            "year_quarter": 20232,
            "year": 2023,
            "quarter": 2,
            "eps": 0.95,
            "eps_growth_year": -37.09,
            "eps_4q": 2.55,
            "eps_4q_growth_year": 16.84,
            "roe": 4.82,
            "roe_4q": 13.04,
            "gross_profit": 11395,
            "gross_margin": 4.49,
            "gross_margin_4q_avg": 6.53,
            "net_income": 67498,
            "net_income_4q": null,
            "revenue": 253540,
            "revenue_4q": null,
            "common_shares": 710715,
            "book_valuer_per_share": 19.2,
            "book_valuer_per_share_4q_avg": 20.3,
            "equity": 1364405,
            "current_ratio": 102.47,
            "debt_ratio": 76.83,
            "inventory_turnover_ratio": 1.86,
            "account_receivable_turnover_ratio": 1.25,
            "reinvestment_rate": 243.57,
            "research_to_sale_ratio": 1.35,
            "price_fair": 254.33,
            "eps_avg_yearly": 7.27,
            "eps_latest_yearly": 3.8,
            "eps_growth_yearly": 1324.27
        }
    },
    "months": {
        "2001-06": {
            "month": "2001-06",
            "price": "32.59",
            "revenue": 22468
        },
        "2001-07": {
            "month": "2001-07",
            "price": "24.13",
            "revenue": 60390
        },
        "2001-08": {
            "month": "2001-08",
            "price": "27.97",
            "revenue": 65358
        },
        "2001-09": {
            "month": "2001-09",
            "price": "22.77",
            "revenue": 60571
        },
        "2001-10": {
            "month": "2001-10",
            "price": "20.95",
            "revenue": 71656
        },
        "2001-11": {
            "month": "2001-11",
            "price": "23.60",
            "revenue": 72097
        },
        "2001-12": {
            "month": "2001-12",
            "price": "32.56",
            "revenue": 48082
        },
        "2002-01": {
            "month": "2002-01",
            "price": "37.94",
            "revenue": 71344
        },
        "2002-02": {
            "month": "2002-02",
            "price": "42.22",
            "revenue": 51219
        },
        "2002-03": {
            "month": "2002-03",
            "price": "49.57",
            "revenue": 72645
        },
        "2002-04": {
            "month": "2002-04",
            "price": "45.14",
            "revenue": 61044
        },
        "2002-05": {
            "month": "2002-05",
            "price": "46.46",
            "revenue": 55417
        },
        "2002-06": {
            "month": "2002-06",
            "price": "47.90",
            "revenue": 45018
        },
        "2002-07": {
            "month": "2002-07",
            "price": "57.49",
            "revenue": 52969
        },
        "2002-08": {
            "month": "2002-08",
            "price": "64.98",
            "revenue": 54205
        },
        "2002-09": {
            "month": "2002-09",
            "price": "49.58",
            "revenue": 70283
        },
        "2002-10": {
            "month": "2002-10",
            "price": "40.31",
            "revenue": 76760
        },
        "2002-11": {
            "month": "2002-11",
            "price": "43.21",
            "revenue": 78209
        },
        "2002-12": {
            "month": "2002-12",
            "price": "35.05",
            "revenue": 60426
        },
        "2003-01": {
            "month": "2003-01",
            "price": "31.70",
            "revenue": 72175
        },
        "2003-02": {
            "month": "2003-02",
            "price": "28.74",
            "revenue": 62273
        },
        "2003-03": {
            "month": "2003-03",
            "price": "32.29",
            "revenue": 78373
        },
        "2003-04": {
            "month": "2003-04",
            "price": "36.90",
            "revenue": 94062
        },
        "2003-05": {
            "month": "2003-05",
            "price": "22.70",
            "revenue": 42278
        },
        "2003-06": {
            "month": "2003-06",
            "price": "24.22",
            "revenue": 36963
        },
        "2003-07": {
            "month": "2003-07",
            "price": "24.48",
            "revenue": 58018
        },
        "2003-08": {
            "month": "2003-08",
            "price": "23.65",
            "revenue": 72139
        },
        "2003-09": {
            "month": "2003-09",
            "price": "19.80",
            "revenue": 73380
        },
        "2003-10": {
            "month": "2003-10",
            "price": "19.97",
            "revenue": 78648
        },
        "2003-11": {
            "month": "2003-11",
            "price": "21.52",
            "revenue": 79032
        },
        "2003-12": {
            "month": "2003-12",
            "price": "26.17",
            "revenue": 70251
        },
        "2004-01": {
            "month": "2004-01",
            "price": "25.03",
            "revenue": 52305
        },
        "2004-02": {
            "month": "2004-02",
            "price": "23.77",
            "revenue": 53085
        },
        "2004-03": {
            "month": "2004-03",
            "price": "21.29",
            "revenue": 46165
        },
        "2004-04": {
            "month": "2004-04",
            "price": "19.65",
            "revenue": 50254
        },
        "2004-05": {
            "month": "2004-05",
            "price": "15.70",
            "revenue": 27014
        },
        "2004-06": {
            "month": "2004-06",
            "price": "15.31",
            "revenue": 52061
        },
        "2004-07": {
            "month": "2004-07",
            "price": "15.85",
            "revenue": 60161
        },
        "2004-08": {
            "month": "2004-08",
            "price": "15.44",
            "revenue": 86267
        },
        "2004-09": {
            "month": "2004-09",
            "price": "15.91",
            "revenue": 87527
        },
        "2004-10": {
            "month": "2004-10",
            "price": "16.16",
            "revenue": 90178
        },
        "2004-11": {
            "month": "2004-11",
            "price": "16.89",
            "revenue": 75623
        },
        "2004-12": {
            "month": "2004-12",
            "price": "16.49",
            "revenue": 56745
        },
        "2005-01": {
            "month": "2005-01",
            "price": "15.49",
            "revenue": 94457
        },
        "2005-02": {
            "month": "2005-02",
            "price": "17.71",
            "revenue": 80449
        },
        "2005-03": {
            "month": "2005-03",
            "price": "26.62",
            "revenue": 114045
        },
        "2005-04": {
            "month": "2005-04",
            "price": "26.53",
            "revenue": 94094
        },
        "2005-05": {
            "month": "2005-05",
            "price": "25.81",
            "revenue": 80706
        },
        "2005-06": {
            "month": "2005-06",
            "price": "28.39",
            "revenue": 96708
        },
        "2005-07": {
            "month": "2005-07",
            "price": "31.56",
            "revenue": 70208
        },
        "2005-08": {
            "month": "2005-08",
            "price": "32.76",
            "revenue": 82203
        },
        "2005-09": {
            "month": "2005-09",
            "price": "31.49",
            "revenue": 96298
        },
        "2005-10": {
            "month": "2005-10",
            "price": "31.28",
            "revenue": 121246
        },
        "2005-11": {
            "month": "2005-11",
            "price": "32.15",
            "revenue": 91668
        },
        "2005-12": {
            "month": "2005-12",
            "price": "33.68",
            "revenue": 45553
        },
        "2006-01": {
            "month": "2006-01",
            "price": "32.38",
            "revenue": 32859
        },
        "2006-02": {
            "month": "2006-02",
            "price": "27.89",
            "revenue": 40195
        },
        "2006-03": {
            "month": "2006-03",
            "price": "25.92",
            "revenue": 54135
        },
        "2006-04": {
            "month": "2006-04",
            "price": "27.06",
            "revenue": 71323
        },
        "2006-05": {
            "month": "2006-05",
            "price": "26.06",
            "revenue": 77208
        },
        "2006-06": {
            "month": "2006-06",
            "price": "23.64",
            "revenue": 68796
        },
        "2006-07": {
            "month": "2006-07",
            "price": "23.23",
            "revenue": 104540
        },
        "2006-08": {
            "month": "2006-08",
            "price": "20.29",
            "revenue": 126638
        },
        "2006-09": {
            "month": "2006-09",
            "price": "20.93",
            "revenue": 133478
        },
        "2006-10": {
            "month": "2006-10",
            "price": "23.37",
            "revenue": 101609
        },
        "2006-11": {
            "month": "2006-11",
            "price": "24.24",
            "revenue": 101415
        },
        "2006-12": {
            "month": "2006-12",
            "price": "25.32",
            "revenue": 89999
        },
        "2007-01": {
            "month": "2007-01",
            "price": "26.42",
            "revenue": 102622
        },
        "2007-02": {
            "month": "2007-02",
            "price": "26.65",
            "revenue": 87363
        },
        "2007-03": {
            "month": "2007-03",
            "price": "30.69",
            "revenue": 98370
        },
        "2007-04": {
            "month": "2007-04",
            "price": "32.49",
            "revenue": 90355
        },
        "2007-05": {
            "month": "2007-05",
            "price": "31.90",
            "revenue": 80403
        },
        "2007-06": {
            "month": "2007-06",
            "price": "33.11",
            "revenue": 86340
        },
        "2007-07": {
            "month": "2007-07",
            "price": "53.14",
            "revenue": 103889
        },
        "2007-08": {
            "month": "2007-08",
            "price": "50.51",
            "revenue": 112426
        },
        "2007-09": {
            "month": "2007-09",
            "price": "44.34",
            "revenue": 127084
        },
        "2007-10": {
            "month": "2007-10",
            "price": "39.88",
            "revenue": 146225
        },
        "2007-11": {
            "month": "2007-11",
            "price": "35.03",
            "revenue": 146700
        },
        "2007-12": {
            "month": "2007-12",
            "price": "30.52",
            "revenue": 145720
        },
        "2008-01": {
            "month": "2008-01",
            "price": "28.76",
            "revenue": 163158
        },
        "2008-02": {
            "month": "2008-02",
            "price": "31.62",
            "revenue": 142139
        },
        "2008-03": {
            "month": "2008-03",
            "price": "33.70",
            "revenue": 167704
        },
        "2008-04": {
            "month": "2008-04",
            "price": "38.13",
            "revenue": 154932
        },
        "2008-05": {
            "month": "2008-05",
            "price": "39.27",
            "revenue": 151067
        },
        "2008-06": {
            "month": "2008-06",
            "price": "36.65",
            "revenue": 134094
        },
        "2008-07": {
            "month": "2008-07",
            "price": "31.90",
            "revenue": 173740
        },
        "2008-08": {
            "month": "2008-08",
            "price": "32.32",
            "revenue": 164365
        },
        "2008-09": {
            "month": "2008-09",
            "price": "23.25",
            "revenue": 134215
        },
        "2008-10": {
            "month": "2008-10",
            "price": "17.70",
            "revenue": 135913
        },
        "2008-11": {
            "month": "2008-11",
            "price": "14.66",
            "revenue": 130980
        },
        "2008-12": {
            "month": "2008-12",
            "price": "13.52",
            "revenue": 106902
        },
        "2009-01": {
            "month": "2009-01",
            "price": "13.64",
            "revenue": 68815
        },
        "2009-02": {
            "month": "2009-02",
            "price": "13.98",
            "revenue": 102811
        },
        "2009-03": {
            "month": "2009-03",
            "price": "18.25",
            "revenue": 158428
        },
        "2009-04": {
            "month": "2009-04",
            "price": "22.57",
            "revenue": 154216
        },
        "2009-05": {
            "month": "2009-05",
            "price": "30.23",
            "revenue": 100392
        },
        "2009-06": {
            "month": "2009-06",
            "price": "26.15",
            "revenue": 97479
        },
        "2009-07": {
            "month": "2009-07",
            "price": "28.13",
            "revenue": 107850
        },
        "2009-08": {
            "month": "2009-08",
            "price": "31.10",
            "revenue": 96738
        },
        "2009-09": {
            "month": "2009-09",
            "price": "30.47",
            "revenue": 112169
        },
        "2009-10": {
            "month": "2009-10",
            "price": "30.76",
            "revenue": 100889
        },
        "2009-11": {
            "month": "2009-11",
            "price": "36.43",
            "revenue": 85305
        },
        "2009-12": {
            "month": "2009-12",
            "price": "41.96",
            "revenue": 62344
        },
        "2010-01": {
            "month": "2010-01",
            "price": "36.63",
            "revenue": 77357
        },
        "2010-02": {
            "month": "2010-02",
            "price": "30.67",
            "revenue": 112241
        },
        "2010-03": {
            "month": "2010-03",
            "price": "34.58",
            "revenue": 168527
        },
        "2010-04": {
            "month": "2010-04",
            "price": "35.20",
            "revenue": 171828
        },
        "2010-05": {
            "month": "2010-05",
            "price": "31.35",
            "revenue": 183724
        },
        "2010-06": {
            "month": "2010-06",
            "price": "33.48",
            "revenue": 157618
        },
        "2010-07": {
            "month": "2010-07",
            "price": "32.72",
            "revenue": 150338
        },
        "2010-08": {
            "month": "2010-08",
            "price": "33.71",
            "revenue": 155657
        },
        "2010-09": {
            "month": "2010-09",
            "price": "32.13",
            "revenue": 192143
        },
        "2010-10": {
            "month": "2010-10",
            "price": "30.96",
            "revenue": 137795
        },
        "2010-11": {
            "month": "2010-11",
            "price": "28.80",
            "revenue": 87757
        },
        "2010-12": {
            "month": "2010-12",
            "price": "29.43",
            "revenue": 142427
        },
        "2011-01": {
            "month": "2011-01",
            "price": "28.94",
            "revenue": 149534
        },
        "2011-02": {
            "month": "2011-02",
            "price": "28.96",
            "revenue": 132658
        },
        "2011-03": {
            "month": "2011-03",
            "price": "29.03",
            "revenue": 182802
        },
        "2011-04": {
            "month": "2011-04",
            "price": "26.52",
            "revenue": 142831
        },
        "2011-05": {
            "month": "2011-05",
            "price": "26.09",
            "revenue": 169444
        },
        "2011-06": {
            "month": "2011-06",
            "price": "24.05",
            "revenue": 155898
        },
        "2011-07": {
            "month": "2011-07",
            "price": "21.79",
            "revenue": 136722
        },
        "2011-08": {
            "month": "2011-08",
            "price": "19.81",
            "revenue": 149562
        },
        "2011-09": {
            "month": "2011-09",
            "price": "20.67",
            "revenue": 169071
        },
        "2011-10": {
            "month": "2011-10",
            "price": "20.80",
            "revenue": 173486
        },
        "2011-11": {
            "month": "2011-11",
            "price": "21.27",
            "revenue": 136232
        },
        "2011-12": {
            "month": "2011-12",
            "price": "19.90",
            "revenue": 102936
        },
        "2012-01": {
            "month": "2012-01",
            "price": "20.06",
            "revenue": 123161
        },
        "2012-02": {
            "month": "2012-02",
            "price": "23.02",
            "revenue": 132861
        },
        "2012-03": {
            "month": "2012-03",
            "price": "23.52",
            "revenue": 163954
        },
        "2012-04": {
            "month": "2012-04",
            "price": "24.17",
            "revenue": 157273
        },
        "2012-05": {
            "month": "2012-05",
            "price": "22.85",
            "revenue": 157591
        },
        "2012-06": {
            "month": "2012-06",
            "price": "21.56",
            "revenue": 133225
        },
        "2012-07": {
            "month": "2012-07",
            "price": "21.52",
            "revenue": 148179
        },
        "2012-08": {
            "month": "2012-08",
            "price": "21.92",
            "revenue": 190116
        },
        "2012-09": {
            "month": "2012-09",
            "price": "22.06",
            "revenue": 163345
        },
        "2012-10": {
            "month": "2012-10",
            "price": "20.00",
            "revenue": 148779
        },
        "2012-11": {
            "month": "2012-11",
            "price": "18.21",
            "revenue": 131416
        },
        "2012-12": {
            "month": "2012-12",
            "price": "17.96",
            "revenue": 129373
        },
        "2013-01": {
            "month": "2013-01",
            "price": "18.06",
            "revenue": 143598
        },
        "2013-02": {
            "month": "2013-02",
            "price": "19.34",
            "revenue": 152365
        },
        "2013-03": {
            "month": "2013-03",
            "price": "19.17",
            "revenue": 172747
        },
        "2013-04": {
            "month": "2013-04",
            "price": "19.37",
            "revenue": 126757
        },
        "2013-05": {
            "month": "2013-05",
            "price": "21.63",
            "revenue": 119437
        },
        "2013-06": {
            "month": "2013-06",
            "price": "21.07",
            "revenue": 109289
        },
        "2013-07": {
            "month": "2013-07",
            "price": "20.12",
            "revenue": 136887
        },
        "2013-08": {
            "month": "2013-08",
            "price": "21.47",
            "revenue": 129809
        },
        "2013-09": {
            "month": "2013-09",
            "price": "21.23",
            "revenue": 100105
        },
        "2013-10": {
            "month": "2013-10",
            "price": "20.50",
            "revenue": 102768
        },
        "2013-11": {
            "month": "2013-11",
            "price": "19.45",
            "revenue": 105638
        },
        "2013-12": {
            "month": "2013-12",
            "price": "18.95",
            "revenue": 138861
        },
        "2014-01": {
            "month": "2014-01",
            "price": "20.23",
            "revenue": 137590
        },
        "2014-02": {
            "month": "2014-02",
            "price": "20.07",
            "revenue": 135346
        },
        "2014-03": {
            "month": "2014-03",
            "price": "22.17",
            "revenue": 149291
        },
        "2014-04": {
            "month": "2014-04",
            "price": "23.85",
            "revenue": 144220
        },
        "2014-05": {
            "month": "2014-05",
            "price": "26.57",
            "revenue": 118627
        },
        "2014-06": {
            "month": "2014-06",
            "price": "26.33",
            "revenue": 94621
        },
        "2014-07": {
            "month": "2014-07",
            "price": "24.55",
            "revenue": 117622
        },
        "2014-08": {
            "month": "2014-08",
            "price": "22.08",
            "revenue": 89436
        },
        "2014-09": {
            "month": "2014-09",
            "price": "19.18",
            "revenue": 107016
        },
        "2014-10": {
            "month": "2014-10",
            "price": "18.79",
            "revenue": 130406
        },
        "2014-11": {
            "month": "2014-11",
            "price": "20.08",
            "revenue": 112802
        },
        "2014-12": {
            "month": "2014-12",
            "price": "20.72",
            "revenue": 146902
        },
        "2015-01": {
            "month": "2015-01",
            "price": "22.08",
            "revenue": 143470
        },
        "2015-02": {
            "month": "2015-02",
            "price": "22.65",
            "revenue": 113306
        },
        "2015-03": {
            "month": "2015-03",
            "price": "22.89",
            "revenue": 147203
        },
        "2015-04": {
            "month": "2015-04",
            "price": "24.05",
            "revenue": 105100
        },
        "2015-05": {
            "month": "2015-05",
            "price": "21.72",
            "revenue": 112319
        },
        "2015-06": {
            "month": "2015-06",
            "price": "20.21",
            "revenue": 117866
        },
        "2015-07": {
            "month": "2015-07",
            "price": "19.91",
            "revenue": 111811
        },
        "2015-08": {
            "month": "2015-08",
            "price": "17.79",
            "revenue": 91905
        },
        "2015-09": {
            "month": "2015-09",
            "price": "15.43",
            "revenue": 78892
        },
        "2015-10": {
            "month": "2015-10",
            "price": "16.75",
            "revenue": 115524
        },
        "2015-11": {
            "month": "2015-11",
            "price": "16.88",
            "revenue": 121616
        },
        "2015-12": {
            "month": "2015-12",
            "price": "16.93",
            "revenue": 82626
        },
        "2016-01": {
            "month": "2016-01",
            "price": "16.71",
            "revenue": 104868
        },
        "2016-02": {
            "month": "2016-02",
            "price": "16.86",
            "revenue": 80607
        },
        "2016-03": {
            "month": "2016-03",
            "price": "17.28",
            "revenue": 105737
        },
        "2016-04": {
            "month": "2016-04",
            "price": "16.78",
            "revenue": 109351
        },
        "2016-05": {
            "month": "2016-05",
            "price": "16.15",
            "revenue": 105046
        },
        "2016-06": {
            "month": "2016-06",
            "price": "16.04",
            "revenue": 131795
        },
        "2016-07": {
            "month": "2016-07",
            "price": "16.40",
            "revenue": 112876
        },
        "2016-08": {
            "month": "2016-08",
            "price": "17.00",
            "revenue": 168873
        },
        "2016-09": {
            "month": "2016-09",
            "price": "16.22",
            "revenue": 151044
        },
        "2016-10": {
            "month": "2016-10",
            "price": "16.42",
            "revenue": 116674
        },
        "2016-11": {
            "month": "2016-11",
            "price": "15.65",
            "revenue": 149356
        },
        "2016-12": {
            "month": "2016-12",
            "price": "15.18",
            "revenue": 135229
        },
        "2017-01": {
            "month": "2017-01",
            "price": "15.06",
            "revenue": 120190
        },
        "2017-02": {
            "month": "2017-02",
            "price": "15.13",
            "revenue": 128601
        },
        "2017-03": {
            "month": "2017-03",
            "price": "15.41",
            "revenue": 137510
        },
        "2017-04": {
            "month": "2017-04",
            "price": "15.29",
            "revenue": 113589
        },
        "2017-05": {
            "month": "2017-05",
            "price": "13.71",
            "revenue": 123895
        },
        "2017-06": {
            "month": "2017-06",
            "price": "13.18",
            "revenue": 127391
        },
        "2017-07": {
            "month": "2017-07",
            "price": "13.64",
            "revenue": 150321
        },
        "2017-08": {
            "month": "2017-08",
            "price": "13.37",
            "revenue": 156105
        },
        "2017-09": {
            "month": "2017-09",
            "price": "13.28",
            "revenue": 142313
        },
        "2017-10": {
            "month": "2017-10",
            "price": "13.08",
            "revenue": 115217
        },
        "2017-11": {
            "month": "2017-11",
            "price": "12.69",
            "revenue": 155732
        },
        "2017-12": {
            "month": "2017-12",
            "price": "12.72",
            "revenue": 142015
        },
        "2018-01": {
            "month": "2018-01",
            "price": "13.49",
            "revenue": 172806
        },
        "2018-02": {
            "month": "2018-02",
            "price": "13.69",
            "revenue": 112569
        },
        "2018-03": {
            "month": "2018-03",
            "price": "14.11",
            "revenue": 175047
        },
        "2018-04": {
            "month": "2018-04",
            "price": "13.94",
            "revenue": 167350
        },
        "2018-05": {
            "month": "2018-05",
            "price": "13.68",
            "revenue": 168542
        },
        "2018-06": {
            "month": "2018-06",
            "price": "13.79",
            "revenue": 151048
        },
        "2018-07": {
            "month": "2018-07",
            "price": "19.42",
            "revenue": 187033
        },
        "2018-08": {
            "month": "2018-08",
            "price": "21.28",
            "revenue": 157653
        },
        "2018-09": {
            "month": "2018-09",
            "price": "18.79",
            "revenue": 135554
        },
        "2018-10": {
            "month": "2018-10",
            "price": "16.01",
            "revenue": 154322
        },
        "2018-11": {
            "month": "2018-11",
            "price": "16.93",
            "revenue": 128139
        },
        "2018-12": {
            "month": "2018-12",
            "price": "17.30",
            "revenue": 118609
        },
        "2019-01": {
            "month": "2019-01",
            "price": "16.10",
            "revenue": 150728
        },
        "2019-02": {
            "month": "2019-02",
            "price": "16.80",
            "revenue": 86765
        },
        "2019-03": {
            "month": "2019-03",
            "price": "18.66",
            "revenue": 128644
        },
        "2019-04": {
            "month": "2019-04",
            "price": "19.62",
            "revenue": 107945
        },
        "2019-05": {
            "month": "2019-05",
            "price": "17.19",
            "revenue": 101479
        },
        "2019-06": {
            "month": "2019-06",
            "price": "16.94",
            "revenue": 105253
        },
        "2019-07": {
            "month": "2019-07",
            "price": "17.23",
            "revenue": 130588
        },
        "2019-08": {
            "month": "2019-08",
            "price": "16.90",
            "revenue": 129717
        },
        "2019-09": {
            "month": "2019-09",
            "price": "17.00",
            "revenue": 118080
        },
        "2019-10": {
            "month": "2019-10",
            "price": "16.24",
            "revenue": 107294
        },
        "2019-11": {
            "month": "2019-11",
            "price": "15.32",
            "revenue": 107046
        },
        "2019-12": {
            "month": "2019-12",
            "price": "14.91",
            "revenue": 93456
        },
        "2020-01": {
            "month": "2020-01",
            "price": "14.30",
            "revenue": 77009
        },
        "2020-02": {
            "month": "2020-02",
            "price": "13.31",
            "revenue": 90846
        },
        "2020-03": {
            "month": "2020-03",
            "price": "10.99",
            "revenue": 137993
        },
        "2020-04": {
            "month": "2020-04",
            "price": "10.84",
            "revenue": 86180
        },
        "2020-05": {
            "month": "2020-05",
            "price": "11.10",
            "revenue": 41981
        },
        "2020-06": {
            "month": "2020-06",
            "price": "11.67",
            "revenue": 42326
        },
        "2020-07": {
            "month": "2020-07",
            "price": "11.78",
            "revenue": 53179
        },
        "2020-08": {
            "month": "2020-08",
            "price": "11.51",
            "revenue": 69226
        },
        "2020-09": {
            "month": "2020-09",
            "price": "11.32",
            "revenue": 105171
        },
        "2020-10": {
            "month": "2020-10",
            "price": "11.33",
            "revenue": 111461
        },
        "2020-11": {
            "month": "2020-11",
            "price": "11.79",
            "revenue": 117212
        },
        "2020-12": {
            "month": "2020-12",
            "price": "12.93",
            "revenue": 129876
        },
        "2021-01": {
            "month": "2021-01",
            "price": "13.39",
            "revenue": 110875
        },
        "2021-02": {
            "month": "2021-02",
            "price": "14.26",
            "revenue": 112662
        },
        "2021-03": {
            "month": "2021-03",
            "price": "16.04",
            "revenue": 162462
        },
        "2021-04": {
            "month": "2021-04",
            "price": "19.59",
            "revenue": 134044
        },
        "2021-05": {
            "month": "2021-05",
            "price": "20.70",
            "revenue": 142202
        },
        "2021-06": {
            "month": "2021-06",
            "price": "24.15",
            "revenue": 149714
        },
        "2021-07": {
            "month": "2021-07",
            "price": "36.20",
            "revenue": 160171
        },
        "2021-08": {
            "month": "2021-08",
            "price": "29.67",
            "revenue": 168703
        },
        "2021-09": {
            "month": "2021-09",
            "price": "25.08",
            "revenue": 159671
        },
        "2021-10": {
            "month": "2021-10",
            "price": "22.18",
            "revenue": 140106
        },
        "2021-11": {
            "month": "2021-11",
            "price": "25.02",
            "revenue": 119498
        },
        "2021-12": {
            "month": "2021-12",
            "price": "25.53",
            "revenue": 103029
        },
        "2022-01": {
            "month": "2022-01",
            "price": "23.84",
            "revenue": 98426
        },
        "2022-02": {
            "month": "2022-02",
            "price": "23.41",
            "revenue": 66349
        },
        "2022-03": {
            "month": "2022-03",
            "price": "23.07",
            "revenue": 100384
        },
        "2022-04": {
            "month": "2022-04",
            "price": "22.14",
            "revenue": 114750
        },
        "2022-05": {
            "month": "2022-05",
            "price": "21.78",
            "revenue": 167361
        },
        "2022-06": {
            "month": "2022-06",
            "price": "25.62",
            "revenue": 137959
        },
        "2022-07": {
            "month": "2022-07",
            "price": "23.65",
            "revenue": 141567
        },
        "2022-08": {
            "month": "2022-08",
            "price": "25.02",
            "revenue": 131042
        },
        "2022-09": {
            "month": "2022-09",
            "price": "23.05",
            "revenue": 105160
        },
        "2022-10": {
            "month": "2022-10",
            "price": "21.13",
            "revenue": 122273
        },
        "2022-11": {
            "month": "2022-11",
            "price": "24.53",
            "revenue": 112405
        },
        "2022-12": {
            "month": "2022-12",
            "price": "25.80",
            "revenue": 82124
        },
        "2023-01": {
            "month": "2023-01",
            "price": "25.32",
            "revenue": 75237
        },
        "2023-02": {
            "month": "2023-02",
            "price": "27.73",
            "revenue": 89033
        },
        "2023-03": {
            "month": "2023-03",
            "price": "31.75",
            "revenue": 115211
        },
        "2023-04": {
            "month": "2023-04",
            "price": "30.52",
            "revenue": 91534
        },
        "2023-05": {
            "month": "2023-05",
            "price": "30.84",
            "revenue": 75709
        },
        "2023-06": {
            "month": "2023-06",
            "price": "32.00",
            "revenue": 86297
        },
        "2023-07": {
            "month": "2023-07",
            "price": "30.66",
            "revenue": 73307
        },
        "2023-08": {
            "month": "2023-08",
            "price": "29.08",
            "revenue": 98761
        },
        "2023-09": {
            "month": "2023-09",
            "price": "27.71",
            "revenue": 97790
        }
    }
}
