{
    "summary": {
        "stock_name": "富驊",
        "stock_id": "5465",
        "category": "電腦及週邊設備",
        "main_business": "電腦外殼及其零組件製造加工買賣業務<br>五金零件、金屬零件製造加工買賣及沖床加工<br>五金加工鍛造鑄造業務",
        "website_url": "http://lfe-ww.com/zh-hant/",
        "ceo": "王駿東",
        "pe_ratio": 24,
        "report_year_from": 2001,
        "report_year_to": 2023,
        "age": 23,
        "eps_negative_percentage": 26,
        "eps_growth_avg": {
            "last_all": -1.88,
            "last_2y": 15.73,
            "last_4y": 34.22,
            "last_8y": 19.84,
            "last_12y": 16.23,
            "last_16y": 6.54,
            "last_20y": 0.33,
            "at_2006_last_3y": -24.53,
            "at_2007_last_3y": -33.33,
            "at_2008_last_3y": -100,
            "at_2009_last_3y": -100,
            "at_2010_last_3y": -100,
            "at_2011_last_3y": -100,
            "at_2012_last_3y": -100,
            "at_2013_last_3y": -100,
            "at_2014_last_3y": 0,
            "at_2015_last_3y": 25.44,
            "at_2016_last_3y": 50.29,
            "at_2017_last_3y": 37.36,
            "at_2018_last_3y": 1.85,
            "at_2019_last_3y": 39.14,
            "at_2020_last_3y": 20.11,
            "at_2021_last_3y": 23.32,
            "at_2022_last_3y": 48.59,
            "at_2023_last_3y": 17.78,
            "at_2024_last_3y": 17.78,
            "at_2006_last_all": -27.14,
            "at_2007_last_all": -41.71,
            "at_2008_last_all": -41.71,
            "at_2009_last_all": -41.71,
            "at_2010_last_all": -41.71,
            "at_2011_last_all": -51.43,
            "at_2012_last_all": -51.43,
            "at_2013_last_all": -51.43,
            "at_2014_last_all": -29.79,
            "at_2015_last_all": -32.21,
            "at_2016_last_all": -17.52,
            "at_2017_last_all": -15.91,
            "at_2018_last_all": -18.28,
            "at_2019_last_all": -8.43,
            "at_2020_last_all": -5.94,
            "at_2021_last_all": -4.7,
            "at_2022_last_all": -0.45,
            "at_2023_last_all": -1.88,
            "at_2024_last_all": -1.88
        },
        "latest_eps": 1.9,
        "latest_price": 46.15,
        "latest_roe": 12.44,
        "latest_gross_margin": 11.89,
        "latest_equity": 2784237,
        "latest_revenue": 1335008,
        "latest_gross_profit": 158727,
        "latest_net_income": 76918,
        "latest_debt_ratio": 41.6,
        "latest_current_ratio": 197.26,
        "latest_account_receivable_turnover_ratio": 0.67,
        "latest_inventory_turnover_ratio": 1.47,
        "latest_reinvestment_rate": -52.66,
        "latest_research_to_sale_ratio": 1.12
    },
    "eps_dividends": {
        "2000": {
            "cash": 3,
            "stock": 3,
            "eps": 0
        },
        "2001": {
            "cash": 0,
            "stock": 2,
            "eps": 1.63
        },
        "2002": {
            "cash": 1.2,
            "stock": 0.8,
            "eps": 1.06
        },
        "2003": {
            "cash": 1,
            "stock": 0,
            "eps": 0.28
        },
        "2004": {
            "cash": 0.5,
            "stock": 0,
            "eps": 1.48
        },
        "2005": {
            "cash": 1,
            "stock": 0,
            "eps": -0.26
        },
        "2006": {
            "cash": 0,
            "stock": 0,
            "eps": 0.1
        },
        "2007": {
            "cash": 0,
            "stock": 0,
            "eps": -0.42
        },
        "2008": {
            "cash": 0,
            "stock": 0,
            "eps": -2.28
        },
        "2009": {
            "cash": 0,
            "stock": 0,
            "eps": -0.65
        },
        "2010": {
            "cash": 0,
            "stock": 0,
            "eps": 0.05
        },
        "2011": {
            "cash": 0,
            "stock": 0,
            "eps": -0.06
        },
        "2012": {
            "cash": 0,
            "stock": 0,
            "eps": -0.06
        },
        "2013": {
            "cash": 0,
            "stock": 0,
            "eps": 0.23
        },
        "2014": {
            "cash": 0,
            "stock": 0,
            "eps": 0.57
        },
        "2015": {
            "cash": 0.2,
            "stock": 0,
            "eps": 0.29
        },
        "2016": {
            "cash": 0.26,
            "stock": 0,
            "eps": 0.7
        },
        "2017": {
            "cash": 0,
            "stock": 0,
            "eps": 0.69
        },
        "2018": {
            "cash": 0,
            "stock": 0,
            "eps": 0.4
        },
        "2019": {
            "cash": 0.27,
            "stock": 0,
            "eps": 0.92
        },
        "2020": {
            "cash": 1,
            "stock": 0,
            "eps": 1.14
        },
        "2021": {
            "cash": 1.15,
            "stock": 0,
            "eps": 1.27
        },
        "2022": {
            "cash": 1.15,
            "stock": 0,
            "eps": 2.02
        },
        "2023": {
            "cash": 1.5,
            "stock": 0,
            "eps": 1.55
        }
    },
    "dividends": {
        "2000-04-21": {
            "cash": 3,
            "stock": 3
        },
        "2001-05-16": {
            "cash": 0,
            "stock": 2
        },
        "2002-06-05": {
            "cash": 1.2,
            "stock": 0.8
        },
        "2003-05-15": {
            "cash": 1,
            "stock": 0
        },
        "2004-02-27": {
            "cash": 0.5,
            "stock": 0
        },
        "2005-03-03": {
            "cash": 1,
            "stock": 0
        },
        "2015-09-15": {
            "cash": 0.2,
            "stock": 0
        },
        "2016-07-21": {
            "cash": 0.26,
            "stock": 0
        },
        "2019-08-12": {
            "cash": 0.27,
            "stock": 0
        },
        "2020-08-10": {
            "cash": 1,
            "stock": 0
        },
        "2021-08-19": {
            "cash": 1.15,
            "stock": 0
        },
        "2022-08-18": {
            "cash": 1.15,
            "stock": 0
        },
        "2023-08-11": {
            "cash": 1.5,
            "stock": 0
        }
    },
    "prices": {
        "200101": "22.26",
        "200102": "28.02",
        "200103": "30.52",
        "200104": "36.44",
        "200105": "27.46",
        "200106": "26.70",
        "200107": "17.48",
        "200108": "20.50",
        "200109": "16.15",
        "200110": "15.34",
        "200111": "16.89",
        "200112": "18.45",
        "200201": "23.60",
        "200202": "25.30",
        "200203": "23.90",
        "200204": "24.85",
        "200205": "20.25",
        "200206": "20.31",
        "200207": "17.59",
        "200208": "14.82",
        "200209": "14.97",
        "200210": "13.37",
        "200211": "13.03",
        "200212": "14.29",
        "200301": "13.93",
        "200302": "13.95",
        "200303": "14.95",
        "200304": "16.33",
        "200305": "14.01",
        "200306": "14.66",
        "200307": "16.66",
        "200308": "16.92",
        "200309": "15.57",
        "200310": "14.49",
        "200311": "14.25",
        "200312": "13.98",
        "200401": "13.83",
        "200402": "14.48",
        "200403": "17.34",
        "200404": "18.69",
        "200405": "15.90",
        "200406": "14.95",
        "200407": "14.62",
        "200408": "13.21",
        "200409": "13.96",
        "200410": "14.29",
        "200411": "14.23",
        "200412": "14.50",
        "200501": "14.23",
        "200502": "14.22",
        "200503": "14.65",
        "200504": "13.63",
        "200505": "11.62",
        "200506": "14.44",
        "200507": "14.13",
        "200508": "13.28",
        "200509": "11.85",
        "200510": "10.39",
        "200511": "9.41",
        "200512": "9.91",
        "200601": "11.79",
        "200602": "10.44",
        "200603": "9.45",
        "200604": "10.55",
        "200605": "10.18",
        "200606": "8.10",
        "200607": "7.82",
        "200608": "7.44",
        "200609": "7.59",
        "200610": "7.56",
        "200611": "8.17",
        "200612": "11.09",
        "200701": "10.56",
        "200702": "10.27",
        "200703": "12.42",
        "200704": "12.06",
        "200705": "10.66",
        "200706": "11.38",
        "200707": "14.23",
        "200708": "12.79",
        "200709": "10.74",
        "200710": "10.74",
        "200711": "8.96",
        "200712": "7.18",
        "200801": "6.06",
        "200802": "5.47",
        "200803": "5.91",
        "200804": "6.52",
        "200805": "7.54",
        "200806": "6.28",
        "200807": "4.22",
        "200808": "3.99",
        "200809": "3.21",
        "200810": "2.89",
        "200811": "2.16",
        "200812": "2.12",
        "200901": "2.03",
        "200902": "3.33",
        "200903": "4.13",
        "200904": "5.23",
        "200905": "5.93",
        "200906": "6.06",
        "200907": "6.30",
        "200908": "6.85",
        "200909": "7.03",
        "200910": "7.00",
        "200911": "6.25",
        "200912": "6.85",
        "201001": "7.21",
        "201002": "6.33",
        "201003": "7.14",
        "201004": "7.53",
        "201005": "7.32",
        "201006": "8.24",
        "201007": "8.13",
        "201008": "8.14",
        "201009": "7.82",
        "201010": "6.87",
        "201011": "5.60",
        "201012": "5.98",
        "201101": "6.33",
        "201102": "5.56",
        "201103": "5.63",
        "201104": "5.64",
        "201105": "5.41",
        "201106": "5.09",
        "201107": "5.14",
        "201108": "4.21",
        "201109": "3.88",
        "201110": "7.86",
        "201111": "7.66",
        "201112": "7.37",
        "201201": "7.15",
        "201202": "7.77",
        "201203": "8.69",
        "201204": "7.91",
        "201205": "7.36",
        "201206": "6.76",
        "201207": "6.61",
        "201208": "6.60",
        "201209": "7.21",
        "201210": "6.01",
        "201211": "4.93",
        "201212": "5.02",
        "201301": "5.10",
        "201302": "5.16",
        "201303": "7.27",
        "201304": "7.24",
        "201305": "7.91",
        "201306": "8.16",
        "201307": "7.72",
        "201308": "7.71",
        "201309": "7.06",
        "201310": "6.91",
        "201311": "6.82",
        "201312": "6.88",
        "201401": "8.10",
        "201402": "9.71",
        "201403": "9.59",
        "201404": "9.91",
        "201405": "9.85",
        "201406": "9.41",
        "201407": "9.49",
        "201408": "9.53",
        "201409": "10.47",
        "201410": "10.48",
        "201411": "10.78",
        "201412": "13.34",
        "201501": "15.62",
        "201502": "17.39",
        "201503": "17.36",
        "201504": "16.72",
        "201505": "15.49",
        "201506": "14.08",
        "201507": "13.62",
        "201508": "12.17",
        "201509": "10.74",
        "201510": "10.41",
        "201511": "10.40",
        "201512": "10.04",
        "201601": "9.95",
        "201602": "10.15",
        "201603": "13.62",
        "201604": "13.79",
        "201605": "13.37",
        "201606": "13.50",
        "201607": "13.18",
        "201608": "12.63",
        "201609": "14.08",
        "201610": "15.20",
        "201611": "14.04",
        "201612": "13.40",
        "201701": "13.97",
        "201702": "16.60",
        "201703": "16.40",
        "201704": "16.45",
        "201705": "18.26",
        "201706": "25.18",
        "201707": "25.24",
        "201708": "25.55",
        "201709": "25.65",
        "201710": "25.27",
        "201711": "25.63",
        "201712": "23.68",
        "201801": "22.36",
        "201802": "22.98",
        "201803": "23.61",
        "201804": "21.11",
        "201805": "25.38",
        "201806": "25.67",
        "201807": "25.53",
        "201808": "24.48",
        "201809": "22.23",
        "201810": "16.85",
        "201811": "18.41",
        "201812": "17.17",
        "201901": "15.99",
        "201902": "16.85",
        "201903": "16.46",
        "201904": "16.87",
        "201905": "16.93",
        "201906": "16.92",
        "201907": "16.66",
        "201908": "15.43",
        "201909": "14.82",
        "201910": "14.32",
        "201911": "13.96",
        "201912": "13.81",
        "202001": "13.71",
        "202002": "12.03",
        "202003": "9.79",
        "202004": "12.22",
        "202005": "15.16",
        "202006": "16.39",
        "202007": "17.26",
        "202008": "18.01",
        "202009": "20.05",
        "202010": "19.73",
        "202011": "18.98",
        "202012": "18.74",
        "202101": "18.13",
        "202102": "18.42",
        "202103": "19.49",
        "202104": "20.41",
        "202105": "17.84",
        "202106": "17.23",
        "202107": "17.45",
        "202108": "15.17",
        "202109": "14.41",
        "202110": "14.20",
        "202111": "15.17",
        "202112": "16.05",
        "202201": "16.07",
        "202202": "15.78",
        "202203": "15.68",
        "202204": "15.67",
        "202205": "15.42",
        "202206": "15.79",
        "202207": "15.16",
        "202208": "15.75",
        "202209": "17.34",
        "202210": "16.87",
        "202211": "17.77",
        "202212": "19.39",
        "202301": "19.32",
        "202302": "20.77",
        "202303": "25.35",
        "202304": "35.88",
        "202305": "37.09",
        "202306": "50.60",
        "202307": "53.56",
        "202308": "44.32",
        "202309": "43.19",
        "202310": "44.94",
        "202311": "45.38",
        "202312": "48.10"
    },
    "quarters": {
        "20011": {
            "year_quarter": 20011,
            "year": 2001,
            "quarter": 1,
            "eps": 0.33,
            "eps_growth_year": -2.94,
            "eps_4q": 2.25,
            "eps_4q_growth_year": null,
            "roe": 1.81,
            "roe_4q": 1.81,
            "gross_profit": 99221,
            "gross_margin": 7.42,
            "gross_margin_4q_avg": 7.42,
            "net_income": 29875,
            "net_income_4q": null,
            "revenue": 1337274,
            "revenue_4q": null,
            "common_shares": 907000,
            "book_valuer_per_share": 18.25,
            "book_valuer_per_share_4q_avg": 18.25,
            "equity": 1654894,
            "current_ratio": 215.51,
            "debt_ratio": 34.96,
            "inventory_turnover_ratio": 3.76,
            "account_receivable_turnover_ratio": null,
            "reinvestment_rate": null,
            "research_to_sale_ratio": null,
            "price_fair": 0,
            "eps_avg_yearly": 0,
            "eps_latest_yearly": 0,
            "eps_growth_yearly": 0
        },
        "20012": {
            "year_quarter": 20012,
            "year": 2001,
            "quarter": 2,
            "eps": 0.89,
            "eps_growth_year": 1012.5,
            "eps_4q": 3.08,
            "eps_4q_growth_year": null,
            "roe": 4.73,
            "roe_4q": 6.540000000000001,
            "gross_profit": 84926,
            "gross_margin": 7.58,
            "gross_margin_4q_avg": 7.5,
            "net_income": 80519,
            "net_income_4q": null,
            "revenue": 1120829,
            "revenue_4q": null,
            "common_shares": 907000,
            "book_valuer_per_share": 19.26,
            "book_valuer_per_share_4q_avg": 18.76,
            "equity": 1747273,
            "current_ratio": 207.49,
            "debt_ratio": 32.83,
            "inventory_turnover_ratio": 11.16,
            "account_receivable_turnover_ratio": null,
            "reinvestment_rate": null,
            "research_to_sale_ratio": null,
            "price_fair": 0,
            "eps_avg_yearly": 0,
            "eps_latest_yearly": 0,
            "eps_growth_yearly": 0
        },
        "20013": {
            "year_quarter": 20013,
            "year": 2001,
            "quarter": 3,
            "eps": 0.52,
            "eps_growth_year": -23.53,
            "eps_4q": 2.51,
            "eps_4q_growth_year": null,
            "roe": 3.19,
            "roe_4q": 9.73,
            "gross_profit": 73423,
            "gross_margin": 14.6,
            "gross_margin_4q_avg": 9.87,
            "net_income": 56686,
            "net_income_4q": null,
            "revenue": 502875,
            "revenue_4q": null,
            "common_shares": 1095000,
            "book_valuer_per_share": 16.53,
            "book_valuer_per_share_4q_avg": 18.01,
            "equity": 1809947,
            "current_ratio": 876.41,
            "debt_ratio": 18.99,
            "inventory_turnover_ratio": 4.49,
            "account_receivable_turnover_ratio": null,
            "reinvestment_rate": null,
            "research_to_sale_ratio": null,
            "price_fair": 0,
            "eps_avg_yearly": 0,
            "eps_latest_yearly": 0,
            "eps_growth_yearly": 0
        },
        "20014": {
            "year_quarter": 20014,
            "year": 2001,
            "quarter": 4,
            "eps": -0.11,
            "eps_growth_year": -109.32,
            "eps_4q": 1.42,
            "eps_4q_growth_year": -34.75,
            "roe": -0.66,
            "roe_4q": 9.07,
            "gross_profit": 36029,
            "gross_margin": 13.89,
            "gross_margin_4q_avg": 10.87,
            "net_income": -12058,
            "net_income_4q": null,
            "revenue": 259387,
            "revenue_4q": null,
            "common_shares": 1103859,
            "book_valuer_per_share": 16.31,
            "book_valuer_per_share_4q_avg": 17.59,
            "equity": 1845881,
            "current_ratio": 337.02,
            "debt_ratio": 27.25,
            "inventory_turnover_ratio": 1.33,
            "account_receivable_turnover_ratio": null,
            "reinvestment_rate": null,
            "research_to_sale_ratio": null,
            "price_fair": 0,
            "eps_avg_yearly": 0,
            "eps_latest_yearly": 0,
            "eps_growth_yearly": 0
        },
        "20021": {
            "year_quarter": 20021,
            "year": 2002,
            "quarter": 1,
            "eps": 0.02,
            "eps_growth_year": -93.94,
            "eps_4q": 1.2,
            "eps_4q_growth_year": -46.51,
            "roe": 0.11,
            "roe_4q": 7.37,
            "gross_profit": 63234,
            "gross_margin": 20.63,
            "gross_margin_4q_avg": 14.18,
            "net_income": 2116,
            "net_income_4q": null,
            "revenue": 306566,
            "revenue_4q": null,
            "common_shares": 1197192,
            "book_valuer_per_share": 16.81,
            "book_valuer_per_share_4q_avg": 17.23,
            "equity": 2012899,
            "current_ratio": 904.63,
            "debt_ratio": 8.91,
            "inventory_turnover_ratio": 1.51,
            "account_receivable_turnover_ratio": null,
            "reinvestment_rate": null,
            "research_to_sale_ratio": null,
            "price_fair": 0,
            "eps_avg_yearly": 0,
            "eps_latest_yearly": 0,
            "eps_growth_yearly": 0
        },
        "20022": {
            "year_quarter": 20022,
            "year": 2002,
            "quarter": 2,
            "eps": 0.02,
            "eps_growth_year": -97.75,
            "eps_4q": 0.51,
            "eps_4q_growth_year": -83.59,
            "roe": 0.1,
            "roe_4q": 2.7399999999999998,
            "gross_profit": 97753,
            "gross_margin": 21.99,
            "gross_margin_4q_avg": 17.78,
            "net_income": 1926,
            "net_income_4q": null,
            "revenue": 444531,
            "revenue_4q": null,
            "common_shares": 1197192,
            "book_valuer_per_share": 15.39,
            "book_valuer_per_share_4q_avg": 16.26,
            "equity": 1842162,
            "current_ratio": 308.29,
            "debt_ratio": 22.53,
            "inventory_turnover_ratio": 4.1,
            "account_receivable_turnover_ratio": null,
            "reinvestment_rate": null,
            "research_to_sale_ratio": null,
            "price_fair": 0.8,
            "eps_avg_yearly": 0.08,
            "eps_latest_yearly": 0.08,
            "eps_growth_yearly": 0
        },
        "20023": {
            "year_quarter": 20023,
            "year": 2002,
            "quarter": 3,
            "eps": 0.41,
            "eps_growth_year": -21.15,
            "eps_4q": 0.35,
            "eps_4q_growth_year": -86.16,
            "roe": 2.82,
            "roe_4q": 2.3699999999999997,
            "gross_profit": 135241,
            "gross_margin": 20.59,
            "gross_margin_4q_avg": 19.28,
            "net_income": 52772,
            "net_income_4q": null,
            "revenue": 656741,
            "revenue_4q": null,
            "common_shares": 1300848,
            "book_valuer_per_share": 14.63,
            "book_valuer_per_share_4q_avg": 15.79,
            "equity": 1902924,
            "current_ratio": 335.3,
            "debt_ratio": 29.08,
            "inventory_turnover_ratio": 6.05,
            "account_receivable_turnover_ratio": null,
            "reinvestment_rate": null,
            "research_to_sale_ratio": null,
            "price_fair": 30.1,
            "eps_avg_yearly": 0.86,
            "eps_latest_yearly": 1.64,
            "eps_growth_yearly": 3900
        },
        "20024": {
            "year_quarter": 20024,
            "year": 2002,
            "quarter": 4,
            "eps": 0.61,
            "eps_growth_year": null,
            "eps_4q": 1.05,
            "eps_4q_growth_year": -26.15,
            "roe": 4.02,
            "roe_4q": 7.05,
            "gross_profit": 78549,
            "gross_margin": 17.36,
            "gross_margin_4q_avg": 20.14,
            "net_income": 78838,
            "net_income_4q": null,
            "revenue": 452450,
            "revenue_4q": null,
            "common_shares": 1300848,
            "book_valuer_per_share": 15.29,
            "book_valuer_per_share_4q_avg": 15.53,
            "equity": 2023077,
            "current_ratio": 257.72,
            "debt_ratio": 33.13,
            "inventory_turnover_ratio": 1.3,
            "account_receivable_turnover_ratio": null,
            "reinvestment_rate": null,
            "research_to_sale_ratio": null,
            "price_fair": 48.53,
            "eps_avg_yearly": 1.39,
            "eps_latest_yearly": 2.44,
            "eps_growth_yearly": 2665.04
        },
        "20031": {
            "year_quarter": 20031,
            "year": 2003,
            "quarter": 1,
            "eps": 0.1,
            "eps_growth_year": 400,
            "eps_4q": 1.17,
            "eps_4q_growth_year": -2.98,
            "roe": 0.63,
            "roe_4q": 7.5699999999999985,
            "gross_profit": 53861,
            "gross_margin": 18.17,
            "gross_margin_4q_avg": 19.53,
            "net_income": 12515,
            "net_income_4q": null,
            "revenue": 296500,
            "revenue_4q": null,
            "common_shares": 1300848,
            "book_valuer_per_share": 14.85,
            "book_valuer_per_share_4q_avg": 15.04,
            "equity": 1932150,
            "current_ratio": 799.07,
            "debt_ratio": 17.57,
            "inventory_turnover_ratio": 0.81,
            "account_receivable_turnover_ratio": null,
            "reinvestment_rate": null,
            "research_to_sale_ratio": null,
            "price_fair": 39.9,
            "eps_avg_yearly": 1.14,
            "eps_latest_yearly": 0.4,
            "eps_growth_yearly": 1915.17
        },
        "20032": {
            "year_quarter": 20032,
            "year": 2003,
            "quarter": 2,
            "eps": -0.34,
            "eps_growth_year": -1800,
            "eps_4q": 0.76,
            "eps_4q_growth_year": 50.51,
            "roe": -2.48,
            "roe_4q": 4.989999999999999,
            "gross_profit": 50060,
            "gross_margin": 14.69,
            "gross_margin_4q_avg": 17.7,
            "net_income": -44627,
            "net_income_4q": null,
            "revenue": 340720,
            "revenue_4q": null,
            "common_shares": 1308000,
            "book_valuer_per_share": 12.75,
            "book_valuer_per_share_4q_avg": 14.38,
            "equity": 1667238,
            "current_ratio": 432.78,
            "debt_ratio": 35.38,
            "inventory_turnover_ratio": 2.76,
            "account_receivable_turnover_ratio": null,
            "reinvestment_rate": null,
            "research_to_sale_ratio": null,
            "price_fair": 39.9,
            "eps_avg_yearly": 1.14,
            "eps_latest_yearly": 0.4,
            "eps_growth_yearly": 1915.17
        },
        "20033": {
            "year_quarter": 20033,
            "year": 2003,
            "quarter": 3,
            "eps": 0.71,
            "eps_growth_year": 73.17,
            "eps_4q": 1.07,
            "eps_4q_growth_year": 208.07,
            "roe": 5.38,
            "roe_4q": 7.549999999999999,
            "gross_profit": 64194,
            "gross_margin": 8.62,
            "gross_margin_4q_avg": 14.71,
            "net_income": 91839,
            "net_income_4q": null,
            "revenue": 745132,
            "revenue_4q": null,
            "common_shares": 1308000,
            "book_valuer_per_share": 13.33,
            "book_valuer_per_share_4q_avg": 14.06,
            "equity": 1744027,
            "current_ratio": 314.95,
            "debt_ratio": 37.78,
            "inventory_turnover_ratio": 7.03,
            "account_receivable_turnover_ratio": null,
            "reinvestment_rate": null,
            "research_to_sale_ratio": null,
            "price_fair": 39.9,
            "eps_avg_yearly": 1.14,
            "eps_latest_yearly": 0.4,
            "eps_growth_yearly": 1915.17
        },
        "20034": {
            "year_quarter": 20034,
            "year": 2003,
            "quarter": 4,
            "eps": -0.19,
            "eps_growth_year": -131.15,
            "eps_4q": 0.34,
            "eps_4q_growth_year": -68.05,
            "roe": -1.39,
            "roe_4q": 2.14,
            "gross_profit": 30363,
            "gross_margin": 6.03,
            "gross_margin_4q_avg": 11.88,
            "net_income": -24225,
            "net_income_4q": null,
            "revenue": 503845,
            "revenue_4q": null,
            "common_shares": 1308000,
            "book_valuer_per_share": 13.16,
            "book_valuer_per_share_4q_avg": 13.52,
            "equity": 1749576,
            "current_ratio": 268.98,
            "debt_ratio": 39.81,
            "inventory_turnover_ratio": 1.82,
            "account_receivable_turnover_ratio": null,
            "reinvestment_rate": 20.02,
            "research_to_sale_ratio": null,
            "price_fair": 39.9,
            "eps_avg_yearly": 1.14,
            "eps_latest_yearly": 0.4,
            "eps_growth_yearly": 1915.17
        },
        "20041": {
            "year_quarter": 20041,
            "year": 2004,
            "quarter": 1,
            "eps": 0.59,
            "eps_growth_year": 490,
            "eps_4q": 0.78,
            "eps_4q_growth_year": -33.11,
            "roe": 4.05,
            "roe_4q": 5.559999999999999,
            "gross_profit": 41697,
            "gross_margin": 6.32,
            "gross_margin_4q_avg": 8.92,
            "net_income": 71158,
            "net_income_4q": null,
            "revenue": 659821,
            "revenue_4q": null,
            "common_shares": 1308000,
            "book_valuer_per_share": 13.51,
            "book_valuer_per_share_4q_avg": 13.19,
            "equity": 1766573,
            "current_ratio": 278.05,
            "debt_ratio": 36.59,
            "inventory_turnover_ratio": 2.49,
            "account_receivable_turnover_ratio": null,
            "reinvestment_rate": -12.47,
            "research_to_sale_ratio": null,
            "price_fair": 39.9,
            "eps_avg_yearly": 1.14,
            "eps_latest_yearly": 0.4,
            "eps_growth_yearly": 1915.17
        },
        "20042": {
            "year_quarter": 20042,
            "year": 2004,
            "quarter": 2,
            "eps": 0.47,
            "eps_growth_year": null,
            "eps_4q": 1.61,
            "eps_4q_growth_year": 111.37,
            "roe": 3.23,
            "roe_4q": 11.27,
            "gross_profit": 55057,
            "gross_margin": 6.89,
            "gross_margin_4q_avg": 6.97,
            "net_income": 57320,
            "net_income_4q": null,
            "revenue": 798707,
            "revenue_4q": null,
            "common_shares": 1308000,
            "book_valuer_per_share": 13.62,
            "book_valuer_per_share_4q_avg": 13.41,
            "equity": 1781188,
            "current_ratio": 273.79,
            "debt_ratio": 42.8,
            "inventory_turnover_ratio": 14.52,
            "account_receivable_turnover_ratio": null,
            "reinvestment_rate": -9.86,
            "research_to_sale_ratio": null,
            "price_fair": 45.08,
            "eps_avg_yearly": 1.29,
            "eps_latest_yearly": 1.88,
            "eps_growth_yearly": 1515.87
        },
        "20043": {
            "year_quarter": 20043,
            "year": 2004,
            "quarter": 3,
            "eps": 0.71,
            "eps_growth_year": 0,
            "eps_4q": 1.58,
            "eps_4q_growth_year": 47.4,
            "roe": 4.66,
            "roe_4q": 10.55,
            "gross_profit": 76428,
            "gross_margin": 8.99,
            "gross_margin_4q_avg": 7.06,
            "net_income": 85174,
            "net_income_4q": null,
            "revenue": 850581,
            "revenue_4q": null,
            "common_shares": 1308000,
            "book_valuer_per_share": 14.3,
            "book_valuer_per_share_4q_avg": 13.65,
            "equity": 1871064,
            "current_ratio": 292.38,
            "debt_ratio": 37.85,
            "inventory_turnover_ratio": 20.19,
            "account_receivable_turnover_ratio": null,
            "reinvestment_rate": -11.53,
            "research_to_sale_ratio": null,
            "price_fair": 54.13,
            "eps_avg_yearly": 1.55,
            "eps_latest_yearly": 2.84,
            "eps_growth_yearly": 1297.27
        },
        "20044": {
            "year_quarter": 20044,
            "year": 2004,
            "quarter": 4,
            "eps": -0.29,
            "eps_growth_year": null,
            "eps_4q": 1.53,
            "eps_4q_growth_year": 357.53,
            "roe": -1.89,
            "roe_4q": 10.05,
            "gross_profit": 81324,
            "gross_margin": 8.54,
            "gross_margin_4q_avg": 7.69,
            "net_income": -34758,
            "net_income_4q": null,
            "revenue": 952738,
            "revenue_4q": null,
            "common_shares": 1308000,
            "book_valuer_per_share": 13.64,
            "book_valuer_per_share_4q_avg": 13.77,
            "equity": 1804212,
            "current_ratio": 212.52,
            "debt_ratio": 47.09,
            "inventory_turnover_ratio": 2.52,
            "account_receivable_turnover_ratio": null,
            "reinvestment_rate": 37.57,
            "research_to_sale_ratio": null,
            "price_fair": 54.13,
            "eps_avg_yearly": 1.55,
            "eps_latest_yearly": 2.84,
            "eps_growth_yearly": 1297.27
        },
        "20051": {
            "year_quarter": 20051,
            "year": 2005,
            "quarter": 1,
            "eps": -0.42,
            "eps_growth_year": -171.19,
            "eps_4q": 0.48,
            "eps_4q_growth_year": -38.31,
            "roe": -2.85,
            "roe_4q": 3.15,
            "gross_profit": 51482,
            "gross_margin": 8.34,
            "gross_margin_4q_avg": 8.19,
            "net_income": -50190,
            "net_income_4q": null,
            "revenue": 617158,
            "revenue_4q": null,
            "common_shares": 1308000,
            "book_valuer_per_share": 13.11,
            "book_valuer_per_share_4q_avg": 13.67,
            "equity": 1715093,
            "current_ratio": 212.12,
            "debt_ratio": 34.2,
            "inventory_turnover_ratio": 1.68,
            "account_receivable_turnover_ratio": null,
            "reinvestment_rate": -19.22,
            "research_to_sale_ratio": null,
            "price_fair": 54.13,
            "eps_avg_yearly": 1.55,
            "eps_latest_yearly": 2.84,
            "eps_growth_yearly": 1297.27
        },
        "20052": {
            "year_quarter": 20052,
            "year": 2005,
            "quarter": 2,
            "eps": 0.18,
            "eps_growth_year": -61.7,
            "eps_4q": 0.18,
            "eps_4q_growth_year": -88.69,
            "roe": 1.3,
            "roe_4q": 1.2200000000000002,
            "gross_profit": 74605,
            "gross_margin": 9.06,
            "gross_margin_4q_avg": 8.73,
            "net_income": 21401,
            "net_income_4q": null,
            "revenue": 823599,
            "revenue_4q": null,
            "common_shares": 1308000,
            "book_valuer_per_share": 12.14,
            "book_valuer_per_share_4q_avg": 13.3,
            "equity": 1588184,
            "current_ratio": 199.43,
            "debt_ratio": 44.02,
            "inventory_turnover_ratio": 49.01,
            "account_receivable_turnover_ratio": null,
            "reinvestment_rate": -24.35,
            "research_to_sale_ratio": null,
            "price_fair": 54.13,
            "eps_avg_yearly": 1.55,
            "eps_latest_yearly": 2.84,
            "eps_growth_yearly": 1297.27
        },
        "20053": {
            "year_quarter": 20053,
            "year": 2005,
            "quarter": 3,
            "eps": 0.14,
            "eps_growth_year": -80.28,
            "eps_4q": -0.4,
            "eps_4q_growth_year": -125.32,
            "roe": 1.03,
            "roe_4q": -2.41,
            "gross_profit": 47009,
            "gross_margin": 4.54,
            "gross_margin_4q_avg": 7.62,
            "net_income": 16479,
            "net_income_4q": null,
            "revenue": 1036277,
            "revenue_4q": null,
            "common_shares": 1308000,
            "book_valuer_per_share": 12.42,
            "book_valuer_per_share_4q_avg": 12.83,
            "equity": 1624229,
            "current_ratio": 252,
            "debt_ratio": 50.18,
            "inventory_turnover_ratio": 88.78,
            "account_receivable_turnover_ratio": null,
            "reinvestment_rate": -26.47,
            "research_to_sale_ratio": null,
            "price_fair": 49.2,
            "eps_avg_yearly": 1.41,
            "eps_latest_yearly": 0.56,
            "eps_growth_yearly": 1099.24
        },
        "20054": {
            "year_quarter": 20054,
            "year": 2005,
            "quarter": 4,
            "eps": -0.16,
            "eps_growth_year": null,
            "eps_4q": -0.17,
            "eps_4q_growth_year": -111.03,
            "roe": -1.17,
            "roe_4q": -1.69,
            "gross_profit": 4333,
            "gross_margin": 0.46,
            "gross_margin_4q_avg": 5.6,
            "net_income": -18974,
            "net_income_4q": null,
            "revenue": 951874,
            "revenue_4q": null,
            "common_shares": 1308000,
            "book_valuer_per_share": 12.19,
            "book_valuer_per_share_4q_avg": 12.47,
            "equity": 1631948,
            "current_ratio": 201.92,
            "debt_ratio": 55.71,
            "inventory_turnover_ratio": 2.5,
            "account_receivable_turnover_ratio": null,
            "reinvestment_rate": 106.09,
            "research_to_sale_ratio": null,
            "price_fair": 49.2,
            "eps_avg_yearly": 1.41,
            "eps_latest_yearly": 0.56,
            "eps_growth_yearly": 1099.24
        },
        "20061": {
            "year_quarter": 20061,
            "year": 2006,
            "quarter": 1,
            "eps": 0.08,
            "eps_growth_year": null,
            "eps_4q": 0.23,
            "eps_4q_growth_year": -52.45,
            "roe": 0.63,
            "roe_4q": 1.79,
            "gross_profit": 28119,
            "gross_margin": 4.04,
            "gross_margin_4q_avg": 4.53,
            "net_income": 10152,
            "net_income_4q": null,
            "revenue": 695981,
            "revenue_4q": null,
            "common_shares": 1308000,
            "book_valuer_per_share": 12.19,
            "book_valuer_per_share_4q_avg": 12.24,
            "equity": 1594312,
            "current_ratio": 410.08,
            "debt_ratio": 43.34,
            "inventory_turnover_ratio": 1.76,
            "account_receivable_turnover_ratio": null,
            "reinvestment_rate": -28.06,
            "research_to_sale_ratio": null,
            "price_fair": 49.2,
            "eps_avg_yearly": 1.41,
            "eps_latest_yearly": 0.56,
            "eps_growth_yearly": 1099.24
        },
        "20062": {
            "year_quarter": 20062,
            "year": 2006,
            "quarter": 2,
            "eps": 0,
            "eps_growth_year": -100,
            "eps_4q": 0.06,
            "eps_4q_growth_year": -64.56,
            "roe": 0.01,
            "roe_4q": 0.5000000000000001,
            "gross_profit": 22889,
            "gross_margin": 2.81,
            "gross_margin_4q_avg": 2.96,
            "net_income": 131,
            "net_income_4q": null,
            "revenue": 815669,
            "revenue_4q": null,
            "common_shares": 1208000,
            "book_valuer_per_share": 13.19,
            "book_valuer_per_share_4q_avg": 12.5,
            "equity": 1593034,
            "current_ratio": 239.38,
            "debt_ratio": 43.82,
            "inventory_turnover_ratio": 127.11,
            "account_receivable_turnover_ratio": null,
            "reinvestment_rate": -32.16,
            "research_to_sale_ratio": null,
            "price_fair": 56.93,
            "eps_avg_yearly": 1.63,
            "eps_latest_yearly": 0.56,
            "eps_growth_yearly": 1282.45
        },
        "20063": {
            "year_quarter": 20063,
            "year": 2006,
            "quarter": 3,
            "eps": 0.05,
            "eps_growth_year": -64.29,
            "eps_4q": -0.02,
            "eps_4q_growth_year": null,
            "roe": 0.39,
            "roe_4q": -0.1399999999999999,
            "gross_profit": 32566,
            "gross_margin": 4.02,
            "gross_margin_4q_avg": 2.83,
            "net_income": 6316,
            "net_income_4q": null,
            "revenue": 809598,
            "revenue_4q": null,
            "common_shares": 1208000,
            "book_valuer_per_share": 13.43,
            "book_valuer_per_share_4q_avg": 12.75,
            "equity": 1622183,
            "current_ratio": 217.01,
            "debt_ratio": 41.43,
            "inventory_turnover_ratio": 315.1,
            "account_receivable_turnover_ratio": null,
            "reinvestment_rate": -94.52,
            "research_to_sale_ratio": null,
            "price_fair": 4.87,
            "eps_avg_yearly": 1.62,
            "eps_latest_yearly": 0.56,
            "eps_growth_yearly": -21.06
        },
        "20064": {
            "year_quarter": 20064,
            "year": 2006,
            "quarter": 4,
            "eps": -0.03,
            "eps_growth_year": null,
            "eps_4q": 0.13,
            "eps_4q_growth_year": null,
            "roe": -0.22,
            "roe_4q": 0.81,
            "gross_profit": 25031,
            "gross_margin": 3.77,
            "gross_margin_4q_avg": 3.66,
            "net_income": -3542,
            "net_income_4q": null,
            "revenue": 664140,
            "revenue_4q": null,
            "common_shares": 1208000,
            "book_valuer_per_share": 13.28,
            "book_valuer_per_share_4q_avg": 13.02,
            "equity": 1641293,
            "current_ratio": 186.95,
            "debt_ratio": 52.68,
            "inventory_turnover_ratio": 1.95,
            "account_receivable_turnover_ratio": null,
            "reinvestment_rate": 79.8,
            "research_to_sale_ratio": null,
            "price_fair": 4.26,
            "eps_avg_yearly": 1.42,
            "eps_latest_yearly": 0.56,
            "eps_growth_yearly": -75.1
        },
        "20071": {
            "year_quarter": 20071,
            "year": 2007,
            "quarter": 1,
            "eps": -0.11,
            "eps_growth_year": -237.5,
            "eps_4q": -0.09,
            "eps_4q_growth_year": -137.76,
            "roe": -0.84,
            "roe_4q": -0.66,
            "gross_profit": 31643,
            "gross_margin": 7.71,
            "gross_margin_4q_avg": 4.58,
            "net_income": -13574,
            "net_income_4q": null,
            "revenue": 410432,
            "revenue_4q": null,
            "common_shares": 1208000,
            "book_valuer_per_share": 13.25,
            "book_valuer_per_share_4q_avg": 13.29,
            "equity": 1600295,
            "current_ratio": 251.75,
            "debt_ratio": 42.67,
            "inventory_turnover_ratio": 1.16,
            "account_receivable_turnover_ratio": null,
            "reinvestment_rate": -153.68,
            "research_to_sale_ratio": null,
            "price_fair": 37.55,
            "eps_avg_yearly": 1.76,
            "eps_latest_yearly": 0.56,
            "eps_growth_yearly": 11.34
        },
        "20072": {
            "year_quarter": 20072,
            "year": 2007,
            "quarter": 2,
            "eps": -0.3,
            "eps_growth_year": null,
            "eps_4q": -0.38,
            "eps_4q_growth_year": -695.73,
            "roe": -2.26,
            "roe_4q": -2.9299999999999997,
            "gross_profit": 31333,
            "gross_margin": 7.38,
            "gross_margin_4q_avg": 5.72,
            "net_income": -35595,
            "net_income_4q": null,
            "revenue": 424638,
            "revenue_4q": null,
            "common_shares": 1208000,
            "book_valuer_per_share": 12.81,
            "book_valuer_per_share_4q_avg": 13.19,
            "equity": 1547228,
            "current_ratio": 128.27,
            "debt_ratio": 42.59,
            "inventory_turnover_ratio": 716.4,
            "account_receivable_turnover_ratio": null,
            "reinvestment_rate": -143.95,
            "research_to_sale_ratio": null,
            "price_fair": 37.55,
            "eps_avg_yearly": 1.76,
            "eps_latest_yearly": 0.56,
            "eps_growth_yearly": 11.34
        },
        "20073": {
            "year_quarter": 20073,
            "year": 2007,
            "quarter": 3,
            "eps": -0.08,
            "eps_growth_year": -260,
            "eps_4q": -0.51,
            "eps_4q_growth_year": null,
            "roe": -0.57,
            "roe_4q": -3.8899999999999997,
            "gross_profit": 35874,
            "gross_margin": 7.55,
            "gross_margin_4q_avg": 6.6,
            "net_income": -8862,
            "net_income_4q": null,
            "revenue": 474905,
            "revenue_4q": null,
            "common_shares": 1208000,
            "book_valuer_per_share": 12.73,
            "book_valuer_per_share_4q_avg": 13.02,
            "equity": 1538023,
            "current_ratio": 103.48,
            "debt_ratio": 39.61,
            "inventory_turnover_ratio": 373.17,
            "account_receivable_turnover_ratio": null,
            "reinvestment_rate": -315.78,
            "research_to_sale_ratio": null,
            "price_fair": 37.55,
            "eps_avg_yearly": 1.76,
            "eps_latest_yearly": 0.56,
            "eps_growth_yearly": 11.34
        },
        "20074": {
            "year_quarter": 20074,
            "year": 2007,
            "quarter": 4,
            "eps": 0.07,
            "eps_growth_year": null,
            "eps_4q": -0.45,
            "eps_4q_growth_year": -451.66,
            "roe": 0.5,
            "roe_4q": -3.1699999999999995,
            "gross_profit": 30064,
            "gross_margin": 7.52,
            "gross_margin_4q_avg": 7.54,
            "net_income": 7887,
            "net_income_4q": null,
            "revenue": 399634,
            "revenue_4q": null,
            "common_shares": 1208000,
            "book_valuer_per_share": 12.74,
            "book_valuer_per_share_4q_avg": 12.88,
            "equity": 1586796,
            "current_ratio": 143.97,
            "debt_ratio": 52.75,
            "inventory_turnover_ratio": 1.19,
            "account_receivable_turnover_ratio": null,
            "reinvestment_rate": 178.97,
            "research_to_sale_ratio": null,
            "price_fair": 37.55,
            "eps_avg_yearly": 1.76,
            "eps_latest_yearly": 0.56,
            "eps_growth_yearly": 11.34
        },
        "20081": {
            "year_quarter": 20081,
            "year": 2008,
            "quarter": 1,
            "eps": -0.24,
            "eps_growth_year": null,
            "eps_4q": -0.52,
            "eps_4q_growth_year": null,
            "roe": -2,
            "roe_4q": -4.33,
            "gross_profit": 76123,
            "gross_margin": 9.13,
            "gross_margin_4q_avg": 7.9,
            "net_income": -30576,
            "net_income_4q": null,
            "revenue": 833795,
            "revenue_4q": null,
            "common_shares": 1208000,
            "book_valuer_per_share": 11.78,
            "book_valuer_per_share_4q_avg": 12.52,
            "equity": 1471008,
            "current_ratio": 142.13,
            "debt_ratio": 53.62,
            "inventory_turnover_ratio": 1.23,
            "account_receivable_turnover_ratio": null,
            "reinvestment_rate": 8020.91,
            "research_to_sale_ratio": null,
            "price_fair": 37.55,
            "eps_avg_yearly": 1.76,
            "eps_latest_yearly": 0.56,
            "eps_growth_yearly": 11.34
        },
        "20082": {
            "year_quarter": 20082,
            "year": 2008,
            "quarter": 2,
            "eps": -1.05,
            "eps_growth_year": null,
            "eps_4q": -1.27,
            "eps_4q_growth_year": null,
            "roe": -8.85,
            "roe_4q": -10.92,
            "gross_profit": 40809,
            "gross_margin": 5.32,
            "gross_margin_4q_avg": 7.38,
            "net_income": -122394,
            "net_income_4q": null,
            "revenue": 766439,
            "revenue_4q": null,
            "common_shares": 1208000,
            "book_valuer_per_share": 10.69,
            "book_valuer_per_share_4q_avg": 11.99,
            "equity": 1295335,
            "current_ratio": 129.56,
            "debt_ratio": 54.35,
            "inventory_turnover_ratio": 1.18,
            "account_receivable_turnover_ratio": null,
            "reinvestment_rate": null,
            "research_to_sale_ratio": null,
            "price_fair": 59.5,
            "eps_avg_yearly": 1.7,
            "eps_latest_yearly": 0.56,
            "eps_growth_yearly": 57.68
        },
        "20083": {
            "year_quarter": 20083,
            "year": 2008,
            "quarter": 3,
            "eps": -0.21,
            "eps_growth_year": null,
            "eps_4q": -1.45,
            "eps_4q_growth_year": null,
            "roe": -1.86,
            "roe_4q": -12.209999999999999,
            "gross_profit": 91708,
            "gross_margin": 13.53,
            "gross_margin_4q_avg": 8.88,
            "net_income": -24607,
            "net_income_4q": null,
            "revenue": 677849,
            "revenue_4q": null,
            "common_shares": 1177200,
            "book_valuer_per_share": 11.38,
            "book_valuer_per_share_4q_avg": 11.65,
            "equity": 1349405,
            "current_ratio": 132.98,
            "debt_ratio": 48.38,
            "inventory_turnover_ratio": 0.97,
            "account_receivable_turnover_ratio": null,
            "reinvestment_rate": null,
            "research_to_sale_ratio": null,
            "price_fair": 1.68,
            "eps_avg_yearly": 0.56,
            "eps_latest_yearly": 0.56,
            "eps_growth_yearly": -88.89
        },
        "20084": {
            "year_quarter": 20084,
            "year": 2008,
            "quarter": 4,
            "eps": -0.78,
            "eps_growth_year": -1214.29,
            "eps_4q": -2.3,
            "eps_4q_growth_year": null,
            "roe": -7,
            "roe_4q": -19.71,
            "gross_profit": 42796,
            "gross_margin": 7.88,
            "gross_margin_4q_avg": 8.97,
            "net_income": -92150,
            "net_income_4q": null,
            "revenue": 542861,
            "revenue_4q": null,
            "common_shares": 1177200,
            "book_valuer_per_share": 10.77,
            "book_valuer_per_share_4q_avg": 11.16,
            "equity": 1281582,
            "current_ratio": 144.55,
            "debt_ratio": 42.51,
            "inventory_turnover_ratio": 0.97,
            "account_receivable_turnover_ratio": 2.19,
            "reinvestment_rate": null,
            "research_to_sale_ratio": null,
            "price_fair": 1.68,
            "eps_avg_yearly": 0.56,
            "eps_latest_yearly": 0.56,
            "eps_growth_yearly": -88.89
        },
        "20091": {
            "year_quarter": 20091,
            "year": 2009,
            "quarter": 1,
            "eps": -0.42,
            "eps_growth_year": null,
            "eps_4q": -2.46,
            "eps_4q_growth_year": null,
            "roe": -3.45,
            "roe_4q": -21.159999999999997,
            "gross_profit": 46022,
            "gross_margin": 10.45,
            "gross_margin_4q_avg": 9.3,
            "net_income": -46325,
            "net_income_4q": null,
            "revenue": 440330,
            "revenue_4q": null,
            "common_shares": 1177200,
            "book_valuer_per_share": 11.79,
            "book_valuer_per_share_4q_avg": 11.16,
            "equity": 1405181,
            "current_ratio": 166.87,
            "debt_ratio": 37.65,
            "inventory_turnover_ratio": 0.9,
            "account_receivable_turnover_ratio": 0.95,
            "reinvestment_rate": null,
            "research_to_sale_ratio": null,
            "price_fair": 1.68,
            "eps_avg_yearly": 0.56,
            "eps_latest_yearly": 0.56,
            "eps_growth_yearly": -88.89
        },
        "20092": {
            "year_quarter": 20092,
            "year": 2009,
            "quarter": 2,
            "eps": -0.32,
            "eps_growth_year": null,
            "eps_4q": -0.92,
            "eps_4q_growth_year": null,
            "roe": -3.21,
            "roe_4q": -15.52,
            "gross_profit": 57353,
            "gross_margin": 12.85,
            "gross_margin_4q_avg": 11.18,
            "net_income": -46641,
            "net_income_4q": null,
            "revenue": 446323,
            "revenue_4q": null,
            "common_shares": 2377200,
            "book_valuer_per_share": 6.22,
            "book_valuer_per_share_4q_avg": 10.04,
            "equity": 1502401,
            "current_ratio": 199.43,
            "debt_ratio": 33.22,
            "inventory_turnover_ratio": 0.94,
            "account_receivable_turnover_ratio": 1.1,
            "reinvestment_rate": null,
            "research_to_sale_ratio": null,
            "price_fair": 1.68,
            "eps_avg_yearly": 0.56,
            "eps_latest_yearly": 0.56,
            "eps_growth_yearly": -88.89
        },
        "20093": {
            "year_quarter": 20093,
            "year": 2009,
            "quarter": 3,
            "eps": -0.04,
            "eps_growth_year": null,
            "eps_4q": -0.85,
            "eps_4q_growth_year": null,
            "roe": -0.48,
            "roe_4q": -14.14,
            "gross_profit": 97480,
            "gross_margin": 19.16,
            "gross_margin_4q_avg": 12.59,
            "net_income": -7223,
            "net_income_4q": null,
            "revenue": 508657,
            "revenue_4q": null,
            "common_shares": 2377200,
            "book_valuer_per_share": 6.11,
            "book_valuer_per_share_4q_avg": 8.72,
            "equity": 1476419,
            "current_ratio": 166.89,
            "debt_ratio": 36.87,
            "inventory_turnover_ratio": 0.94,
            "account_receivable_turnover_ratio": 1.28,
            "reinvestment_rate": null,
            "research_to_sale_ratio": null,
            "price_fair": 0,
            "eps_avg_yearly": 0,
            "eps_latest_yearly": 0,
            "eps_growth_yearly": 0
        },
        "20094": {
            "year_quarter": 20094,
            "year": 2009,
            "quarter": 4,
            "eps": 0.13,
            "eps_growth_year": null,
            "eps_4q": -0.35,
            "eps_4q_growth_year": null,
            "roe": 1.84,
            "roe_4q": -5.3,
            "gross_profit": 116943,
            "gross_margin": 19.89,
            "gross_margin_4q_avg": 15.59,
            "net_income": 27244,
            "net_income_4q": null,
            "revenue": 588020,
            "revenue_4q": null,
            "common_shares": 2377200,
            "book_valuer_per_share": 6.12,
            "book_valuer_per_share_4q_avg": 7.56,
            "equity": 1479178,
            "current_ratio": 155.52,
            "debt_ratio": 41.72,
            "inventory_turnover_ratio": 0.97,
            "account_receivable_turnover_ratio": 2.13,
            "reinvestment_rate": null,
            "research_to_sale_ratio": null,
            "price_fair": 0,
            "eps_avg_yearly": 0,
            "eps_latest_yearly": 0,
            "eps_growth_yearly": 0
        },
        "20101": {
            "year_quarter": 20101,
            "year": 2010,
            "quarter": 1,
            "eps": 0.06,
            "eps_growth_year": null,
            "eps_4q": -0.08,
            "eps_4q_growth_year": null,
            "roe": 1.08,
            "roe_4q": -0.77,
            "gross_profit": 127247,
            "gross_margin": 21,
            "gross_margin_4q_avg": 18.23,
            "net_income": 16075,
            "net_income_4q": null,
            "revenue": 605812,
            "revenue_4q": null,
            "common_shares": 2377200,
            "book_valuer_per_share": 6.17,
            "book_valuer_per_share_4q_avg": 6.16,
            "equity": 1492429,
            "current_ratio": 161.09,
            "debt_ratio": 41.03,
            "inventory_turnover_ratio": 0.95,
            "account_receivable_turnover_ratio": 1.12,
            "reinvestment_rate": null,
            "research_to_sale_ratio": 2.76,
            "price_fair": 0.72,
            "eps_avg_yearly": 0.24,
            "eps_latest_yearly": 0.24,
            "eps_growth_yearly": -215.38
        },
        "20102": {
            "year_quarter": 20102,
            "year": 2010,
            "quarter": 2,
            "eps": 0.01,
            "eps_growth_year": null,
            "eps_4q": 0.14,
            "eps_4q_growth_year": null,
            "roe": 0.09,
            "roe_4q": 2.5300000000000002,
            "gross_profit": 124046,
            "gross_margin": 22.36,
            "gross_margin_4q_avg": 20.6,
            "net_income": 1343,
            "net_income_4q": null,
            "revenue": 554877,
            "revenue_4q": null,
            "common_shares": 2377200,
            "book_valuer_per_share": 6.22,
            "book_valuer_per_share_4q_avg": 6.16,
            "equity": 1503248,
            "current_ratio": 164.49,
            "debt_ratio": 40.59,
            "inventory_turnover_ratio": 0.8,
            "account_receivable_turnover_ratio": 1.15,
            "reinvestment_rate": null,
            "research_to_sale_ratio": 3.1,
            "price_fair": 0.42,
            "eps_avg_yearly": 0.14,
            "eps_latest_yearly": 0.04,
            "eps_growth_yearly": -274.36
        },
        "20103": {
            "year_quarter": 20103,
            "year": 2010,
            "quarter": 3,
            "eps": 0.03,
            "eps_growth_year": null,
            "eps_4q": 0.21,
            "eps_4q_growth_year": null,
            "roe": 0.44,
            "roe_4q": 3.45,
            "gross_profit": 120886,
            "gross_margin": 23.5,
            "gross_margin_4q_avg": 21.69,
            "net_income": 6649,
            "net_income_4q": null,
            "revenue": 514346,
            "revenue_4q": null,
            "common_shares": 2377200,
            "book_valuer_per_share": 6.14,
            "book_valuer_per_share_4q_avg": 6.16,
            "equity": 1485656,
            "current_ratio": 181.88,
            "debt_ratio": 35.86,
            "inventory_turnover_ratio": 0.75,
            "account_receivable_turnover_ratio": 1.24,
            "reinvestment_rate": null,
            "research_to_sale_ratio": 3.6,
            "price_fair": 4.67,
            "eps_avg_yearly": 0.13,
            "eps_latest_yearly": 0.12,
            "eps_growth_yearly": 83.76
        },
        "20104": {
            "year_quarter": 20104,
            "year": 2010,
            "quarter": 4,
            "eps": -0.05,
            "eps_growth_year": -138.66,
            "eps_4q": 0.05,
            "eps_4q_growth_year": null,
            "roe": -0.94,
            "roe_4q": 0.6700000000000002,
            "gross_profit": 102756,
            "gross_margin": 20.93,
            "gross_margin_4q_avg": 21.95,
            "net_income": -13649,
            "net_income_4q": null,
            "revenue": 490845,
            "revenue_4q": null,
            "common_shares": 2377200,
            "book_valuer_per_share": 5.8,
            "book_valuer_per_share_4q_avg": 6.08,
            "equity": 1403361,
            "current_ratio": 198.06,
            "debt_ratio": 32.95,
            "inventory_turnover_ratio": 0.93,
            "account_receivable_turnover_ratio": 1.23,
            "reinvestment_rate": null,
            "research_to_sale_ratio": 4,
            "price_fair": 4.67,
            "eps_avg_yearly": 0.13,
            "eps_latest_yearly": 0.12,
            "eps_growth_yearly": 83.76
        },
        "20111": {
            "year_quarter": 20111,
            "year": 2011,
            "quarter": 1,
            "eps": 0.03,
            "eps_growth_year": -50,
            "eps_4q": 0.01,
            "eps_4q_growth_year": null,
            "roe": 0.41,
            "roe_4q": -2.7755575615628914e-17,
            "gross_profit": 90643,
            "gross_margin": 22.44,
            "gross_margin_4q_avg": 22.31,
            "net_income": 5799,
            "net_income_4q": null,
            "revenue": 403867,
            "revenue_4q": null,
            "common_shares": 2377200,
            "book_valuer_per_share": 5.86,
            "book_valuer_per_share_4q_avg": 6.01,
            "equity": 1416737,
            "current_ratio": 202.94,
            "debt_ratio": 32.23,
            "inventory_turnover_ratio": 0.91,
            "account_receivable_turnover_ratio": 1.06,
            "reinvestment_rate": null,
            "research_to_sale_ratio": 4.07,
            "price_fair": 4.67,
            "eps_avg_yearly": 0.13,
            "eps_latest_yearly": 0.12,
            "eps_growth_yearly": 83.76
        },
        "20112": {
            "year_quarter": 20112,
            "year": 2011,
            "quarter": 2,
            "eps": -0.06,
            "eps_growth_year": -1159.01,
            "eps_4q": -0.05,
            "eps_4q_growth_year": -136.84,
            "roe": -1,
            "roe_4q": -1.09,
            "gross_profit": 75227,
            "gross_margin": 20.33,
            "gross_margin_4q_avg": 21.8,
            "net_income": -14019,
            "net_income_4q": null,
            "revenue": 370100,
            "revenue_4q": null,
            "common_shares": 2377200,
            "book_valuer_per_share": 5.72,
            "book_valuer_per_share_4q_avg": 5.88,
            "equity": 1382785,
            "current_ratio": 203.65,
            "debt_ratio": 32.2,
            "inventory_turnover_ratio": 0.86,
            "account_receivable_turnover_ratio": 1.06,
            "reinvestment_rate": null,
            "research_to_sale_ratio": 4.54,
            "price_fair": 4.67,
            "eps_avg_yearly": 0.13,
            "eps_latest_yearly": 0.12,
            "eps_growth_yearly": 83.76
        },
        "20113": {
            "year_quarter": 20113,
            "year": 2011,
            "quarter": 3,
            "eps": 0.17,
            "eps_growth_year": 508.37,
            "eps_4q": 0.05,
            "eps_4q_growth_year": -78.04,
            "roe": 1.85,
            "roe_4q": 0.32000000000000006,
            "gross_profit": 113951,
            "gross_margin": 22.3,
            "gross_margin_4q_avg": 21.5,
            "net_income": 26302,
            "net_income_4q": null,
            "revenue": 510910,
            "revenue_4q": null,
            "common_shares": 1552312,
            "book_valuer_per_share": 9.28,
            "book_valuer_per_share_4q_avg": 6.67,
            "equity": 1463925,
            "current_ratio": 188.86,
            "debt_ratio": 35.46,
            "inventory_turnover_ratio": 1.01,
            "account_receivable_turnover_ratio": 1.33,
            "reinvestment_rate": null,
            "research_to_sale_ratio": 3.47,
            "price_fair": 4.67,
            "eps_avg_yearly": 0.13,
            "eps_latest_yearly": 0.12,
            "eps_growth_yearly": 83.76
        },
        "20114": {
            "year_quarter": 20114,
            "year": 2011,
            "quarter": 4,
            "eps": -0.2,
            "eps_growth_year": null,
            "eps_4q": -0.08,
            "eps_4q_growth_year": -273.03,
            "roe": -2.21,
            "roe_4q": -0.95,
            "gross_profit": 116078,
            "gross_margin": 21.75,
            "gross_margin_4q_avg": 21.71,
            "net_income": -31795,
            "net_income_4q": null,
            "revenue": 533588,
            "revenue_4q": null,
            "common_shares": 1552312,
            "book_valuer_per_share": 9.05,
            "book_valuer_per_share_4q_avg": 7.48,
            "equity": 1418416,
            "current_ratio": 170.49,
            "debt_ratio": 40.36,
            "inventory_turnover_ratio": 0.95,
            "account_receivable_turnover_ratio": 1.14,
            "reinvestment_rate": null,
            "research_to_sale_ratio": 3.17,
            "price_fair": 4.67,
            "eps_avg_yearly": 0.13,
            "eps_latest_yearly": 0.12,
            "eps_growth_yearly": 83.76
        },
        "20121": {
            "year_quarter": 20121,
            "year": 2012,
            "quarter": 1,
            "eps": -0.1,
            "eps_growth_year": -433.33,
            "eps_4q": -0.22,
            "eps_4q_growth_year": -2594.41,
            "roe": -1.18,
            "roe_4q": -2.5399999999999996,
            "gross_profit": 81901,
            "gross_margin": 18.81,
            "gross_margin_4q_avg": 20.8,
            "net_income": -16575,
            "net_income_4q": null,
            "revenue": 435467,
            "revenue_4q": null,
            "common_shares": 1552312,
            "book_valuer_per_share": 8.8,
            "book_valuer_per_share_4q_avg": 8.21,
            "equity": 1379931,
            "current_ratio": 177.01,
            "debt_ratio": 39.23,
            "inventory_turnover_ratio": 0.78,
            "account_receivable_turnover_ratio": 0.86,
            "reinvestment_rate": null,
            "research_to_sale_ratio": 3.14,
            "price_fair": 4.67,
            "eps_avg_yearly": 0.13,
            "eps_latest_yearly": 0.12,
            "eps_growth_yearly": 83.76
        },
        "20122": {
            "year_quarter": 20122,
            "year": 2012,
            "quarter": 2,
            "eps": 0.15,
            "eps_growth_year": null,
            "eps_4q": 0.01,
            "eps_4q_growth_year": null,
            "roe": 1.64,
            "roe_4q": 0.10000000000000009,
            "gross_profit": 86120,
            "gross_margin": 16.48,
            "gross_margin_4q_avg": 19.84,
            "net_income": 22822,
            "net_income_4q": null,
            "revenue": 522448,
            "revenue_4q": null,
            "common_shares": 1552312,
            "book_valuer_per_share": 8.98,
            "book_valuer_per_share_4q_avg": 9.03,
            "equity": 1407203,
            "current_ratio": 182.42,
            "debt_ratio": 38.84,
            "inventory_turnover_ratio": 0.93,
            "account_receivable_turnover_ratio": 0.98,
            "reinvestment_rate": null,
            "research_to_sale_ratio": 2.35,
            "price_fair": 4.67,
            "eps_avg_yearly": 0.13,
            "eps_latest_yearly": 0.12,
            "eps_growth_yearly": 83.76
        },
        "20123": {
            "year_quarter": 20123,
            "year": 2012,
            "quarter": 3,
            "eps": 0.08,
            "eps_growth_year": -53.32,
            "eps_4q": -0.08,
            "eps_4q_growth_year": -273.74,
            "roe": 0.86,
            "roe_4q": -0.8899999999999999,
            "gross_profit": 102717,
            "gross_margin": 18.56,
            "gross_margin_4q_avg": 18.9,
            "net_income": 12053,
            "net_income_4q": null,
            "revenue": 553496,
            "revenue_4q": null,
            "common_shares": 1552312,
            "book_valuer_per_share": 8.98,
            "book_valuer_per_share_4q_avg": 8.95,
            "equity": 1407517,
            "current_ratio": 189.82,
            "debt_ratio": 37.9,
            "inventory_turnover_ratio": 0.99,
            "account_receivable_turnover_ratio": 0.98,
            "reinvestment_rate": null,
            "research_to_sale_ratio": 2.18,
            "price_fair": 4.71,
            "eps_avg_yearly": 0.18,
            "eps_latest_yearly": 0.32,
            "eps_growth_yearly": 16.15
        },
        "20124": {
            "year_quarter": 20124,
            "year": 2012,
            "quarter": 4,
            "eps": -0.19,
            "eps_growth_year": null,
            "eps_4q": -0.07,
            "eps_4q_growth_year": null,
            "roe": -2.21,
            "roe_4q": -0.8900000000000001,
            "gross_profit": 78923,
            "gross_margin": 18.25,
            "gross_margin_4q_avg": 18.03,
            "net_income": -30679,
            "net_income_4q": null,
            "revenue": 432480,
            "revenue_4q": null,
            "common_shares": 1552312,
            "book_valuer_per_share": 8.77,
            "book_valuer_per_share_4q_avg": 8.88,
            "equity": 1374853,
            "current_ratio": 212.72,
            "debt_ratio": 33.81,
            "inventory_turnover_ratio": 0.89,
            "account_receivable_turnover_ratio": 0.81,
            "reinvestment_rate": null,
            "research_to_sale_ratio": 2.84,
            "price_fair": 4.71,
            "eps_avg_yearly": 0.18,
            "eps_latest_yearly": 0.32,
            "eps_growth_yearly": 16.15
        },
        "20131": {
            "year_quarter": 20131,
            "year": 2013,
            "quarter": 1,
            "eps": 0.11,
            "eps_growth_year": null,
            "eps_4q": 0.15,
            "eps_4q_growth_year": null,
            "roe": 1.28,
            "roe_4q": 1.5699999999999998,
            "gross_profit": 77186,
            "gross_margin": 17.16,
            "gross_margin_4q_avg": 17.61,
            "net_income": 17941,
            "net_income_4q": null,
            "revenue": 449860,
            "revenue_4q": null,
            "common_shares": 1552312,
            "book_valuer_per_share": 9.14,
            "book_valuer_per_share_4q_avg": 8.97,
            "equity": 1432255,
            "current_ratio": 217.1,
            "debt_ratio": 32.88,
            "inventory_turnover_ratio": 1.05,
            "account_receivable_turnover_ratio": 0.9,
            "reinvestment_rate": null,
            "research_to_sale_ratio": 2.79,
            "price_fair": 4.71,
            "eps_avg_yearly": 0.18,
            "eps_latest_yearly": 0.32,
            "eps_growth_yearly": 16.15
        },
        "20132": {
            "year_quarter": 20132,
            "year": 2013,
            "quarter": 2,
            "eps": -0.01,
            "eps_growth_year": -106.82,
            "eps_4q": -0.01,
            "eps_4q_growth_year": -186.33,
            "roe": -0.09,
            "roe_4q": -0.16000000000000003,
            "gross_profit": 81554,
            "gross_margin": 18.57,
            "gross_margin_4q_avg": 18.14,
            "net_income": -1340,
            "net_income_4q": null,
            "revenue": 439120,
            "revenue_4q": null,
            "common_shares": 1552312,
            "book_valuer_per_share": 9.21,
            "book_valuer_per_share_4q_avg": 9.03,
            "equity": 1562899,
            "current_ratio": 225.69,
            "debt_ratio": 32.69,
            "inventory_turnover_ratio": 1.06,
            "account_receivable_turnover_ratio": 0.86,
            "reinvestment_rate": -1032.45,
            "research_to_sale_ratio": 3.31,
            "price_fair": 4.71,
            "eps_avg_yearly": 0.18,
            "eps_latest_yearly": 0.32,
            "eps_growth_yearly": 16.15
        },
        "20133": {
            "year_quarter": 20133,
            "year": 2013,
            "quarter": 3,
            "eps": -0.04,
            "eps_growth_year": -150.44,
            "eps_4q": -0.13,
            "eps_4q_growth_year": null,
            "roe": -0.38,
            "roe_4q": -1.4,
            "gross_profit": 88544,
            "gross_margin": 18.87,
            "gross_margin_4q_avg": 18.21,
            "net_income": -5961,
            "net_income_4q": null,
            "revenue": 469332,
            "revenue_4q": null,
            "common_shares": 1552312,
            "book_valuer_per_share": 9.1,
            "book_valuer_per_share_4q_avg": 9.06,
            "equity": 1546184,
            "current_ratio": 134.88,
            "debt_ratio": 40.71,
            "inventory_turnover_ratio": 1.19,
            "account_receivable_turnover_ratio": 0.9,
            "reinvestment_rate": -1010.65,
            "research_to_sale_ratio": 3.02,
            "price_fair": 4.71,
            "eps_avg_yearly": 0.18,
            "eps_latest_yearly": 0.32,
            "eps_growth_yearly": 16.15
        },
        "20134": {
            "year_quarter": 20134,
            "year": 2013,
            "quarter": 4,
            "eps": 0.17,
            "eps_growth_year": null,
            "eps_4q": 0.23,
            "eps_4q_growth_year": null,
            "roe": 1.7,
            "roe_4q": 2.51,
            "gross_profit": 128008,
            "gross_margin": 21.92,
            "gross_margin_4q_avg": 19.13,
            "net_income": 26587,
            "net_income_4q": null,
            "revenue": 584056,
            "revenue_4q": null,
            "common_shares": 1552312,
            "book_valuer_per_share": 9.35,
            "book_valuer_per_share_4q_avg": 9.2,
            "equity": 1581626,
            "current_ratio": 170.82,
            "debt_ratio": 43.77,
            "inventory_turnover_ratio": 1.42,
            "account_receivable_turnover_ratio": 1.04,
            "reinvestment_rate": -1401.46,
            "research_to_sale_ratio": 2.55,
            "price_fair": 4.71,
            "eps_avg_yearly": 0.18,
            "eps_latest_yearly": 0.32,
            "eps_growth_yearly": 16.15
        },
        "20141": {
            "year_quarter": 20141,
            "year": 2014,
            "quarter": 1,
            "eps": -0.04,
            "eps_growth_year": -136.36,
            "eps_4q": 0.07,
            "eps_4q_growth_year": -48.94,
            "roe": -0.27,
            "roe_4q": 0.9599999999999999,
            "gross_profit": 82232,
            "gross_margin": 18.28,
            "gross_margin_4q_avg": 19.41,
            "net_income": -4213,
            "net_income_4q": null,
            "revenue": 449838,
            "revenue_4q": null,
            "common_shares": 1552312,
            "book_valuer_per_share": 9.33,
            "book_valuer_per_share_4q_avg": 9.25,
            "equity": 1580941,
            "current_ratio": 197.04,
            "debt_ratio": 42.76,
            "inventory_turnover_ratio": 0.99,
            "account_receivable_turnover_ratio": 0.85,
            "reinvestment_rate": -16852.71,
            "research_to_sale_ratio": 3.43,
            "price_fair": 5.6,
            "eps_avg_yearly": 0.16,
            "eps_latest_yearly": 0.32,
            "eps_growth_yearly": 93.33
        },
        "20142": {
            "year_quarter": 20142,
            "year": 2014,
            "quarter": 2,
            "eps": 0.11,
            "eps_growth_year": null,
            "eps_4q": 0.19,
            "eps_4q_growth_year": null,
            "roe": 1.17,
            "roe_4q": 2.2199999999999998,
            "gross_profit": 105066,
            "gross_margin": 17.92,
            "gross_margin_4q_avg": 19.25,
            "net_income": 18730,
            "net_income_4q": null,
            "revenue": 586214,
            "revenue_4q": null,
            "common_shares": 1552312,
            "book_valuer_per_share": 9.33,
            "book_valuer_per_share_4q_avg": 9.28,
            "equity": 1622691,
            "current_ratio": 188.34,
            "debt_ratio": 44.24,
            "inventory_turnover_ratio": 1.25,
            "account_receivable_turnover_ratio": 1.03,
            "reinvestment_rate": -1836.05,
            "research_to_sale_ratio": 2.67,
            "price_fair": 7.7,
            "eps_avg_yearly": 0.22,
            "eps_latest_yearly": 0.32,
            "eps_growth_yearly": 306.67
        },
        "20143": {
            "year_quarter": 20143,
            "year": 2014,
            "quarter": 3,
            "eps": 0.13,
            "eps_growth_year": null,
            "eps_4q": 0.39,
            "eps_4q_growth_year": null,
            "roe": 1.2,
            "roe_4q": 3.8,
            "gross_profit": 108863,
            "gross_margin": 17.38,
            "gross_margin_4q_avg": 18.88,
            "net_income": 19707,
            "net_income_4q": null,
            "revenue": 626257,
            "revenue_4q": null,
            "common_shares": 1440918,
            "book_valuer_per_share": 10.33,
            "book_valuer_per_share_4q_avg": 9.59,
            "equity": 1663349,
            "current_ratio": 182.36,
            "debt_ratio": 45.34,
            "inventory_turnover_ratio": 1.38,
            "account_receivable_turnover_ratio": 0.88,
            "reinvestment_rate": -1001.98,
            "research_to_sale_ratio": 2.42,
            "price_fair": 1.26,
            "eps_avg_yearly": 0.42,
            "eps_latest_yearly": 0.52,
            "eps_growth_yearly": -56.97
        },
        "20144": {
            "year_quarter": 20144,
            "year": 2014,
            "quarter": 4,
            "eps": 0.37,
            "eps_growth_year": 122.75,
            "eps_4q": 0.58,
            "eps_4q_growth_year": 154.69,
            "roe": 3.19,
            "roe_4q": 5.289999999999999,
            "gross_profit": 146693,
            "gross_margin": 19.23,
            "gross_margin_4q_avg": 18.2,
            "net_income": 54452,
            "net_income_4q": null,
            "revenue": 763011,
            "revenue_4q": null,
            "common_shares": 1440918,
            "book_valuer_per_share": 10.93,
            "book_valuer_per_share_4q_avg": 9.98,
            "equity": 1750967,
            "current_ratio": 174.9,
            "debt_ratio": 46.77,
            "inventory_turnover_ratio": 1.48,
            "account_receivable_turnover_ratio": 0.96,
            "reinvestment_rate": -241.63,
            "research_to_sale_ratio": 2.19,
            "price_fair": 27.07,
            "eps_avg_yearly": 0.77,
            "eps_latest_yearly": 1.48,
            "eps_growth_yearly": 208.17
        },
        "20151": {
            "year_quarter": 20151,
            "year": 2015,
            "quarter": 1,
            "eps": 0.19,
            "eps_growth_year": null,
            "eps_4q": 0.81,
            "eps_4q_growth_year": 991.34,
            "roe": 1.64,
            "roe_4q": 7.2,
            "gross_profit": 119858,
            "gross_margin": 16.84,
            "gross_margin_4q_avg": 17.84,
            "net_income": 28885,
            "net_income_4q": null,
            "revenue": 711677,
            "revenue_4q": null,
            "common_shares": 1440918,
            "book_valuer_per_share": 11.05,
            "book_valuer_per_share_4q_avg": 10.41,
            "equity": 1769809,
            "current_ratio": 180.26,
            "debt_ratio": 44.57,
            "inventory_turnover_ratio": 1.31,
            "account_receivable_turnover_ratio": 0.9,
            "reinvestment_rate": -204.63,
            "research_to_sale_ratio": 2.22,
            "price_fair": 26.95,
            "eps_avg_yearly": 0.77,
            "eps_latest_yearly": 0.76,
            "eps_growth_yearly": 107.48
        },
        "20152": {
            "year_quarter": 20152,
            "year": 2015,
            "quarter": 2,
            "eps": 0.07,
            "eps_growth_year": -36.36,
            "eps_4q": 0.76,
            "eps_4q_growth_year": 292.58,
            "roe": 0.65,
            "roe_4q": 6.680000000000001,
            "gross_profit": 82187,
            "gross_margin": 13.49,
            "gross_margin_4q_avg": 16.74,
            "net_income": 11362,
            "net_income_4q": null,
            "revenue": 609379,
            "revenue_4q": null,
            "common_shares": 1440918,
            "book_valuer_per_share": 10.83,
            "book_valuer_per_share_4q_avg": 10.79,
            "equity": 1736598,
            "current_ratio": 197.49,
            "debt_ratio": 41.05,
            "inventory_turnover_ratio": 1.25,
            "account_receivable_turnover_ratio": 0.9,
            "reinvestment_rate": -137.48,
            "research_to_sale_ratio": 2.6,
            "price_fair": 23.52,
            "eps_avg_yearly": 0.67,
            "eps_latest_yearly": 0.28,
            "eps_growth_yearly": 35.46
        },
        "20153": {
            "year_quarter": 20153,
            "year": 2015,
            "quarter": 3,
            "eps": 0.01,
            "eps_growth_year": -92.31,
            "eps_4q": 0.65,
            "eps_4q_growth_year": 67.04,
            "roe": 0.2,
            "roe_4q": 5.68,
            "gross_profit": 71366,
            "gross_margin": 13.07,
            "gross_margin_4q_avg": 15.66,
            "net_income": 3593,
            "net_income_4q": null,
            "revenue": 545968,
            "revenue_4q": null,
            "common_shares": 1440918,
            "book_valuer_per_share": 11.16,
            "book_valuer_per_share_4q_avg": 10.99,
            "equity": 1809192,
            "current_ratio": 202.75,
            "debt_ratio": 40.23,
            "inventory_turnover_ratio": 1.18,
            "account_receivable_turnover_ratio": 0.93,
            "reinvestment_rate": -184.35,
            "research_to_sale_ratio": 2.88,
            "price_fair": 1.7,
            "eps_avg_yearly": 0.57,
            "eps_latest_yearly": 0.04,
            "eps_growth_yearly": -27.59
        },
        "20154": {
            "year_quarter": 20154,
            "year": 2015,
            "quarter": 4,
            "eps": 0.02,
            "eps_growth_year": -95.87,
            "eps_4q": 0.29,
            "eps_4q_growth_year": -49.17,
            "roe": 0.18,
            "roe_4q": 2.67,
            "gross_profit": 87572,
            "gross_margin": 14.86,
            "gross_margin_4q_avg": 14.57,
            "net_income": 3150,
            "net_income_4q": null,
            "revenue": 589241,
            "revenue_4q": null,
            "common_shares": 1440918,
            "book_valuer_per_share": 11.01,
            "book_valuer_per_share_4q_avg": 11.01,
            "equity": 1787632,
            "current_ratio": 199.55,
            "debt_ratio": 41.27,
            "inventory_turnover_ratio": 1.32,
            "account_receivable_turnover_ratio": 1,
            "reinvestment_rate": -122.83,
            "research_to_sale_ratio": 2.48,
            "price_fair": 17.4,
            "eps_avg_yearly": 0.5,
            "eps_latest_yearly": 0.08,
            "eps_growth_yearly": 33.49
        },
        "20161": {
            "year_quarter": 20161,
            "year": 2016,
            "quarter": 1,
            "eps": 0.11,
            "eps_growth_year": -42.11,
            "eps_4q": 0.21,
            "eps_4q_growth_year": -73.96,
            "roe": 0.96,
            "roe_4q": 1.9899999999999998,
            "gross_profit": 112638,
            "gross_margin": 19.46,
            "gross_margin_4q_avg": 15.22,
            "net_income": 17191,
            "net_income_4q": null,
            "revenue": 578954,
            "revenue_4q": null,
            "common_shares": 1440918,
            "book_valuer_per_share": 11.05,
            "book_valuer_per_share_4q_avg": 11.01,
            "equity": 1795175,
            "current_ratio": 209.74,
            "debt_ratio": 39.69,
            "inventory_turnover_ratio": 1.36,
            "account_receivable_turnover_ratio": 0.99,
            "reinvestment_rate": -88.93,
            "research_to_sale_ratio": 2.71,
            "price_fair": 17.15,
            "eps_avg_yearly": 0.49,
            "eps_latest_yearly": 0.44,
            "eps_growth_yearly": 254.3
        },
        "20162": {
            "year_quarter": 20162,
            "year": 2016,
            "quarter": 2,
            "eps": 0.01,
            "eps_growth_year": -85.71,
            "eps_4q": 0.15,
            "eps_4q_growth_year": -80.21,
            "roe": 0.11,
            "roe_4q": 1.45,
            "gross_profit": 84460,
            "gross_margin": 17.29,
            "gross_margin_4q_avg": 16.17,
            "net_income": 1895,
            "net_income_4q": null,
            "revenue": 488435,
            "revenue_4q": null,
            "common_shares": 1440918,
            "book_valuer_per_share": 10.69,
            "book_valuer_per_share_4q_avg": 10.98,
            "equity": 1540524,
            "current_ratio": 294.94,
            "debt_ratio": 28,
            "inventory_turnover_ratio": 1.29,
            "account_receivable_turnover_ratio": 0.92,
            "reinvestment_rate": -150.95,
            "research_to_sale_ratio": 2.95,
            "price_fair": 15.4,
            "eps_avg_yearly": 0.44,
            "eps_latest_yearly": 0.04,
            "eps_growth_yearly": 185.64
        },
        "20163": {
            "year_quarter": 20163,
            "year": 2016,
            "quarter": 3,
            "eps": 0.13,
            "eps_growth_year": 1200,
            "eps_4q": 0.27,
            "eps_4q_growth_year": -58.77,
            "roe": 1.21,
            "roe_4q": 2.4600000000000004,
            "gross_profit": 101923,
            "gross_margin": 19.76,
            "gross_margin_4q_avg": 17.84,
            "net_income": 18588,
            "net_income_4q": null,
            "revenue": 515929,
            "revenue_4q": null,
            "common_shares": 1440918,
            "book_valuer_per_share": 10.61,
            "book_valuer_per_share_4q_avg": 10.84,
            "equity": 1529055,
            "current_ratio": 279.56,
            "debt_ratio": 29.33,
            "inventory_turnover_ratio": 1.58,
            "account_receivable_turnover_ratio": 0.98,
            "reinvestment_rate": -137.27,
            "research_to_sale_ratio": 2.59,
            "price_fair": 16.18,
            "eps_avg_yearly": 0.46,
            "eps_latest_yearly": 0.52,
            "eps_growth_yearly": 739.72
        },
        "20164": {
            "year_quarter": 20164,
            "year": 2016,
            "quarter": 4,
            "eps": 0.45,
            "eps_growth_year": 2838.76,
            "eps_4q": 0.7,
            "eps_4q_growth_year": 138.11,
            "roe": 4.13,
            "roe_4q": 6.41,
            "gross_profit": 112424,
            "gross_margin": 25.82,
            "gross_margin_4q_avg": 20.58,
            "net_income": 64445,
            "net_income_4q": null,
            "revenue": 435449,
            "revenue_4q": null,
            "common_shares": 1440918,
            "book_valuer_per_share": 11.04,
            "book_valuer_per_share_4q_avg": 10.85,
            "equity": 1590327,
            "current_ratio": 292.79,
            "debt_ratio": 27.84,
            "inventory_turnover_ratio": 1.46,
            "account_receivable_turnover_ratio": 0.82,
            "reinvestment_rate": -74.91,
            "research_to_sale_ratio": 2.85,
            "price_fair": 20.86,
            "eps_avg_yearly": 0.6,
            "eps_latest_yearly": 1.8,
            "eps_growth_yearly": 764.21
        },
        "20171": {
            "year_quarter": 20171,
            "year": 2017,
            "quarter": 1,
            "eps": 0.13,
            "eps_growth_year": 18.18,
            "eps_4q": 0.72,
            "eps_4q_growth_year": 239.22,
            "roe": 1.2,
            "roe_4q": 6.65,
            "gross_profit": 105480,
            "gross_margin": 27.58,
            "gross_margin_4q_avg": 22.61,
            "net_income": 18934,
            "net_income_4q": null,
            "revenue": 382436,
            "revenue_4q": null,
            "common_shares": 1440918,
            "book_valuer_per_share": 10.82,
            "book_valuer_per_share_4q_avg": 10.79,
            "equity": 1558598,
            "current_ratio": 303.97,
            "debt_ratio": 26.66,
            "inventory_turnover_ratio": 1.34,
            "account_receivable_turnover_ratio": 0.8,
            "reinvestment_rate": -79.45,
            "research_to_sale_ratio": 3.41,
            "price_fair": 20.62,
            "eps_avg_yearly": 0.59,
            "eps_latest_yearly": 0.52,
            "eps_growth_yearly": 668.88
        },
        "20172": {
            "year_quarter": 20172,
            "year": 2017,
            "quarter": 2,
            "eps": 0.12,
            "eps_growth_year": 1100,
            "eps_4q": 0.83,
            "eps_4q_growth_year": 446.28,
            "roe": 1.08,
            "roe_4q": 7.62,
            "gross_profit": 98483,
            "gross_margin": 26.7,
            "gross_margin_4q_avg": 24.97,
            "net_income": 16935,
            "net_income_4q": null,
            "revenue": 368867,
            "revenue_4q": null,
            "common_shares": 1440918,
            "book_valuer_per_share": 11.04,
            "book_valuer_per_share_4q_avg": 10.88,
            "equity": 1590442,
            "current_ratio": 278.38,
            "debt_ratio": 27.85,
            "inventory_turnover_ratio": 1.21,
            "account_receivable_turnover_ratio": 0.82,
            "reinvestment_rate": -34.29,
            "research_to_sale_ratio": 3.01,
            "price_fair": 20.3,
            "eps_avg_yearly": 0.58,
            "eps_latest_yearly": 0.48,
            "eps_growth_yearly": 610.57
        },
        "20173": {
            "year_quarter": 20173,
            "year": 2017,
            "quarter": 3,
            "eps": 0.31,
            "eps_growth_year": 138.46,
            "eps_4q": 1,
            "eps_4q_growth_year": 275.85,
            "roe": 2.72,
            "roe_4q": 9.129999999999999,
            "gross_profit": 115054,
            "gross_margin": 23.63,
            "gross_margin_4q_avg": 25.93,
            "net_income": 44039,
            "net_income_4q": null,
            "revenue": 486803,
            "revenue_4q": null,
            "common_shares": 1440918,
            "book_valuer_per_share": 11.41,
            "book_valuer_per_share_4q_avg": 11.08,
            "equity": 1644303,
            "current_ratio": 246.87,
            "debt_ratio": 29.31,
            "inventory_turnover_ratio": 1.39,
            "account_receivable_turnover_ratio": 0.94,
            "reinvestment_rate": 28.35,
            "research_to_sale_ratio": 2.49,
            "price_fair": 22.08,
            "eps_avg_yearly": 0.63,
            "eps_latest_yearly": 1.24,
            "eps_growth_yearly": 612.32
        },
        "20174": {
            "year_quarter": 20174,
            "year": 2017,
            "quarter": 4,
            "eps": 0.13,
            "eps_growth_year": -70.82,
            "eps_4q": 0.69,
            "eps_4q_growth_year": -1.93,
            "roe": 1.14,
            "roe_4q": 6.140000000000001,
            "gross_profit": 89106,
            "gross_margin": 17.04,
            "gross_margin_4q_avg": 23.74,
            "net_income": 18806,
            "net_income_4q": null,
            "revenue": 522805,
            "revenue_4q": null,
            "common_shares": 1440918,
            "book_valuer_per_share": 11.49,
            "book_valuer_per_share_4q_avg": 11.19,
            "equity": 1655221,
            "current_ratio": 206.41,
            "debt_ratio": 33.73,
            "inventory_turnover_ratio": 1.4,
            "account_receivable_turnover_ratio": 0.87,
            "reinvestment_rate": 65.32,
            "research_to_sale_ratio": 2.43,
            "price_fair": 21.8,
            "eps_avg_yearly": 0.62,
            "eps_latest_yearly": 0.52,
            "eps_growth_yearly": 552
        },
        "20181": {
            "year_quarter": 20181,
            "year": 2018,
            "quarter": 1,
            "eps": -0.06,
            "eps_growth_year": -146.15,
            "eps_4q": 0.49,
            "eps_4q_growth_year": -31.75,
            "roe": -0.56,
            "roe_4q": 4.38,
            "gross_profit": 59464,
            "gross_margin": 11.17,
            "gross_margin_4q_avg": 19.64,
            "net_income": -9216,
            "net_income_4q": null,
            "revenue": 532355,
            "revenue_4q": null,
            "common_shares": 1440918,
            "book_valuer_per_share": 11.52,
            "book_valuer_per_share_4q_avg": 11.37,
            "equity": 1660160,
            "current_ratio": 177.68,
            "debt_ratio": 37.27,
            "inventory_turnover_ratio": 1.3,
            "account_receivable_turnover_ratio": 0.81,
            "reinvestment_rate": 112.44,
            "research_to_sale_ratio": 2.44,
            "price_fair": 21.8,
            "eps_avg_yearly": 0.62,
            "eps_latest_yearly": 0.52,
            "eps_growth_yearly": 552
        },
        "20182": {
            "year_quarter": 20182,
            "year": 2018,
            "quarter": 2,
            "eps": 0.17,
            "eps_growth_year": 41.67,
            "eps_4q": 0.54,
            "eps_4q_growth_year": -34.26,
            "roe": 1.47,
            "roe_4q": 4.77,
            "gross_profit": 117745,
            "gross_margin": 17.1,
            "gross_margin_4q_avg": 17.24,
            "net_income": 24542,
            "net_income_4q": null,
            "revenue": 688735,
            "revenue_4q": null,
            "common_shares": 1440918,
            "book_valuer_per_share": 11.7,
            "book_valuer_per_share_4q_avg": 11.53,
            "equity": 1686023,
            "current_ratio": 144.96,
            "debt_ratio": 49.04,
            "inventory_turnover_ratio": 0.91,
            "account_receivable_turnover_ratio": 0.84,
            "reinvestment_rate": 138.16,
            "research_to_sale_ratio": 2.17,
            "price_fair": 21.8,
            "eps_avg_yearly": 0.62,
            "eps_latest_yearly": 0.52,
            "eps_growth_yearly": 552
        },
        "20183": {
            "year_quarter": 20183,
            "year": 2018,
            "quarter": 3,
            "eps": 0.01,
            "eps_growth_year": -96.77,
            "eps_4q": 0.21,
            "eps_4q_growth_year": -78.69,
            "roe": 0.05,
            "roe_4q": 2.0999999999999996,
            "gross_profit": 112693,
            "gross_margin": 9.5,
            "gross_margin_4q_avg": 13.7,
            "net_income": 907,
            "net_income_4q": null,
            "revenue": 1186795,
            "revenue_4q": null,
            "common_shares": 1640918,
            "book_valuer_per_share": 12.62,
            "book_valuer_per_share_4q_avg": 11.83,
            "equity": 2071552,
            "current_ratio": 145.89,
            "debt_ratio": 52.34,
            "inventory_turnover_ratio": 1.13,
            "account_receivable_turnover_ratio": 1.01,
            "reinvestment_rate": 167.78,
            "research_to_sale_ratio": 1.58,
            "price_fair": 20.6,
            "eps_avg_yearly": 0.59,
            "eps_latest_yearly": 0.04,
            "eps_growth_yearly": 519.91
        },
        "20184": {
            "year_quarter": 20184,
            "year": 2018,
            "quarter": 4,
            "eps": 0.28,
            "eps_growth_year": 113.85,
            "eps_4q": 0.38,
            "eps_4q_growth_year": -44.82,
            "roe": 2,
            "roe_4q": 2.9599999999999995,
            "gross_profit": 113241,
            "gross_margin": 7.98,
            "gross_margin_4q_avg": 11.44,
            "net_income": 45798,
            "net_income_4q": null,
            "revenue": 1418746,
            "revenue_4q": null,
            "common_shares": 1640918,
            "book_valuer_per_share": 13.53,
            "book_valuer_per_share_4q_avg": 12.34,
            "equity": 2507056,
            "current_ratio": 135.9,
            "debt_ratio": 55.58,
            "inventory_turnover_ratio": 1.2,
            "account_receivable_turnover_ratio": 0.91,
            "reinvestment_rate": 288.1,
            "research_to_sale_ratio": 1.55,
            "price_fair": 19.7,
            "eps_avg_yearly": 0.56,
            "eps_latest_yearly": 1.12,
            "eps_growth_yearly": 1238.59
        },
        "20191": {
            "year_quarter": 20191,
            "year": 2019,
            "quarter": 1,
            "eps": 0.19,
            "eps_growth_year": null,
            "eps_4q": 0.63,
            "eps_4q_growth_year": 27.63,
            "roe": 1.22,
            "roe_4q": 4.739999999999999,
            "gross_profit": 100680,
            "gross_margin": 9.03,
            "gross_margin_4q_avg": 10.9,
            "net_income": 30997,
            "net_income_4q": null,
            "revenue": 1114763,
            "revenue_4q": null,
            "common_shares": 1640918,
            "book_valuer_per_share": 13.9,
            "book_valuer_per_share_4q_avg": 12.94,
            "equity": 2574051,
            "current_ratio": 144.61,
            "debt_ratio": 50.54,
            "inventory_turnover_ratio": 0.95,
            "account_receivable_turnover_ratio": 0.65,
            "reinvestment_rate": 299.59,
            "research_to_sale_ratio": 1.8,
            "price_fair": 19.7,
            "eps_avg_yearly": 0.56,
            "eps_latest_yearly": 0.76,
            "eps_growth_yearly": 1243.31
        },
        "20192": {
            "year_quarter": 20192,
            "year": 2019,
            "quarter": 2,
            "eps": 0.14,
            "eps_growth_year": -17.65,
            "eps_4q": 0.62,
            "eps_4q_growth_year": 13.45,
            "roe": 0.92,
            "roe_4q": 4.19,
            "gross_profit": 89410,
            "gross_margin": 7.82,
            "gross_margin_4q_avg": 8.58,
            "net_income": 23424,
            "net_income_4q": null,
            "revenue": 1142759,
            "revenue_4q": null,
            "common_shares": 1640918,
            "book_valuer_per_share": 13.69,
            "book_valuer_per_share_4q_avg": 13.44,
            "equity": 2536546,
            "current_ratio": 148.63,
            "debt_ratio": 47.35,
            "inventory_turnover_ratio": 1.15,
            "account_receivable_turnover_ratio": 0.74,
            "reinvestment_rate": 288.6,
            "research_to_sale_ratio": 1.34,
            "price_fair": 20.4,
            "eps_avg_yearly": 0.58,
            "eps_latest_yearly": 0.56,
            "eps_growth_yearly": 1253.83
        },
        "20193": {
            "year_quarter": 20193,
            "year": 2019,
            "quarter": 3,
            "eps": 0.24,
            "eps_growth_year": 2300,
            "eps_4q": 0.85,
            "eps_4q_growth_year": 296.05,
            "roe": 1.81,
            "roe_4q": 5.95,
            "gross_profit": 129679,
            "gross_margin": 9.74,
            "gross_margin_4q_avg": 8.64,
            "net_income": 45829,
            "net_income_4q": null,
            "revenue": 1331325,
            "revenue_4q": null,
            "common_shares": 1640918,
            "book_valuer_per_share": 13.65,
            "book_valuer_per_share_4q_avg": 13.69,
            "equity": 2526165,
            "current_ratio": 148.77,
            "debt_ratio": 48.66,
            "inventory_turnover_ratio": 1.52,
            "account_receivable_turnover_ratio": 0.92,
            "reinvestment_rate": 236.91,
            "research_to_sale_ratio": 1.78,
            "price_fair": 22.7,
            "eps_avg_yearly": 0.65,
            "eps_latest_yearly": 0.96,
            "eps_growth_yearly": 1298.73
        },
        "20194": {
            "year_quarter": 20194,
            "year": 2019,
            "quarter": 4,
            "eps": 0.35,
            "eps_growth_year": 26.59,
            "eps_4q": 0.92,
            "eps_4q_growth_year": 143.34,
            "roe": 2.98,
            "roe_4q": 6.93,
            "gross_profit": 181100,
            "gross_margin": 12.74,
            "gross_margin_4q_avg": 9.83,
            "net_income": 76047,
            "net_income_4q": null,
            "revenue": 1422070,
            "revenue_4q": null,
            "common_shares": 1640918,
            "book_valuer_per_share": 13.85,
            "book_valuer_per_share_4q_avg": 13.77,
            "equity": 2573946,
            "current_ratio": 147.64,
            "debt_ratio": 50.43,
            "inventory_turnover_ratio": 1.63,
            "account_receivable_turnover_ratio": 0.86,
            "reinvestment_rate": 188.69,
            "research_to_sale_ratio": 1.21,
            "price_fair": 26,
            "eps_avg_yearly": 0.74,
            "eps_latest_yearly": 1.4,
            "eps_growth_yearly": 1283.26
        },
        "20201": {
            "year_quarter": 20201,
            "year": 2020,
            "quarter": 1,
            "eps": 0.36,
            "eps_growth_year": 89.47,
            "eps_4q": 1.09,
            "eps_4q_growth_year": 74.65,
            "roe": 2.55,
            "roe_4q": 8.26,
            "gross_profit": 132824,
            "gross_margin": 12.58,
            "gross_margin_4q_avg": 10.72,
            "net_income": 66336,
            "net_income_4q": null,
            "revenue": 1055522,
            "revenue_4q": null,
            "common_shares": 1640918,
            "book_valuer_per_share": 14.14,
            "book_valuer_per_share_4q_avg": 13.83,
            "equity": 2624834,
            "current_ratio": 158.23,
            "debt_ratio": 45.51,
            "inventory_turnover_ratio": 1.25,
            "account_receivable_turnover_ratio": 0.68,
            "reinvestment_rate": 166.12,
            "research_to_sale_ratio": 1.56,
            "price_fair": 28.5,
            "eps_avg_yearly": 0.81,
            "eps_latest_yearly": 1.44,
            "eps_growth_yearly": 1155.5
        },
        "20202": {
            "year_quarter": 20202,
            "year": 2020,
            "quarter": 2,
            "eps": 0.39,
            "eps_growth_year": 178.57,
            "eps_4q": 1.34,
            "eps_4q_growth_year": 118.2,
            "roe": 2.91,
            "roe_4q": 10.25,
            "gross_profit": 187103,
            "gross_margin": 12.57,
            "gross_margin_4q_avg": 11.91,
            "net_income": 74700,
            "net_income_4q": null,
            "revenue": 1488259,
            "revenue_4q": null,
            "common_shares": 1640918,
            "book_valuer_per_share": 13.38,
            "book_valuer_per_share_4q_avg": 13.76,
            "equity": 2506085,
            "current_ratio": 149.89,
            "debt_ratio": 48.43,
            "inventory_turnover_ratio": 1.85,
            "account_receivable_turnover_ratio": 0.99,
            "reinvestment_rate": 161.47,
            "research_to_sale_ratio": 2.27,
            "price_fair": 32.3,
            "eps_avg_yearly": 0.92,
            "eps_latest_yearly": 1.56,
            "eps_growth_yearly": 1183.86
        },
        "20203": {
            "year_quarter": 20203,
            "year": 2020,
            "quarter": 3,
            "eps": 0.3,
            "eps_growth_year": 25,
            "eps_4q": 1.41,
            "eps_4q_growth_year": 66.99,
            "roe": 2.48,
            "roe_4q": 10.92,
            "gross_profit": 200363,
            "gross_margin": 10.8,
            "gross_margin_4q_avg": 12.17,
            "net_income": 63185,
            "net_income_4q": null,
            "revenue": 1855344,
            "revenue_4q": null,
            "common_shares": 1640918,
            "book_valuer_per_share": 13.82,
            "book_valuer_per_share_4q_avg": 13.8,
            "equity": 2597604,
            "current_ratio": 140.68,
            "debt_ratio": 52.65,
            "inventory_turnover_ratio": 2.31,
            "account_receivable_turnover_ratio": 1.03,
            "reinvestment_rate": 183.77,
            "research_to_sale_ratio": 2.06,
            "price_fair": 34,
            "eps_avg_yearly": 0.97,
            "eps_latest_yearly": 1.2,
            "eps_growth_yearly": 834.41
        },
        "20204": {
            "year_quarter": 20204,
            "year": 2020,
            "quarter": 4,
            "eps": 0.09,
            "eps_growth_year": -75.49,
            "eps_4q": 1.15,
            "eps_4q_growth_year": 24.52,
            "roe": 0.43,
            "roe_4q": 8.370000000000001,
            "gross_profit": 168009,
            "gross_margin": 9.78,
            "gross_margin_4q_avg": 11.43,
            "net_income": 11206,
            "net_income_4q": null,
            "revenue": 1717327,
            "revenue_4q": null,
            "common_shares": 1640918,
            "book_valuer_per_share": 14.09,
            "book_valuer_per_share_4q_avg": 13.86,
            "equity": 2646064,
            "current_ratio": 139.53,
            "debt_ratio": 54.18,
            "inventory_turnover_ratio": 2.06,
            "account_receivable_turnover_ratio": 0.97,
            "reinvestment_rate": 190.85,
            "research_to_sale_ratio": 2.36,
            "price_fair": 30.4,
            "eps_avg_yearly": 0.87,
            "eps_latest_yearly": 0.36,
            "eps_growth_yearly": 744.08
        },
        "20211": {
            "year_quarter": 20211,
            "year": 2021,
            "quarter": 1,
            "eps": 0.23,
            "eps_growth_year": -36.11,
            "eps_4q": 1.02,
            "eps_4q_growth_year": -6.81,
            "roe": 1.56,
            "roe_4q": 7.38,
            "gross_profit": 140075,
            "gross_margin": 8.98,
            "gross_margin_4q_avg": 10.53,
            "net_income": 41431,
            "net_income_4q": null,
            "revenue": 1560098,
            "revenue_4q": null,
            "common_shares": 1640918,
            "book_valuer_per_share": 14.25,
            "book_valuer_per_share_4q_avg": 13.89,
            "equity": 2673779,
            "current_ratio": 144.43,
            "debt_ratio": 52.75,
            "inventory_turnover_ratio": 1.79,
            "account_receivable_turnover_ratio": 0.89,
            "reinvestment_rate": 175.55,
            "research_to_sale_ratio": 2.5,
            "price_fair": 31.4,
            "eps_avg_yearly": 0.9,
            "eps_latest_yearly": 0.92,
            "eps_growth_yearly": 808.84
        },
        "20212": {
            "year_quarter": 20212,
            "year": 2021,
            "quarter": 2,
            "eps": 0.29,
            "eps_growth_year": -25.64,
            "eps_4q": 0.91,
            "eps_4q_growth_year": -32.18,
            "roe": 2.03,
            "roe_4q": 6.5,
            "gross_profit": 184794,
            "gross_margin": 12.63,
            "gross_margin_4q_avg": 10.55,
            "net_income": 52674,
            "net_income_4q": null,
            "revenue": 1463284,
            "revenue_4q": null,
            "common_shares": 1640918,
            "book_valuer_per_share": 13.31,
            "book_valuer_per_share_4q_avg": 13.87,
            "equity": 2522430,
            "current_ratio": 145.67,
            "debt_ratio": 52.96,
            "inventory_turnover_ratio": 1.46,
            "account_receivable_turnover_ratio": 0.83,
            "reinvestment_rate": 127.01,
            "research_to_sale_ratio": 2.81,
            "price_fair": 33.1,
            "eps_avg_yearly": 0.95,
            "eps_latest_yearly": 1.16,
            "eps_growth_yearly": 818.49
        },
        "20213": {
            "year_quarter": 20213,
            "year": 2021,
            "quarter": 3,
            "eps": 0.46,
            "eps_growth_year": 53.33,
            "eps_4q": 1.06,
            "eps_4q_growth_year": -24.61,
            "roe": 3.45,
            "roe_4q": 7.470000000000001,
            "gross_profit": 195625,
            "gross_margin": 15.61,
            "gross_margin_4q_avg": 11.75,
            "net_income": 88448,
            "net_income_4q": null,
            "revenue": 1252910,
            "revenue_4q": null,
            "common_shares": 1640918,
            "book_valuer_per_share": 13.76,
            "book_valuer_per_share_4q_avg": 13.85,
            "equity": 2608706,
            "current_ratio": 163.41,
            "debt_ratio": 44.68,
            "inventory_turnover_ratio": 1.16,
            "account_receivable_turnover_ratio": 0.83,
            "reinvestment_rate": 103.78,
            "research_to_sale_ratio": 2.99,
            "price_fair": 34.6,
            "eps_avg_yearly": 0.99,
            "eps_latest_yearly": 1.84,
            "eps_growth_yearly": 790
        },
        "20214": {
            "year_quarter": 20214,
            "year": 2021,
            "quarter": 4,
            "eps": 0.29,
            "eps_growth_year": 233.11,
            "eps_4q": 1.38,
            "eps_4q_growth_year": 20.05,
            "roe": 1.99,
            "roe_4q": 9.030000000000001,
            "gross_profit": 200799,
            "gross_margin": 16.47,
            "gross_margin_4q_avg": 13.42,
            "net_income": 51034,
            "net_income_4q": null,
            "revenue": 1219416,
            "revenue_4q": null,
            "common_shares": 1476826,
            "book_valuer_per_share": 14.55,
            "book_valuer_per_share_4q_avg": 13.97,
            "equity": 2511124,
            "current_ratio": 170,
            "debt_ratio": 42.8,
            "inventory_turnover_ratio": 1.1,
            "account_receivable_turnover_ratio": 0.9,
            "reinvestment_rate": 68.51,
            "research_to_sale_ratio": 3.06,
            "price_fair": 36.2,
            "eps_avg_yearly": 1.03,
            "eps_latest_yearly": 1.16,
            "eps_growth_yearly": 796.03
        },
        "20221": {
            "year_quarter": 20221,
            "year": 2022,
            "quarter": 1,
            "eps": 0.42,
            "eps_growth_year": 82.61,
            "eps_4q": 1.53,
            "eps_4q_growth_year": 50.74,
            "roe": 2.67,
            "roe_4q": 10.139999999999999,
            "gross_profit": 136452,
            "gross_margin": 12.61,
            "gross_margin_4q_avg": 14.33,
            "net_income": 68982,
            "net_income_4q": null,
            "revenue": 1082436,
            "revenue_4q": null,
            "common_shares": 1476826,
            "book_valuer_per_share": 15.37,
            "book_valuer_per_share_4q_avg": 14.25,
            "equity": 2653371,
            "current_ratio": 188.38,
            "debt_ratio": 39.38,
            "inventory_turnover_ratio": 0.96,
            "account_receivable_turnover_ratio": 0.84,
            "reinvestment_rate": 32.94,
            "research_to_sale_ratio": 1.42,
            "price_fair": 37.71,
            "eps_avg_yearly": 1.08,
            "eps_latest_yearly": 1.68,
            "eps_growth_yearly": 754.92
        },
        "20222": {
            "year_quarter": 20222,
            "year": 2022,
            "quarter": 2,
            "eps": 0.57,
            "eps_growth_year": 96.55,
            "eps_4q": 1.79,
            "eps_4q_growth_year": 96.56,
            "roe": 3.65,
            "roe_4q": 11.760000000000002,
            "gross_profit": 156977,
            "gross_margin": 13.66,
            "gross_margin_4q_avg": 14.59,
            "net_income": 94847,
            "net_income_4q": null,
            "revenue": 1149585,
            "revenue_4q": null,
            "common_shares": 1476826,
            "book_valuer_per_share": 14.64,
            "book_valuer_per_share_4q_avg": 14.58,
            "equity": 2549492,
            "current_ratio": 182.51,
            "debt_ratio": 41.99,
            "inventory_turnover_ratio": 1.08,
            "account_receivable_turnover_ratio": 0.87,
            "reinvestment_rate": 6.42,
            "research_to_sale_ratio": 1.37,
            "price_fair": 40.34,
            "eps_avg_yearly": 1.15,
            "eps_latest_yearly": 2.28,
            "eps_growth_yearly": 716.66
        },
        "20223": {
            "year_quarter": 20223,
            "year": 2022,
            "quarter": 3,
            "eps": 0.68,
            "eps_growth_year": 47.83,
            "eps_4q": 1.96,
            "eps_4q_growth_year": 84.24,
            "roe": 4.54,
            "roe_4q": 12.85,
            "gross_profit": 183777,
            "gross_margin": 16.82,
            "gross_margin_4q_avg": 14.89,
            "net_income": 118939,
            "net_income_4q": null,
            "revenue": 1092494,
            "revenue_4q": null,
            "common_shares": 1476826,
            "book_valuer_per_share": 15.43,
            "book_valuer_per_share_4q_avg": 15,
            "equity": 2688087,
            "current_ratio": 215.22,
            "debt_ratio": 35.16,
            "inventory_turnover_ratio": 1.18,
            "account_receivable_turnover_ratio": 0.77,
            "reinvestment_rate": -4.08,
            "research_to_sale_ratio": 1.39,
            "price_fair": 46.2,
            "eps_avg_yearly": 1.32,
            "eps_latest_yearly": 2.72,
            "eps_growth_yearly": 745.02
        },
        "20224": {
            "year_quarter": 20224,
            "year": 2022,
            "quarter": 4,
            "eps": 0.35,
            "eps_growth_year": 21.85,
            "eps_4q": 2.02,
            "eps_4q_growth_year": 47.22,
            "roe": 2.22,
            "roe_4q": 13.08,
            "gross_profit": 180776,
            "gross_margin": 18.83,
            "gross_margin_4q_avg": 15.48,
            "net_income": 60064,
            "net_income_4q": null,
            "revenue": 960097,
            "revenue_4q": null,
            "common_shares": 1476826,
            "book_valuer_per_share": 15.62,
            "book_valuer_per_share_4q_avg": 15.27,
            "equity": 2717839,
            "current_ratio": 226.98,
            "debt_ratio": 33.88,
            "inventory_turnover_ratio": 1.06,
            "account_receivable_turnover_ratio": 0.7,
            "reinvestment_rate": -49.42,
            "research_to_sale_ratio": 1.61,
            "price_fair": 46.81,
            "eps_avg_yearly": 1.34,
            "eps_latest_yearly": 1.4,
            "eps_growth_yearly": 57.88
        },
        "20231": {
            "year_quarter": 20231,
            "year": 2023,
            "quarter": 1,
            "eps": 0.47,
            "eps_growth_year": 11.9,
            "eps_4q": 2.08,
            "eps_4q_growth_year": 35.48,
            "roe": 3.01,
            "roe_4q": 13.42,
            "gross_profit": 177535,
            "gross_margin": 14.03,
            "gross_margin_4q_avg": 15.84,
            "net_income": 83233,
            "net_income_4q": null,
            "revenue": 1265428,
            "revenue_4q": null,
            "common_shares": 1476826,
            "book_valuer_per_share": 16.15,
            "book_valuer_per_share_4q_avg": 15.46,
            "equity": 2812057,
            "current_ratio": 236.67,
            "debt_ratio": 33.42,
            "inventory_turnover_ratio": 1.51,
            "account_receivable_turnover_ratio": 0.89,
            "reinvestment_rate": -57.99,
            "research_to_sale_ratio": 1.17,
            "price_fair": 49.26,
            "eps_avg_yearly": 1.41,
            "eps_latest_yearly": 1.88,
            "eps_growth_yearly": 74.49
        },
        "20232": {
            "year_quarter": 20232,
            "year": 2023,
            "quarter": 2,
            "eps": 0.66,
            "eps_growth_year": 15.79,
            "eps_4q": 2.16,
            "eps_4q_growth_year": 20.79,
            "roe": 4.41,
            "roe_4q": 14.18,
            "gross_profit": 187142,
            "gross_margin": 12.87,
            "gross_margin_4q_avg": 15.64,
            "net_income": 120208,
            "net_income_4q": null,
            "revenue": 1453538,
            "revenue_4q": null,
            "common_shares": 1476826,
            "book_valuer_per_share": 14.89,
            "book_valuer_per_share_4q_avg": 15.52,
            "equity": 2634215,
            "current_ratio": 190.46,
            "debt_ratio": 42.84,
            "inventory_turnover_ratio": 1.88,
            "account_receivable_turnover_ratio": 0.81,
            "reinvestment_rate": -61.06,
            "research_to_sale_ratio": 1.13,
            "price_fair": 53.81,
            "eps_avg_yearly": 1.54,
            "eps_latest_yearly": 2.64,
            "eps_growth_yearly": 91.18
        },
        "20233": {
            "year_quarter": 20233,
            "year": 2023,
            "quarter": 3,
            "eps": 0.42,
            "eps_growth_year": -38.24,
            "eps_4q": 1.9,
            "eps_4q_growth_year": -2.9,
            "roe": 2.84,
            "roe_4q": 12.48,
            "gross_profit": 158727,
            "gross_margin": 11.89,
            "gross_margin_4q_avg": 14.41,
            "net_income": 76918,
            "net_income_4q": null,
            "revenue": 1335008,
            "revenue_4q": null,
            "common_shares": 1476826,
            "book_valuer_per_share": 15.72,
            "book_valuer_per_share_4q_avg": 15.6,
            "equity": 2784237,
            "current_ratio": 197.26,
            "debt_ratio": 41.6,
            "inventory_turnover_ratio": 1.47,
            "account_receivable_turnover_ratio": 0.67,
            "reinvestment_rate": -52.66,
            "research_to_sale_ratio": 1.12,
            "price_fair": 55.39,
            "eps_avg_yearly": 1.58,
            "eps_latest_yearly": 1.68,
            "eps_growth_yearly": 64.23
        }
    },
    "months": {
        "2001-06": {
            "month": "2001-06",
            "price": "26.70",
            "revenue": 401616
        },
        "2001-07": {
            "month": "2001-07",
            "price": "17.48",
            "revenue": 230184
        },
        "2001-08": {
            "month": "2001-08",
            "price": "20.50",
            "revenue": 167032
        },
        "2001-09": {
            "month": "2001-09",
            "price": "16.15",
            "revenue": 105659
        },
        "2001-10": {
            "month": "2001-10",
            "price": "15.34",
            "revenue": 80989
        },
        "2001-11": {
            "month": "2001-11",
            "price": "16.89",
            "revenue": 70851
        },
        "2001-12": {
            "month": "2001-12",
            "price": "18.45",
            "revenue": 107546
        },
        "2002-01": {
            "month": "2002-01",
            "price": "23.60",
            "revenue": 115312
        },
        "2002-02": {
            "month": "2002-02",
            "price": "25.30",
            "revenue": 91250
        },
        "2002-03": {
            "month": "2002-03",
            "price": "23.90",
            "revenue": 99964
        },
        "2002-04": {
            "month": "2002-04",
            "price": "24.85",
            "revenue": 152953
        },
        "2002-05": {
            "month": "2002-05",
            "price": "20.25",
            "revenue": 130619
        },
        "2002-06": {
            "month": "2002-06",
            "price": "20.31",
            "revenue": 160960
        },
        "2002-07": {
            "month": "2002-07",
            "price": "17.59",
            "revenue": 231381
        },
        "2002-08": {
            "month": "2002-08",
            "price": "14.82",
            "revenue": 223495
        },
        "2002-09": {
            "month": "2002-09",
            "price": "14.97",
            "revenue": 201866
        },
        "2002-10": {
            "month": "2002-10",
            "price": "13.37",
            "revenue": 155333
        },
        "2002-11": {
            "month": "2002-11",
            "price": "13.03",
            "revenue": 179487
        },
        "2002-12": {
            "month": "2002-12",
            "price": "14.29",
            "revenue": 117629
        },
        "2003-01": {
            "month": "2003-01",
            "price": "13.93",
            "revenue": 110795
        },
        "2003-02": {
            "month": "2003-02",
            "price": "13.95",
            "revenue": 109107
        },
        "2003-03": {
            "month": "2003-03",
            "price": "14.95",
            "revenue": 76597
        },
        "2003-04": {
            "month": "2003-04",
            "price": "16.33",
            "revenue": 84378
        },
        "2003-05": {
            "month": "2003-05",
            "price": "14.01",
            "revenue": 115356
        },
        "2003-06": {
            "month": "2003-06",
            "price": "14.66",
            "revenue": 140916
        },
        "2003-07": {
            "month": "2003-07",
            "price": "16.66",
            "revenue": 242572
        },
        "2003-08": {
            "month": "2003-08",
            "price": "16.92",
            "revenue": 262605
        },
        "2003-09": {
            "month": "2003-09",
            "price": "15.57",
            "revenue": 239954
        },
        "2003-10": {
            "month": "2003-10",
            "price": "14.49",
            "revenue": 250592
        },
        "2003-11": {
            "month": "2003-11",
            "price": "14.25",
            "revenue": 173977
        },
        "2003-12": {
            "month": "2003-12",
            "price": "13.98",
            "revenue": 183673
        },
        "2004-01": {
            "month": "2004-01",
            "price": "13.83",
            "revenue": 168550
        },
        "2004-02": {
            "month": "2004-02",
            "price": "14.48",
            "revenue": 245912
        },
        "2004-03": {
            "month": "2004-03",
            "price": "17.34",
            "revenue": 245360
        },
        "2004-04": {
            "month": "2004-04",
            "price": "18.69",
            "revenue": 258883
        },
        "2004-05": {
            "month": "2004-05",
            "price": "15.90",
            "revenue": 247536
        },
        "2004-06": {
            "month": "2004-06",
            "price": "14.95",
            "revenue": 292288
        },
        "2004-07": {
            "month": "2004-07",
            "price": "14.62",
            "revenue": 180277
        },
        "2004-08": {
            "month": "2004-08",
            "price": "13.21",
            "revenue": 314588
        },
        "2004-09": {
            "month": "2004-09",
            "price": "13.96",
            "revenue": 355715
        },
        "2004-10": {
            "month": "2004-10",
            "price": "14.29",
            "revenue": 312500
        },
        "2004-11": {
            "month": "2004-11",
            "price": "14.23",
            "revenue": 378875
        },
        "2004-12": {
            "month": "2004-12",
            "price": "14.50",
            "revenue": 261363
        },
        "2005-01": {
            "month": "2005-01",
            "price": "14.23",
            "revenue": 200372
        },
        "2005-02": {
            "month": "2005-02",
            "price": "14.22",
            "revenue": 179236
        },
        "2005-03": {
            "month": "2005-03",
            "price": "14.65",
            "revenue": 237549
        },
        "2005-04": {
            "month": "2005-04",
            "price": "13.63",
            "revenue": 218937
        },
        "2005-05": {
            "month": "2005-05",
            "price": "11.62",
            "revenue": 296806
        },
        "2005-06": {
            "month": "2005-06",
            "price": "14.44",
            "revenue": 307857
        },
        "2005-07": {
            "month": "2005-07",
            "price": "14.13",
            "revenue": 353121
        },
        "2005-08": {
            "month": "2005-08",
            "price": "13.28",
            "revenue": 339827
        },
        "2005-09": {
            "month": "2005-09",
            "price": "11.85",
            "revenue": 403072
        },
        "2005-10": {
            "month": "2005-10",
            "price": "10.39",
            "revenue": 303877
        },
        "2005-11": {
            "month": "2005-11",
            "price": "9.41",
            "revenue": 391984
        },
        "2005-12": {
            "month": "2005-12",
            "price": "9.91",
            "revenue": 411882
        },
        "2006-01": {
            "month": "2006-01",
            "price": "11.79",
            "revenue": 313168
        },
        "2006-02": {
            "month": "2006-02",
            "price": "10.44",
            "revenue": 302677
        },
        "2006-03": {
            "month": "2006-03",
            "price": "9.45",
            "revenue": 371301
        },
        "2006-04": {
            "month": "2006-04",
            "price": "10.55",
            "revenue": 299248
        },
        "2006-05": {
            "month": "2006-05",
            "price": "10.18",
            "revenue": 386789
        },
        "2006-06": {
            "month": "2006-06",
            "price": "8.10",
            "revenue": 423775
        },
        "2006-07": {
            "month": "2006-07",
            "price": "7.82",
            "revenue": 322572
        },
        "2006-08": {
            "month": "2006-08",
            "price": "7.44",
            "revenue": 302909
        },
        "2006-09": {
            "month": "2006-09",
            "price": "7.59",
            "revenue": 312508
        },
        "2006-10": {
            "month": "2006-10",
            "price": "7.56",
            "revenue": 311211
        },
        "2006-11": {
            "month": "2006-11",
            "price": "8.17",
            "revenue": 306931
        },
        "2006-12": {
            "month": "2006-12",
            "price": "11.09",
            "revenue": 378144
        },
        "2007-01": {
            "month": "2007-01",
            "price": "10.56",
            "revenue": 314969
        },
        "2007-02": {
            "month": "2007-02",
            "price": "10.27",
            "revenue": 286988
        },
        "2007-03": {
            "month": "2007-03",
            "price": "12.42",
            "revenue": 341468
        },
        "2007-04": {
            "month": "2007-04",
            "price": "12.06",
            "revenue": 270969
        },
        "2007-05": {
            "month": "2007-05",
            "price": "10.66",
            "revenue": 383580
        },
        "2007-06": {
            "month": "2007-06",
            "price": "11.38",
            "revenue": 396244
        },
        "2007-07": {
            "month": "2007-07",
            "price": "14.23",
            "revenue": 332742
        },
        "2007-08": {
            "month": "2007-08",
            "price": "12.79",
            "revenue": 365177
        },
        "2007-09": {
            "month": "2007-09",
            "price": "10.74",
            "revenue": 384301
        },
        "2007-10": {
            "month": "2007-10",
            "price": "10.74",
            "revenue": 402808
        },
        "2007-11": {
            "month": "2007-11",
            "price": "8.96",
            "revenue": 364282
        },
        "2007-12": {
            "month": "2007-12",
            "price": "7.18",
            "revenue": 385606
        },
        "2008-01": {
            "month": "2008-01",
            "price": "6.06",
            "revenue": 280239
        },
        "2008-02": {
            "month": "2008-02",
            "price": "5.47",
            "revenue": 222261
        },
        "2008-03": {
            "month": "2008-03",
            "price": "5.91",
            "revenue": 331295
        },
        "2008-04": {
            "month": "2008-04",
            "price": "6.52",
            "revenue": 222840
        },
        "2008-05": {
            "month": "2008-05",
            "price": "7.54",
            "revenue": 253472
        },
        "2008-06": {
            "month": "2008-06",
            "price": "6.28",
            "revenue": 280737
        },
        "2008-07": {
            "month": "2008-07",
            "price": "4.22",
            "revenue": 205382
        },
        "2008-08": {
            "month": "2008-08",
            "price": "3.99",
            "revenue": 235711
        },
        "2008-09": {
            "month": "2008-09",
            "price": "3.21",
            "revenue": 253307
        },
        "2008-10": {
            "month": "2008-10",
            "price": "2.89",
            "revenue": 177421
        },
        "2008-11": {
            "month": "2008-11",
            "price": "2.16",
            "revenue": 181078
        },
        "2008-12": {
            "month": "2008-12",
            "price": "2.12",
            "revenue": 179411
        },
        "2009-01": {
            "month": "2009-01",
            "price": "2.03",
            "revenue": 136967
        },
        "2009-02": {
            "month": "2009-02",
            "price": "3.33",
            "revenue": 74403
        },
        "2009-03": {
            "month": "2009-03",
            "price": "4.13",
            "revenue": 173123
        },
        "2009-04": {
            "month": "2009-04",
            "price": "5.23",
            "revenue": 155877
        },
        "2009-05": {
            "month": "2009-05",
            "price": "5.93",
            "revenue": 137372
        },
        "2009-06": {
            "month": "2009-06",
            "price": "6.06",
            "revenue": 153129
        },
        "2009-07": {
            "month": "2009-07",
            "price": "6.30",
            "revenue": 155512
        },
        "2009-08": {
            "month": "2009-08",
            "price": "6.85",
            "revenue": 158288
        },
        "2009-09": {
            "month": "2009-09",
            "price": "7.03",
            "revenue": 194782
        },
        "2009-10": {
            "month": "2009-10",
            "price": "7.00",
            "revenue": 179671
        },
        "2009-11": {
            "month": "2009-11",
            "price": "6.25",
            "revenue": 176543
        },
        "2009-12": {
            "month": "2009-12",
            "price": "6.85",
            "revenue": 232469
        },
        "2010-01": {
            "month": "2010-01",
            "price": "7.21",
            "revenue": 229215
        },
        "2010-02": {
            "month": "2010-02",
            "price": "6.33",
            "revenue": 144922
        },
        "2010-03": {
            "month": "2010-03",
            "price": "7.14",
            "revenue": 231675
        },
        "2010-04": {
            "month": "2010-04",
            "price": "7.53",
            "revenue": 210236
        },
        "2010-05": {
            "month": "2010-05",
            "price": "7.32",
            "revenue": 180130
        },
        "2010-06": {
            "month": "2010-06",
            "price": "8.24",
            "revenue": 164511
        },
        "2010-07": {
            "month": "2010-07",
            "price": "8.13",
            "revenue": 184600
        },
        "2010-08": {
            "month": "2010-08",
            "price": "8.14",
            "revenue": 169795
        },
        "2010-09": {
            "month": "2010-09",
            "price": "7.82",
            "revenue": 159952
        },
        "2010-10": {
            "month": "2010-10",
            "price": "6.87",
            "revenue": 159759
        },
        "2010-11": {
            "month": "2010-11",
            "price": "5.60",
            "revenue": 149427
        },
        "2010-12": {
            "month": "2010-12",
            "price": "5.98",
            "revenue": 185973
        },
        "2011-01": {
            "month": "2011-01",
            "price": "6.33",
            "revenue": 143467
        },
        "2011-02": {
            "month": "2011-02",
            "price": "5.56",
            "revenue": 85157
        },
        "2011-03": {
            "month": "2011-03",
            "price": "5.63",
            "revenue": 175243
        },
        "2011-04": {
            "month": "2011-04",
            "price": "5.64",
            "revenue": 112608
        },
        "2011-05": {
            "month": "2011-05",
            "price": "5.41",
            "revenue": 136233
        },
        "2011-06": {
            "month": "2011-06",
            "price": "5.09",
            "revenue": 119339
        },
        "2011-07": {
            "month": "2011-07",
            "price": "5.14",
            "revenue": 154841
        },
        "2011-08": {
            "month": "2011-08",
            "price": "4.21",
            "revenue": 178629
        },
        "2011-09": {
            "month": "2011-09",
            "price": "3.88",
            "revenue": 179362
        },
        "2011-10": {
            "month": "2011-10",
            "price": "7.86",
            "revenue": 163493
        },
        "2011-11": {
            "month": "2011-11",
            "price": "7.66",
            "revenue": 192457
        },
        "2011-12": {
            "month": "2011-12",
            "price": "7.37",
            "revenue": 177637
        },
        "2012-01": {
            "month": "2012-01",
            "price": "7.15",
            "revenue": 111152
        },
        "2012-02": {
            "month": "2012-02",
            "price": "7.77",
            "revenue": 161537
        },
        "2012-03": {
            "month": "2012-03",
            "price": "8.69",
            "revenue": 162779
        },
        "2012-04": {
            "month": "2012-04",
            "price": "7.91",
            "revenue": 178143
        },
        "2012-05": {
            "month": "2012-05",
            "price": "7.36",
            "revenue": 180649
        },
        "2012-06": {
            "month": "2012-06",
            "price": "6.76",
            "revenue": 163656
        },
        "2012-07": {
            "month": "2012-07",
            "price": "6.61",
            "revenue": 204168
        },
        "2012-08": {
            "month": "2012-08",
            "price": "6.60",
            "revenue": 176855
        },
        "2012-09": {
            "month": "2012-09",
            "price": "7.21",
            "revenue": 172473
        },
        "2012-10": {
            "month": "2012-10",
            "price": "6.01",
            "revenue": 162894
        },
        "2012-11": {
            "month": "2012-11",
            "price": "4.93",
            "revenue": 142831
        },
        "2012-12": {
            "month": "2012-12",
            "price": "5.02",
            "revenue": 126755
        },
        "2013-01": {
            "month": "2013-01",
            "price": "5.10",
            "revenue": 189110
        },
        "2013-02": {
            "month": "2013-02",
            "price": "5.16",
            "revenue": 97923
        },
        "2013-03": {
            "month": "2013-03",
            "price": "7.27",
            "revenue": 162826
        },
        "2013-04": {
            "month": "2013-04",
            "price": "7.24",
            "revenue": 150540
        },
        "2013-05": {
            "month": "2013-05",
            "price": "7.91",
            "revenue": 157868
        },
        "2013-06": {
            "month": "2013-06",
            "price": "8.16",
            "revenue": 130712
        },
        "2013-07": {
            "month": "2013-07",
            "price": "7.72",
            "revenue": 154299
        },
        "2013-08": {
            "month": "2013-08",
            "price": "7.71",
            "revenue": 162671
        },
        "2013-09": {
            "month": "2013-09",
            "price": "7.06",
            "revenue": 152362
        },
        "2013-10": {
            "month": "2013-10",
            "price": "6.91",
            "revenue": 167057
        },
        "2013-11": {
            "month": "2013-11",
            "price": "6.82",
            "revenue": 180954
        },
        "2013-12": {
            "month": "2013-12",
            "price": "6.88",
            "revenue": 236045
        },
        "2014-01": {
            "month": "2014-01",
            "price": "8.10",
            "revenue": 162750
        },
        "2014-02": {
            "month": "2014-02",
            "price": "9.71",
            "revenue": 135695
        },
        "2014-03": {
            "month": "2014-03",
            "price": "9.59",
            "revenue": 151393
        },
        "2014-04": {
            "month": "2014-04",
            "price": "9.91",
            "revenue": 207176
        },
        "2014-05": {
            "month": "2014-05",
            "price": "9.85",
            "revenue": 206585
        },
        "2014-06": {
            "month": "2014-06",
            "price": "9.41",
            "revenue": 172453
        },
        "2014-07": {
            "month": "2014-07",
            "price": "9.49",
            "revenue": 231214
        },
        "2014-08": {
            "month": "2014-08",
            "price": "9.53",
            "revenue": 182082
        },
        "2014-09": {
            "month": "2014-09",
            "price": "10.47",
            "revenue": 212961
        },
        "2014-10": {
            "month": "2014-10",
            "price": "10.48",
            "revenue": 235431
        },
        "2014-11": {
            "month": "2014-11",
            "price": "10.78",
            "revenue": 248302
        },
        "2014-12": {
            "month": "2014-12",
            "price": "13.34",
            "revenue": 280100
        },
        "2015-01": {
            "month": "2015-01",
            "price": "15.62",
            "revenue": 315022
        },
        "2015-02": {
            "month": "2015-02",
            "price": "17.39",
            "revenue": 191890
        },
        "2015-03": {
            "month": "2015-03",
            "price": "17.36",
            "revenue": 204766
        },
        "2015-04": {
            "month": "2015-04",
            "price": "16.72",
            "revenue": 244435
        },
        "2015-05": {
            "month": "2015-05",
            "price": "15.49",
            "revenue": 183081
        },
        "2015-06": {
            "month": "2015-06",
            "price": "14.08",
            "revenue": 181862
        },
        "2015-07": {
            "month": "2015-07",
            "price": "13.62",
            "revenue": 187114
        },
        "2015-08": {
            "month": "2015-08",
            "price": "12.17",
            "revenue": 177873
        },
        "2015-09": {
            "month": "2015-09",
            "price": "10.74",
            "revenue": 180981
        },
        "2015-10": {
            "month": "2015-10",
            "price": "10.41",
            "revenue": 180002
        },
        "2015-11": {
            "month": "2015-11",
            "price": "10.40",
            "revenue": 185010
        },
        "2015-12": {
            "month": "2015-12",
            "price": "10.04",
            "revenue": 224230
        },
        "2016-01": {
            "month": "2016-01",
            "price": "9.95",
            "revenue": 239188
        },
        "2016-02": {
            "month": "2016-02",
            "price": "10.15",
            "revenue": 151956
        },
        "2016-03": {
            "month": "2016-03",
            "price": "13.62",
            "revenue": 187810
        },
        "2016-04": {
            "month": "2016-04",
            "price": "13.79",
            "revenue": 188362
        },
        "2016-05": {
            "month": "2016-05",
            "price": "13.37",
            "revenue": 165137
        },
        "2016-06": {
            "month": "2016-06",
            "price": "13.50",
            "revenue": 134936
        },
        "2016-07": {
            "month": "2016-07",
            "price": "13.18",
            "revenue": 163945
        },
        "2016-08": {
            "month": "2016-08",
            "price": "12.63",
            "revenue": 211315
        },
        "2016-09": {
            "month": "2016-09",
            "price": "14.08",
            "revenue": 140669
        },
        "2016-10": {
            "month": "2016-10",
            "price": "15.20",
            "revenue": 135756
        },
        "2016-11": {
            "month": "2016-11",
            "price": "14.04",
            "revenue": 140875
        },
        "2016-12": {
            "month": "2016-12",
            "price": "13.40",
            "revenue": 158818
        },
        "2017-01": {
            "month": "2017-01",
            "price": "13.97",
            "revenue": 128406
        },
        "2017-02": {
            "month": "2017-02",
            "price": "16.60",
            "revenue": 106744
        },
        "2017-03": {
            "month": "2017-03",
            "price": "16.40",
            "revenue": 147285
        },
        "2017-04": {
            "month": "2017-04",
            "price": "16.45",
            "revenue": 130774
        },
        "2017-05": {
            "month": "2017-05",
            "price": "18.26",
            "revenue": 118380
        },
        "2017-06": {
            "month": "2017-06",
            "price": "25.18",
            "revenue": 122452
        },
        "2017-07": {
            "month": "2017-07",
            "price": "25.24",
            "revenue": 135223
        },
        "2017-08": {
            "month": "2017-08",
            "price": "25.55",
            "revenue": 165659
        },
        "2017-09": {
            "month": "2017-09",
            "price": "25.65",
            "revenue": 180224
        },
        "2017-10": {
            "month": "2017-10",
            "price": "25.27",
            "revenue": 195206
        },
        "2017-11": {
            "month": "2017-11",
            "price": "25.63",
            "revenue": 149560
        },
        "2017-12": {
            "month": "2017-12",
            "price": "23.68",
            "revenue": 175714
        },
        "2018-01": {
            "month": "2018-01",
            "price": "22.36",
            "revenue": 169701
        },
        "2018-02": {
            "month": "2018-02",
            "price": "22.98",
            "revenue": 114319
        },
        "2018-03": {
            "month": "2018-03",
            "price": "23.61",
            "revenue": 248891
        },
        "2018-04": {
            "month": "2018-04",
            "price": "21.11",
            "revenue": 242087
        },
        "2018-05": {
            "month": "2018-05",
            "price": "25.38",
            "revenue": 206277
        },
        "2018-06": {
            "month": "2018-06",
            "price": "25.67",
            "revenue": 240368
        },
        "2018-07": {
            "month": "2018-07",
            "price": "25.53",
            "revenue": 336263
        },
        "2018-08": {
            "month": "2018-08",
            "price": "24.48",
            "revenue": 415293
        },
        "2018-09": {
            "month": "2018-09",
            "price": "22.23",
            "revenue": 439423
        },
        "2018-10": {
            "month": "2018-10",
            "price": "16.85",
            "revenue": 449278
        },
        "2018-11": {
            "month": "2018-11",
            "price": "18.41",
            "revenue": 500893
        },
        "2018-12": {
            "month": "2018-12",
            "price": "17.17",
            "revenue": 465196
        },
        "2019-01": {
            "month": "2019-01",
            "price": "15.99",
            "revenue": 489290
        },
        "2019-02": {
            "month": "2019-02",
            "price": "16.85",
            "revenue": 246234
        },
        "2019-03": {
            "month": "2019-03",
            "price": "16.46",
            "revenue": 385317
        },
        "2019-04": {
            "month": "2019-04",
            "price": "16.87",
            "revenue": 360112
        },
        "2019-05": {
            "month": "2019-05",
            "price": "16.93",
            "revenue": 385736
        },
        "2019-06": {
            "month": "2019-06",
            "price": "16.92",
            "revenue": 391172
        },
        "2019-07": {
            "month": "2019-07",
            "price": "16.66",
            "revenue": 435855
        },
        "2019-08": {
            "month": "2019-08",
            "price": "15.43",
            "revenue": 428023
        },
        "2019-09": {
            "month": "2019-09",
            "price": "14.82",
            "revenue": 469053
        },
        "2019-10": {
            "month": "2019-10",
            "price": "14.32",
            "revenue": 441548
        },
        "2019-11": {
            "month": "2019-11",
            "price": "13.96",
            "revenue": 496262
        },
        "2019-12": {
            "month": "2019-12",
            "price": "13.81",
            "revenue": 476881
        },
        "2020-01": {
            "month": "2020-01",
            "price": "13.71",
            "revenue": 388874
        },
        "2020-02": {
            "month": "2020-02",
            "price": "12.03",
            "revenue": 214490
        },
        "2020-03": {
            "month": "2020-03",
            "price": "9.79",
            "revenue": 445700
        },
        "2020-04": {
            "month": "2020-04",
            "price": "12.22",
            "revenue": 498403
        },
        "2020-05": {
            "month": "2020-05",
            "price": "15.16",
            "revenue": 455951
        },
        "2020-06": {
            "month": "2020-06",
            "price": "16.39",
            "revenue": 529751
        },
        "2020-07": {
            "month": "2020-07",
            "price": "17.26",
            "revenue": 541635
        },
        "2020-08": {
            "month": "2020-08",
            "price": "18.01",
            "revenue": 557349
        },
        "2020-09": {
            "month": "2020-09",
            "price": "20.05",
            "revenue": 634837
        },
        "2020-10": {
            "month": "2020-10",
            "price": "19.73",
            "revenue": 653151
        },
        "2020-11": {
            "month": "2020-11",
            "price": "18.98",
            "revenue": 604864
        },
        "2020-12": {
            "month": "2020-12",
            "price": "18.74",
            "revenue": 562887
        },
        "2021-01": {
            "month": "2021-01",
            "price": "18.13",
            "revenue": 742444
        },
        "2021-02": {
            "month": "2021-02",
            "price": "18.42",
            "revenue": 284938
        },
        "2021-03": {
            "month": "2021-03",
            "price": "19.49",
            "revenue": 546324
        },
        "2021-04": {
            "month": "2021-04",
            "price": "20.41",
            "revenue": 508158
        },
        "2021-05": {
            "month": "2021-05",
            "price": "17.84",
            "revenue": 447757
        },
        "2021-06": {
            "month": "2021-06",
            "price": "17.23",
            "revenue": 418415
        },
        "2021-07": {
            "month": "2021-07",
            "price": "17.45",
            "revenue": 472650
        },
        "2021-08": {
            "month": "2021-08",
            "price": "15.17",
            "revenue": 387063
        },
        "2021-09": {
            "month": "2021-09",
            "price": "14.41",
            "revenue": 451262
        },
        "2021-10": {
            "month": "2021-10",
            "price": "14.20",
            "revenue": 419037
        },
        "2021-11": {
            "month": "2021-11",
            "price": "15.17",
            "revenue": 400320
        },
        "2021-12": {
            "month": "2021-12",
            "price": "16.05",
            "revenue": 445051
        },
        "2022-01": {
            "month": "2022-01",
            "price": "16.07",
            "revenue": 418069
        },
        "2022-02": {
            "month": "2022-02",
            "price": "15.78",
            "revenue": 303667
        },
        "2022-03": {
            "month": "2022-03",
            "price": "15.68",
            "revenue": 363861
        },
        "2022-04": {
            "month": "2022-04",
            "price": "15.67",
            "revenue": 389586
        },
        "2022-05": {
            "month": "2022-05",
            "price": "15.42",
            "revenue": 417673
        },
        "2022-06": {
            "month": "2022-06",
            "price": "15.79",
            "revenue": 341245
        },
        "2022-07": {
            "month": "2022-07",
            "price": "15.16",
            "revenue": 312057
        },
        "2022-08": {
            "month": "2022-08",
            "price": "15.75",
            "revenue": 377808
        },
        "2022-09": {
            "month": "2022-09",
            "price": "17.34",
            "revenue": 390444
        },
        "2022-10": {
            "month": "2022-10",
            "price": "16.87",
            "revenue": 358915
        },
        "2022-11": {
            "month": "2022-11",
            "price": "17.77",
            "revenue": 436826
        },
        "2022-12": {
            "month": "2022-12",
            "price": "19.39",
            "revenue": 369406
        },
        "2023-01": {
            "month": "2023-01",
            "price": "19.32",
            "revenue": 394134
        },
        "2023-02": {
            "month": "2023-02",
            "price": "20.77",
            "revenue": 346062
        },
        "2023-03": {
            "month": "2023-03",
            "price": "25.35",
            "revenue": 521830
        },
        "2023-04": {
            "month": "2023-04",
            "price": "35.88",
            "revenue": 477809
        },
        "2023-05": {
            "month": "2023-05",
            "price": "37.09",
            "revenue": 551546
        },
        "2023-06": {
            "month": "2023-06",
            "price": "50.60",
            "revenue": 425793
        },
        "2023-07": {
            "month": "2023-07",
            "price": "53.56",
            "revenue": 417726
        },
        "2023-08": {
            "month": "2023-08",
            "price": "44.32",
            "revenue": 487804
        },
        "2023-09": {
            "month": "2023-09",
            "price": "43.19",
            "revenue": 430782
        },
        "2023-10": {
            "month": "2023-10",
            "price": "44.94",
            "revenue": 431098
        },
        "2023-11": {
            "month": "2023-11",
            "price": "45.38",
            "revenue": 540804
        }
    }
}
