{
    "summary": {
        "stock_name": "凱鈺",
        "stock_id": "5468",
        "category": "半導體",
        "main_business": "研究、開發、生產、製造、銷售：積體電路晶片、零組件。<br>住宅及大樓開發租售業<br>機械設備製造業",
        "website_url": "http://www.tmtech.com.tw",
        "ceo": "胡炳昆",
        "pe_ratio": -17,
        "report_year_from": 2001,
        "report_year_to": 2023,
        "age": 23,
        "eps_negative_percentage": 91,
        "eps_growth_avg": {
            "last_all": -80.77,
            "last_2y": -80.77,
            "last_4y": -80.77,
            "last_8y": -80.77,
            "last_12y": -80.77,
            "last_16y": -80.77,
            "last_20y": -80.77,
            "at_2006_last_3y": null,
            "at_2007_last_3y": null,
            "at_2008_last_3y": null,
            "at_2009_last_3y": null,
            "at_2010_last_3y": null,
            "at_2011_last_3y": null,
            "at_2012_last_3y": null,
            "at_2013_last_3y": null,
            "at_2014_last_3y": null,
            "at_2015_last_3y": null,
            "at_2016_last_3y": null,
            "at_2017_last_3y": null,
            "at_2018_last_3y": null,
            "at_2019_last_3y": null,
            "at_2020_last_3y": null,
            "at_2021_last_3y": null,
            "at_2022_last_3y": -61.54,
            "at_2023_last_3y": -80.77,
            "at_2024_last_3y": -80.77,
            "at_2006_last_all": null,
            "at_2007_last_all": null,
            "at_2008_last_all": null,
            "at_2009_last_all": null,
            "at_2010_last_all": null,
            "at_2011_last_all": null,
            "at_2012_last_all": null,
            "at_2013_last_all": null,
            "at_2014_last_all": null,
            "at_2015_last_all": null,
            "at_2016_last_all": null,
            "at_2017_last_all": null,
            "at_2018_last_all": null,
            "at_2019_last_all": null,
            "at_2020_last_all": null,
            "at_2021_last_all": null,
            "at_2022_last_all": -61.54,
            "at_2023_last_all": -80.77,
            "at_2024_last_all": -80.77
        },
        "latest_eps": -1.01,
        "latest_price": 16.8,
        "latest_roe": -10.84,
        "latest_gross_margin": 26.62,
        "latest_equity": 316021,
        "latest_revenue": 31878,
        "latest_gross_profit": 8487,
        "latest_net_income": -1728,
        "latest_debt_ratio": 41.61,
        "latest_current_ratio": 208.95,
        "latest_account_receivable_turnover_ratio": 2.82,
        "latest_inventory_turnover_ratio": 0.08,
        "latest_reinvestment_rate": null,
        "latest_research_to_sale_ratio": 4.38
    },
    "eps_dividends": {
        "2000": {
            "cash": 0,
            "stock": 3,
            "eps": 0
        },
        "2001": {
            "cash": 0,
            "stock": 2.5,
            "eps": -4.72
        },
        "2002": {
            "cash": 0,
            "stock": 0,
            "eps": -1.89
        },
        "2003": {
            "cash": 0,
            "stock": 0,
            "eps": -1.21
        },
        "2004": {
            "cash": 0,
            "stock": 0,
            "eps": -1.05
        },
        "2005": {
            "cash": 0,
            "stock": 0,
            "eps": -2.24
        },
        "2006": {
            "cash": 0,
            "stock": 0,
            "eps": -1.45
        },
        "2007": {
            "cash": 0,
            "stock": 0,
            "eps": -3.11
        },
        "2008": {
            "cash": 0,
            "stock": 0,
            "eps": -1.28
        },
        "2009": {
            "cash": 0,
            "stock": 0,
            "eps": -1.26
        },
        "2010": {
            "cash": 0,
            "stock": 0,
            "eps": -0.83
        },
        "2011": {
            "cash": 0,
            "stock": 0,
            "eps": -1.39
        },
        "2012": {
            "cash": 0,
            "stock": 0,
            "eps": -1.7
        },
        "2013": {
            "cash": 0,
            "stock": 0,
            "eps": -1.24
        },
        "2014": {
            "cash": 0,
            "stock": 0,
            "eps": -0.93
        },
        "2015": {
            "cash": 0,
            "stock": 0,
            "eps": -0.25
        },
        "2016": {
            "cash": 0,
            "stock": 0,
            "eps": -1.19
        },
        "2017": {
            "cash": 0,
            "stock": 0,
            "eps": -1.42
        },
        "2018": {
            "cash": 0,
            "stock": 0,
            "eps": -0.77
        },
        "2019": {
            "cash": 0,
            "stock": 0,
            "eps": -2.69
        },
        "2020": {
            "cash": 0,
            "stock": 0,
            "eps": -0.48
        },
        "2021": {
            "cash": 0,
            "stock": 0,
            "eps": 0.13
        },
        "2022": {
            "cash": 0,
            "stock": 0,
            "eps": 0.05
        },
        "2023": {
            "cash": 0,
            "stock": 0,
            "eps": -0.49
        }
    },
    "dividends": {
        "2000-04-27": {
            "cash": 0,
            "stock": 3
        },
        "2001-05-30": {
            "cash": 0,
            "stock": 2.5
        }
    },
    "prices": {
        "200101": "52.30",
        "200102": "47.81",
        "200103": "42.97",
        "200104": "42.04",
        "200105": "26.66",
        "200106": "22.67",
        "200107": "14.55",
        "200108": "10.03",
        "200109": "6.82",
        "200110": "6.03",
        "200111": "7.99",
        "200112": "12.78",
        "200201": "18.58",
        "200202": "17.06",
        "200203": "19.64",
        "200204": "24.62",
        "200205": "21.58",
        "200206": "15.94",
        "200207": "13.26",
        "200208": "10.78",
        "200209": "8.94",
        "200210": "8.79",
        "200211": "8.37",
        "200212": "7.19",
        "200301": "7.13",
        "200302": "6.36",
        "200303": "4.96",
        "200304": "4.02",
        "200305": "3.09",
        "200306": "5.35",
        "200307": "5.98",
        "200308": "5.02",
        "200309": "6.79",
        "200310": "7.56",
        "200311": "7.98",
        "200312": "7.82",
        "200401": "8.76",
        "200402": "8.93",
        "200403": "13.46",
        "200404": "15.78",
        "200405": "11.27",
        "200406": "9.05",
        "200407": "7.43",
        "200408": "6.54",
        "200409": "4.80",
        "200410": "4.62",
        "200411": "4.39",
        "200412": "4.02",
        "200501": "3.93",
        "200502": "4.37",
        "200503": "4.77",
        "200504": "4.27",
        "200505": "3.99",
        "200506": "4.47",
        "200507": "5.12",
        "200508": "4.32",
        "200509": "3.80",
        "200510": "3.33",
        "200511": "2.11",
        "200512": "2.16",
        "200601": "3.07",
        "200602": "2.67",
        "200603": "2.45",
        "200604": "2.66",
        "200605": "3.08",
        "200606": "2.89",
        "200607": "2.44",
        "200608": "2.23",
        "200609": "1.94",
        "200610": "2.00",
        "200611": "2.71",
        "200612": "3.70",
        "200701": "4.81",
        "200702": "4.85",
        "200703": "6.45",
        "200704": "9.62",
        "200705": "10.60",
        "200706": "32.93",
        "200707": "34.49",
        "200708": "31.97",
        "200709": "29.68",
        "200710": "29.06",
        "200711": "26.51",
        "200712": "21.83",
        "200801": "16.86",
        "200802": "15.22",
        "200803": "17.82",
        "200804": "18.49",
        "200805": "18.48",
        "200806": "17.55",
        "200807": "14.44",
        "200808": "14.15",
        "200809": "9.57",
        "200810": "6.74",
        "200811": "5.02",
        "200812": "4.98",
        "200901": "6.14",
        "200902": "8.01",
        "200903": "7.52",
        "200904": "8.43",
        "200905": "7.65",
        "200906": "7.38",
        "200907": "7.31",
        "200908": "8.05",
        "200909": "8.56",
        "200910": "10.07",
        "200911": "9.93",
        "200912": "12.10",
        "201001": "14.48",
        "201002": "12.01",
        "201003": "12.97",
        "201004": "13.72",
        "201005": "11.91",
        "201006": "11.77",
        "201007": "11.80",
        "201008": "11.78",
        "201009": "10.75",
        "201010": "9.29",
        "201011": "8.08",
        "201012": "8.38",
        "201101": "8.32",
        "201102": "8.14",
        "201103": "8.43",
        "201104": "7.79",
        "201105": "7.24",
        "201106": "8.47",
        "201107": "8.17",
        "201108": "6.77",
        "201109": "6.25",
        "201110": "8.68",
        "201111": "11.70",
        "201112": "10.17",
        "201201": "8.75",
        "201202": "9.76",
        "201203": "11.35",
        "201204": "11.89",
        "201205": "11.24",
        "201206": "10.87",
        "201207": "10.07",
        "201208": "9.09",
        "201209": "8.84",
        "201210": "7.99",
        "201211": "7.71",
        "201212": "7.14",
        "201301": "7.32",
        "201302": "7.33",
        "201303": "7.26",
        "201304": "7.38",
        "201305": "7.91",
        "201306": "7.67",
        "201307": "7.11",
        "201308": "7.11",
        "201309": "8.34",
        "201310": "8.23",
        "201311": "7.73",
        "201312": "9.62",
        "201401": "11.18",
        "201402": "12.37",
        "201403": "16.49",
        "201404": "16.08",
        "201405": "14.09",
        "201406": "13.29",
        "201407": "15.88",
        "201408": "14.01",
        "201409": "12.01",
        "201410": "11.21",
        "201411": "10.84",
        "201412": "11.24",
        "201501": "12.25",
        "201502": "11.87",
        "201503": "11.69",
        "201504": "10.80",
        "201505": "10.44",
        "201506": "9.83",
        "201507": "8.73",
        "201508": "7.79",
        "201509": "7.83",
        "201510": "7.58",
        "201511": "7.29",
        "201512": "6.93",
        "201601": "6.25",
        "201602": "5.72",
        "201603": "5.97",
        "201604": "5.80",
        "201605": "5.37",
        "201606": "5.24",
        "201607": "5.09",
        "201608": "5.98",
        "201609": "6.59",
        "201610": "6.62",
        "201611": "6.04",
        "201612": "6.08",
        "201701": "5.83",
        "201702": "6.18",
        "201703": "6.48",
        "201704": "5.90",
        "201705": "5.48",
        "201706": "4.39",
        "201707": "4.53",
        "201708": "4.35",
        "201709": "4.99",
        "201710": "5.41",
        "201711": "4.75",
        "201712": "4.52",
        "201801": "4.31",
        "201802": "4.36",
        "201803": "4.45",
        "201804": "5.26",
        "201805": "4.95",
        "201806": "5.47",
        "201807": "5.30",
        "201808": "4.66",
        "201809": "4.39",
        "201810": "4.69",
        "201811": "3.62",
        "201812": "3.39",
        "201901": "3.55",
        "201902": "4.11",
        "201903": "4.17",
        "201904": "3.46",
        "201905": "3.13",
        "201906": "3.06",
        "201907": "2.93",
        "201908": "2.82",
        "201909": "3.61",
        "201910": "13.03",
        "201911": "12.10",
        "201912": "11.95",
        "202001": "12.22",
        "202002": "12.64",
        "202003": "11.89",
        "202004": "10.05",
        "202005": "10.34",
        "202006": "10.55",
        "202007": "11.25",
        "202008": "11.91",
        "202009": "11.28",
        "202010": "11.00",
        "202011": "11.30",
        "202012": "16.24",
        "202101": "15.00",
        "202102": "18.16",
        "202103": "22.39",
        "202104": "20.13",
        "202105": "16.29",
        "202106": "15.52",
        "202107": "17.58",
        "202108": "16.47",
        "202109": "16.59",
        "202110": "15.84",
        "202111": "21.07",
        "202112": "22.19",
        "202201": "19.34",
        "202202": "20.10",
        "202203": "22.46",
        "202204": "27.52",
        "202205": "33.05",
        "202206": "30.69",
        "202207": "21.77",
        "202208": "21.10",
        "202209": "20.85",
        "202210": "17.26",
        "202211": "18.65",
        "202212": "18.04",
        "202301": "16.96",
        "202302": "17.46",
        "202303": "17.18",
        "202304": "16.71",
        "202305": "16.52",
        "202306": "17.47",
        "202307": "17.75",
        "202308": "16.99",
        "202309": "16.74",
        "202310": "16.34",
        "202311": "16.78",
        "202312": "17.71"
    },
    "quarters": {
        "20011": {
            "year_quarter": 20011,
            "year": 2001,
            "quarter": 1,
            "eps": -0.95,
            "eps_growth_year": -151.91,
            "eps_4q": 2.27,
            "eps_4q_growth_year": null,
            "roe": -6.23,
            "roe_4q": -6.23,
            "gross_profit": -10950,
            "gross_margin": -4.91,
            "gross_margin_4q_avg": -4.91,
            "net_income": -89345,
            "net_income_4q": null,
            "revenue": 223094,
            "revenue_4q": null,
            "common_shares": 945358,
            "book_valuer_per_share": 14.69,
            "book_valuer_per_share_4q_avg": 14.69,
            "equity": 1389090,
            "current_ratio": 363.95,
            "debt_ratio": 20.35,
            "inventory_turnover_ratio": 0.3,
            "account_receivable_turnover_ratio": null,
            "reinvestment_rate": null,
            "research_to_sale_ratio": null,
            "price_fair": 0,
            "eps_avg_yearly": 0,
            "eps_latest_yearly": 0,
            "eps_growth_yearly": 0
        },
        "20012": {
            "year_quarter": 20012,
            "year": 2001,
            "quarter": 2,
            "eps": -1.67,
            "eps_growth_year": -191.76,
            "eps_4q": -1.23,
            "eps_4q_growth_year": null,
            "roe": -12.39,
            "roe_4q": -18.62,
            "gross_profit": -33454,
            "gross_margin": -23.72,
            "gross_margin_4q_avg": -14.32,
            "net_income": -158137,
            "net_income_4q": null,
            "revenue": 141060,
            "revenue_4q": null,
            "common_shares": 945358,
            "book_valuer_per_share": 12.3,
            "book_valuer_per_share_4q_avg": 13.5,
            "equity": 1162736,
            "current_ratio": 380.14,
            "debt_ratio": 19.88,
            "inventory_turnover_ratio": 0.22,
            "account_receivable_turnover_ratio": null,
            "reinvestment_rate": null,
            "research_to_sale_ratio": null,
            "price_fair": 0,
            "eps_avg_yearly": 0,
            "eps_latest_yearly": 0,
            "eps_growth_yearly": 0
        },
        "20013": {
            "year_quarter": 20013,
            "year": 2001,
            "quarter": 3,
            "eps": -0.99,
            "eps_growth_year": -204.21,
            "eps_4q": -2.67,
            "eps_4q_growth_year": null,
            "roe": -11.29,
            "roe_4q": -29.91,
            "gross_profit": -61925,
            "gross_margin": -41.86,
            "gross_margin_4q_avg": -23.5,
            "net_income": -121987,
            "net_income_4q": null,
            "revenue": 147937,
            "revenue_4q": null,
            "common_shares": 1228492,
            "book_valuer_per_share": 8.12,
            "book_valuer_per_share_4q_avg": 11.7,
            "equity": 997439,
            "current_ratio": 449.14,
            "debt_ratio": 16.65,
            "inventory_turnover_ratio": 0.35,
            "account_receivable_turnover_ratio": null,
            "reinvestment_rate": null,
            "research_to_sale_ratio": null,
            "price_fair": 0,
            "eps_avg_yearly": 0,
            "eps_latest_yearly": 0,
            "eps_growth_yearly": 0
        },
        "20014": {
            "year_quarter": 20014,
            "year": 2001,
            "quarter": 4,
            "eps": -1.11,
            "eps_growth_year": -352.27,
            "eps_4q": -4.12,
            "eps_4q_growth_year": -189.97,
            "roe": -14.54,
            "roe_4q": -44.45,
            "gross_profit": -121837,
            "gross_margin": -82.16,
            "gross_margin_4q_avg": -38.16,
            "net_income": -136712,
            "net_income_4q": null,
            "revenue": 148284,
            "revenue_4q": null,
            "common_shares": 1228492,
            "book_valuer_per_share": 7.19,
            "book_valuer_per_share_4q_avg": 10.58,
            "equity": 883573,
            "current_ratio": 438.64,
            "debt_ratio": 15.8,
            "inventory_turnover_ratio": 0.62,
            "account_receivable_turnover_ratio": null,
            "reinvestment_rate": null,
            "research_to_sale_ratio": null,
            "price_fair": 0,
            "eps_avg_yearly": 0,
            "eps_latest_yearly": 0,
            "eps_growth_yearly": 0
        },
        "20021": {
            "year_quarter": 20021,
            "year": 2002,
            "quarter": 1,
            "eps": -0.09,
            "eps_growth_year": null,
            "eps_4q": -3.62,
            "eps_4q_growth_year": -259.09,
            "roe": -1.25,
            "roe_4q": -39.47,
            "gross_profit": -36273,
            "gross_margin": -23.3,
            "gross_margin_4q_avg": -42.76,
            "net_income": -10633,
            "net_income_4q": null,
            "revenue": 155662,
            "revenue_4q": null,
            "common_shares": 1228492,
            "book_valuer_per_share": 6.71,
            "book_valuer_per_share_4q_avg": 8.58,
            "equity": 824033,
            "current_ratio": 323.06,
            "debt_ratio": 23.03,
            "inventory_turnover_ratio": 0.48,
            "account_receivable_turnover_ratio": null,
            "reinvestment_rate": null,
            "research_to_sale_ratio": null,
            "price_fair": 0,
            "eps_avg_yearly": 0,
            "eps_latest_yearly": 0,
            "eps_growth_yearly": 0
        },
        "20022": {
            "year_quarter": 20022,
            "year": 2002,
            "quarter": 2,
            "eps": -0.04,
            "eps_growth_year": null,
            "eps_4q": -2.23,
            "eps_4q_growth_year": null,
            "roe": -0.54,
            "roe_4q": -27.619999999999997,
            "gross_profit": 9382,
            "gross_margin": 4.36,
            "gross_margin_4q_avg": -35.74,
            "net_income": -4399,
            "net_income_4q": null,
            "revenue": 215347,
            "revenue_4q": null,
            "common_shares": 1228492,
            "book_valuer_per_share": 6.67,
            "book_valuer_per_share_4q_avg": 7.17,
            "equity": 819634,
            "current_ratio": 235.49,
            "debt_ratio": 31.18,
            "inventory_turnover_ratio": 0.43,
            "account_receivable_turnover_ratio": null,
            "reinvestment_rate": null,
            "research_to_sale_ratio": null,
            "price_fair": 0,
            "eps_avg_yearly": 0,
            "eps_latest_yearly": 0,
            "eps_growth_yearly": 0
        },
        "20023": {
            "year_quarter": 20023,
            "year": 2002,
            "quarter": 3,
            "eps": -0.85,
            "eps_growth_year": null,
            "eps_4q": -2.06,
            "eps_4q_growth_year": null,
            "roe": -13.21,
            "roe_4q": -29.54,
            "gross_profit": -24787,
            "gross_margin": -19.66,
            "gross_margin_4q_avg": -30.19,
            "net_income": -101559,
            "net_income_4q": null,
            "revenue": 126094,
            "revenue_4q": null,
            "common_shares": 1228492,
            "book_valuer_per_share": 5.85,
            "book_valuer_per_share_4q_avg": 6.61,
            "equity": 718075,
            "current_ratio": 224.62,
            "debt_ratio": 31.55,
            "inventory_turnover_ratio": 0.3,
            "account_receivable_turnover_ratio": null,
            "reinvestment_rate": null,
            "research_to_sale_ratio": null,
            "price_fair": 0,
            "eps_avg_yearly": 0,
            "eps_latest_yearly": 0,
            "eps_growth_yearly": 0
        },
        "20024": {
            "year_quarter": 20024,
            "year": 2002,
            "quarter": 4,
            "eps": -0.91,
            "eps_growth_year": null,
            "eps_4q": -1.89,
            "eps_4q_growth_year": null,
            "roe": -16.31,
            "roe_4q": -31.31,
            "gross_profit": -37928,
            "gross_margin": -25.31,
            "gross_margin_4q_avg": -15.98,
            "net_income": -108278,
            "net_income_4q": null,
            "revenue": 149848,
            "revenue_4q": null,
            "common_shares": 1228492,
            "book_valuer_per_share": 4.96,
            "book_valuer_per_share_4q_avg": 6.05,
            "equity": 609797,
            "current_ratio": 286.2,
            "debt_ratio": 23.4,
            "inventory_turnover_ratio": 0.45,
            "account_receivable_turnover_ratio": null,
            "reinvestment_rate": null,
            "research_to_sale_ratio": null,
            "price_fair": 0,
            "eps_avg_yearly": 0,
            "eps_latest_yearly": 0,
            "eps_growth_yearly": 0
        },
        "20031": {
            "year_quarter": 20031,
            "year": 2003,
            "quarter": 1,
            "eps": -0.12,
            "eps_growth_year": null,
            "eps_4q": -1.99,
            "eps_4q_growth_year": null,
            "roe": -2.28,
            "roe_4q": -32.34,
            "gross_profit": -31471,
            "gross_margin": -26,
            "gross_margin_4q_avg": -16.65,
            "net_income": -13753,
            "net_income_4q": null,
            "revenue": 121024,
            "revenue_4q": null,
            "common_shares": 1228492,
            "book_valuer_per_share": 4.85,
            "book_valuer_per_share_4q_avg": 5.58,
            "equity": 596043,
            "current_ratio": 292.25,
            "debt_ratio": 23.34,
            "inventory_turnover_ratio": 0.46,
            "account_receivable_turnover_ratio": null,
            "reinvestment_rate": null,
            "research_to_sale_ratio": null,
            "price_fair": 0,
            "eps_avg_yearly": 0,
            "eps_latest_yearly": 0,
            "eps_growth_yearly": 0
        },
        "20032": {
            "year_quarter": 20032,
            "year": 2003,
            "quarter": 2,
            "eps": -0.79,
            "eps_growth_year": null,
            "eps_4q": -3.85,
            "eps_4q_growth_year": null,
            "roe": -9.72,
            "roe_4q": -41.519999999999996,
            "gross_profit": -39513,
            "gross_margin": -35.49,
            "gross_margin_4q_avg": -26.62,
            "net_income": -55248,
            "net_income_4q": null,
            "revenue": 111321,
            "revenue_4q": null,
            "common_shares": 724810,
            "book_valuer_per_share": 7.46,
            "book_valuer_per_share_4q_avg": 5.78,
            "equity": 540795,
            "current_ratio": 360.08,
            "debt_ratio": 19.56,
            "inventory_turnover_ratio": 0.51,
            "account_receivable_turnover_ratio": null,
            "reinvestment_rate": null,
            "research_to_sale_ratio": null,
            "price_fair": 0,
            "eps_avg_yearly": 0,
            "eps_latest_yearly": 0,
            "eps_growth_yearly": 0
        },
        "20033": {
            "year_quarter": 20033,
            "year": 2003,
            "quarter": 3,
            "eps": -0.25,
            "eps_growth_year": null,
            "eps_4q": -2.68,
            "eps_4q_growth_year": null,
            "roe": -3.23,
            "roe_4q": -31.54,
            "gross_profit": -3823,
            "gross_margin": -1.92,
            "gross_margin_4q_avg": -22.18,
            "net_income": -17214,
            "net_income_4q": null,
            "revenue": 198782,
            "revenue_4q": null,
            "common_shares": 724810,
            "book_valuer_per_share": 7.22,
            "book_valuer_per_share_4q_avg": 6.12,
            "equity": 523581,
            "current_ratio": 302.83,
            "debt_ratio": 23.79,
            "inventory_turnover_ratio": 0.8,
            "account_receivable_turnover_ratio": null,
            "reinvestment_rate": null,
            "research_to_sale_ratio": null,
            "price_fair": 0,
            "eps_avg_yearly": 0,
            "eps_latest_yearly": 0,
            "eps_growth_yearly": 0
        },
        "20034": {
            "year_quarter": 20034,
            "year": 2003,
            "quarter": 4,
            "eps": -0.05,
            "eps_growth_year": null,
            "eps_4q": -1.28,
            "eps_4q_growth_year": null,
            "roe": -0.7,
            "roe_4q": -15.93,
            "gross_profit": 23142,
            "gross_margin": 11.42,
            "gross_margin_4q_avg": -13,
            "net_income": -3636,
            "net_income_4q": null,
            "revenue": 202657,
            "revenue_4q": null,
            "common_shares": 724810,
            "book_valuer_per_share": 7.17,
            "book_valuer_per_share_4q_avg": 6.68,
            "equity": 519944,
            "current_ratio": 452.22,
            "debt_ratio": 16.75,
            "inventory_turnover_ratio": 0.9,
            "account_receivable_turnover_ratio": null,
            "reinvestment_rate": null,
            "research_to_sale_ratio": null,
            "price_fair": 0,
            "eps_avg_yearly": 0,
            "eps_latest_yearly": 0,
            "eps_growth_yearly": 0
        },
        "20041": {
            "year_quarter": 20041,
            "year": 2004,
            "quarter": 1,
            "eps": -0.23,
            "eps_growth_year": null,
            "eps_4q": -1.32,
            "eps_4q_growth_year": null,
            "roe": -3.13,
            "roe_4q": -16.78,
            "gross_profit": 6449,
            "gross_margin": 6.15,
            "gross_margin_4q_avg": -4.96,
            "net_income": -16025,
            "net_income_4q": null,
            "revenue": 104856,
            "revenue_4q": null,
            "common_shares": 724810,
            "book_valuer_per_share": 6.95,
            "book_valuer_per_share_4q_avg": 7.2,
            "equity": 503919,
            "current_ratio": 564.23,
            "debt_ratio": 14.08,
            "inventory_turnover_ratio": 0.62,
            "account_receivable_turnover_ratio": null,
            "reinvestment_rate": null,
            "research_to_sale_ratio": null,
            "price_fair": 0,
            "eps_avg_yearly": 0,
            "eps_latest_yearly": 0,
            "eps_growth_yearly": 0
        },
        "20042": {
            "year_quarter": 20042,
            "year": 2004,
            "quarter": 2,
            "eps": -0.16,
            "eps_growth_year": null,
            "eps_4q": -0.67,
            "eps_4q_growth_year": null,
            "roe": -2.27,
            "roe_4q": -9.33,
            "gross_profit": 9130,
            "gross_margin": 11.35,
            "gross_margin_4q_avg": 6.75,
            "net_income": -11328,
            "net_income_4q": null,
            "revenue": 80439,
            "revenue_4q": null,
            "common_shares": 724810,
            "book_valuer_per_share": 6.8,
            "book_valuer_per_share_4q_avg": 7.04,
            "equity": 492591,
            "current_ratio": 662.3,
            "debt_ratio": 12.6,
            "inventory_turnover_ratio": 0.4,
            "account_receivable_turnover_ratio": null,
            "reinvestment_rate": null,
            "research_to_sale_ratio": null,
            "price_fair": 0,
            "eps_avg_yearly": 0,
            "eps_latest_yearly": 0,
            "eps_growth_yearly": 0
        },
        "20043": {
            "year_quarter": 20043,
            "year": 2004,
            "quarter": 3,
            "eps": -0.22,
            "eps_growth_year": null,
            "eps_4q": -0.64,
            "eps_4q_growth_year": null,
            "roe": -3.25,
            "roe_4q": -9.349999999999998,
            "gross_profit": 2941,
            "gross_margin": 6.52,
            "gross_margin_4q_avg": 8.86,
            "net_income": -15736,
            "net_income_4q": null,
            "revenue": 45108,
            "revenue_4q": null,
            "common_shares": 724810,
            "book_valuer_per_share": 6.58,
            "book_valuer_per_share_4q_avg": 6.88,
            "equity": 476855,
            "current_ratio": 1082.89,
            "debt_ratio": 9.15,
            "inventory_turnover_ratio": 0.21,
            "account_receivable_turnover_ratio": null,
            "reinvestment_rate": null,
            "research_to_sale_ratio": null,
            "price_fair": 0,
            "eps_avg_yearly": 0,
            "eps_latest_yearly": 0,
            "eps_growth_yearly": 0
        },
        "20044": {
            "year_quarter": 20044,
            "year": 2004,
            "quarter": 4,
            "eps": -0.44,
            "eps_growth_year": null,
            "eps_4q": -1.05,
            "eps_4q_growth_year": null,
            "roe": -6.69,
            "roe_4q": -15.34,
            "gross_profit": -3338,
            "gross_margin": -9.97,
            "gross_margin_4q_avg": 3.51,
            "net_income": -30849,
            "net_income_4q": null,
            "revenue": 33493,
            "revenue_4q": null,
            "common_shares": 724810,
            "book_valuer_per_share": 6.15,
            "book_valuer_per_share_4q_avg": 6.62,
            "equity": 446006,
            "current_ratio": 1160.46,
            "debt_ratio": 9.27,
            "inventory_turnover_ratio": 0.19,
            "account_receivable_turnover_ratio": null,
            "reinvestment_rate": null,
            "research_to_sale_ratio": null,
            "price_fair": 0,
            "eps_avg_yearly": 0,
            "eps_latest_yearly": 0,
            "eps_growth_yearly": 0
        },
        "20051": {
            "year_quarter": 20051,
            "year": 2005,
            "quarter": 1,
            "eps": -1.08,
            "eps_growth_year": null,
            "eps_4q": -1.9,
            "eps_4q_growth_year": null,
            "roe": -18.58,
            "roe_4q": -30.79,
            "gross_profit": -3149,
            "gross_margin": -12.64,
            "gross_margin_4q_avg": -1.19,
            "net_income": -75838,
            "net_income_4q": null,
            "revenue": 24922,
            "revenue_4q": null,
            "common_shares": 724810,
            "book_valuer_per_share": 5.11,
            "book_valuer_per_share_4q_avg": 6.16,
            "equity": 370168,
            "current_ratio": 1513.51,
            "debt_ratio": 10.64,
            "inventory_turnover_ratio": 0.15,
            "account_receivable_turnover_ratio": null,
            "reinvestment_rate": null,
            "research_to_sale_ratio": null,
            "price_fair": 0,
            "eps_avg_yearly": 0,
            "eps_latest_yearly": 0,
            "eps_growth_yearly": 0
        },
        "20052": {
            "year_quarter": 20052,
            "year": 2005,
            "quarter": 2,
            "eps": -0.22,
            "eps_growth_year": null,
            "eps_4q": -1.91,
            "eps_4q_growth_year": null,
            "roe": -4.34,
            "roe_4q": -32.86,
            "gross_profit": -3300,
            "gross_margin": -10.54,
            "gross_margin_4q_avg": -6.66,
            "net_income": -15718,
            "net_income_4q": null,
            "revenue": 31321,
            "revenue_4q": null,
            "common_shares": 724810,
            "book_valuer_per_share": 4.89,
            "book_valuer_per_share_4q_avg": 5.68,
            "equity": 354450,
            "current_ratio": 1198.35,
            "debt_ratio": 12.5,
            "inventory_turnover_ratio": 0.19,
            "account_receivable_turnover_ratio": null,
            "reinvestment_rate": null,
            "research_to_sale_ratio": null,
            "price_fair": 0,
            "eps_avg_yearly": 0,
            "eps_latest_yearly": 0,
            "eps_growth_yearly": 0
        },
        "20053": {
            "year_quarter": 20053,
            "year": 2005,
            "quarter": 3,
            "eps": -0.19,
            "eps_growth_year": null,
            "eps_4q": -1.87,
            "eps_4q_growth_year": null,
            "roe": -3.74,
            "roe_4q": -33.349999999999994,
            "gross_profit": 2790,
            "gross_margin": 7.38,
            "gross_margin_4q_avg": -6.44,
            "net_income": -13009,
            "net_income_4q": null,
            "revenue": 37826,
            "revenue_4q": null,
            "common_shares": 724810,
            "book_valuer_per_share": 4.71,
            "book_valuer_per_share_4q_avg": 5.22,
            "equity": 341441,
            "current_ratio": 1331.87,
            "debt_ratio": 12.02,
            "inventory_turnover_ratio": 0.2,
            "account_receivable_turnover_ratio": null,
            "reinvestment_rate": null,
            "research_to_sale_ratio": null,
            "price_fair": 0,
            "eps_avg_yearly": 0,
            "eps_latest_yearly": 0,
            "eps_growth_yearly": 0
        },
        "20054": {
            "year_quarter": 20054,
            "year": 2005,
            "quarter": 4,
            "eps": -0.75,
            "eps_growth_year": null,
            "eps_4q": -2.24,
            "eps_4q_growth_year": null,
            "roe": -16.67,
            "roe_4q": -43.33,
            "gross_profit": 4274,
            "gross_margin": 14.43,
            "gross_margin_4q_avg": -0.34,
            "net_income": -52548,
            "net_income_4q": null,
            "revenue": 29618,
            "revenue_4q": null,
            "common_shares": 724810,
            "book_valuer_per_share": 3.99,
            "book_valuer_per_share_4q_avg": 4.68,
            "equity": 288893,
            "current_ratio": 1112.6,
            "debt_ratio": 13.47,
            "inventory_turnover_ratio": 0.17,
            "account_receivable_turnover_ratio": null,
            "reinvestment_rate": null,
            "research_to_sale_ratio": null,
            "price_fair": 0,
            "eps_avg_yearly": 0,
            "eps_latest_yearly": 0,
            "eps_growth_yearly": 0
        },
        "20061": {
            "year_quarter": 20061,
            "year": 2006,
            "quarter": 1,
            "eps": 0.26,
            "eps_growth_year": null,
            "eps_4q": -0.91,
            "eps_4q_growth_year": null,
            "roe": 6.06,
            "roe_4q": -18.690000000000005,
            "gross_profit": 1578,
            "gross_margin": 5.21,
            "gross_margin_4q_avg": 4.12,
            "net_income": 18065,
            "net_income_4q": null,
            "revenue": 30270,
            "revenue_4q": null,
            "common_shares": 724810,
            "book_valuer_per_share": 4.24,
            "book_valuer_per_share_4q_avg": 4.46,
            "equity": 306958,
            "current_ratio": 1426.52,
            "debt_ratio": 12.16,
            "inventory_turnover_ratio": 0.23,
            "account_receivable_turnover_ratio": null,
            "reinvestment_rate": null,
            "research_to_sale_ratio": null,
            "price_fair": 0,
            "eps_avg_yearly": 0,
            "eps_latest_yearly": 0,
            "eps_growth_yearly": 0
        },
        "20062": {
            "year_quarter": 20062,
            "year": 2006,
            "quarter": 2,
            "eps": -0.39,
            "eps_growth_year": null,
            "eps_4q": -1.03,
            "eps_4q_growth_year": null,
            "roe": -9.23,
            "roe_4q": -23.580000000000005,
            "gross_profit": -5153,
            "gross_margin": -17.98,
            "gross_margin_4q_avg": 2.26,
            "net_income": -27088,
            "net_income_4q": null,
            "revenue": 28657,
            "revenue_4q": null,
            "common_shares": 724810,
            "book_valuer_per_share": 3.86,
            "book_valuer_per_share_4q_avg": 4.2,
            "equity": 279870,
            "current_ratio": 1414.01,
            "debt_ratio": 12.69,
            "inventory_turnover_ratio": 0.29,
            "account_receivable_turnover_ratio": null,
            "reinvestment_rate": null,
            "research_to_sale_ratio": null,
            "price_fair": 0,
            "eps_avg_yearly": 0,
            "eps_latest_yearly": 0,
            "eps_growth_yearly": 0
        },
        "20063": {
            "year_quarter": 20063,
            "year": 2006,
            "quarter": 3,
            "eps": -0.3,
            "eps_growth_year": null,
            "eps_4q": -1.14,
            "eps_4q_growth_year": null,
            "roe": -7.86,
            "roe_4q": -27.700000000000003,
            "gross_profit": -6002,
            "gross_margin": -25.88,
            "gross_margin_4q_avg": -6.06,
            "net_income": -21157,
            "net_income_4q": null,
            "revenue": 23191,
            "revenue_4q": null,
            "common_shares": 724810,
            "book_valuer_per_share": 3.57,
            "book_valuer_per_share_4q_avg": 3.92,
            "equity": 258713,
            "current_ratio": 1496.44,
            "debt_ratio": 12.83,
            "inventory_turnover_ratio": 0.28,
            "account_receivable_turnover_ratio": null,
            "reinvestment_rate": null,
            "research_to_sale_ratio": null,
            "price_fair": 0,
            "eps_avg_yearly": 0,
            "eps_latest_yearly": 0,
            "eps_growth_yearly": 0
        },
        "20064": {
            "year_quarter": 20064,
            "year": 2006,
            "quarter": 4,
            "eps": -1.02,
            "eps_growth_year": null,
            "eps_4q": -1.45,
            "eps_4q_growth_year": null,
            "roe": -32.21,
            "roe_4q": -43.239999999999995,
            "gross_profit": -1024,
            "gross_margin": -5.13,
            "gross_margin_4q_avg": -10.95,
            "net_income": -71767,
            "net_income_4q": null,
            "revenue": 19978,
            "revenue_4q": null,
            "common_shares": 724810,
            "book_valuer_per_share": 2.58,
            "book_valuer_per_share_4q_avg": 3.56,
            "equity": 186946,
            "current_ratio": 1022.83,
            "debt_ratio": 16.43,
            "inventory_turnover_ratio": 0.32,
            "account_receivable_turnover_ratio": null,
            "reinvestment_rate": null,
            "research_to_sale_ratio": null,
            "price_fair": 0,
            "eps_avg_yearly": 0,
            "eps_latest_yearly": 0,
            "eps_growth_yearly": 0
        },
        "20071": {
            "year_quarter": 20071,
            "year": 2007,
            "quarter": 1,
            "eps": -2.76,
            "eps_growth_year": -1161.54,
            "eps_4q": -5.65,
            "eps_4q_growth_year": null,
            "roe": -32.55,
            "roe_4q": -81.85,
            "gross_profit": 3981,
            "gross_margin": 19.6,
            "gross_margin_4q_avg": -7.35,
            "net_income": -114509,
            "net_income_4q": null,
            "revenue": 20310,
            "revenue_4q": null,
            "common_shares": 637620,
            "book_valuer_per_share": 8.1,
            "book_valuer_per_share_4q_avg": 4.53,
            "equity": 516629,
            "current_ratio": 2463.01,
            "debt_ratio": 7.03,
            "inventory_turnover_ratio": 0.51,
            "account_receivable_turnover_ratio": null,
            "reinvestment_rate": null,
            "research_to_sale_ratio": null,
            "price_fair": 0,
            "eps_avg_yearly": 0,
            "eps_latest_yearly": 0,
            "eps_growth_yearly": 0
        },
        "20072": {
            "year_quarter": 20072,
            "year": 2007,
            "quarter": 2,
            "eps": -0.22,
            "eps_growth_year": null,
            "eps_4q": -3.37,
            "eps_4q_growth_year": null,
            "roe": -2.24,
            "roe_4q": -74.86,
            "gross_profit": -1394,
            "gross_margin": -7.25,
            "gross_margin_4q_avg": -4.67,
            "net_income": -11607,
            "net_income_4q": null,
            "revenue": 19220,
            "revenue_4q": null,
            "common_shares": 649540,
            "book_valuer_per_share": 8,
            "book_valuer_per_share_4q_avg": 5.56,
            "equity": 519464,
            "current_ratio": 3121.96,
            "debt_ratio": 6.15,
            "inventory_turnover_ratio": 0.73,
            "account_receivable_turnover_ratio": null,
            "reinvestment_rate": null,
            "research_to_sale_ratio": null,
            "price_fair": 0,
            "eps_avg_yearly": 0,
            "eps_latest_yearly": 0,
            "eps_growth_yearly": 0
        },
        "20073": {
            "year_quarter": 20073,
            "year": 2007,
            "quarter": 3,
            "eps": -0.17,
            "eps_growth_year": null,
            "eps_4q": -3.17,
            "eps_4q_growth_year": null,
            "roe": -1.84,
            "roe_4q": -68.84,
            "gross_profit": 2318,
            "gross_margin": 9.85,
            "gross_margin_4q_avg": 4.27,
            "net_income": -9529,
            "net_income_4q": null,
            "revenue": 23522,
            "revenue_4q": null,
            "common_shares": 654655,
            "book_valuer_per_share": 7.91,
            "book_valuer_per_share_4q_avg": 6.65,
            "equity": 517799,
            "current_ratio": 2668.43,
            "debt_ratio": 6.62,
            "inventory_turnover_ratio": 0.85,
            "account_receivable_turnover_ratio": null,
            "reinvestment_rate": null,
            "research_to_sale_ratio": null,
            "price_fair": 0,
            "eps_avg_yearly": 0,
            "eps_latest_yearly": 0,
            "eps_growth_yearly": 0
        },
        "20074": {
            "year_quarter": 20074,
            "year": 2007,
            "quarter": 4,
            "eps": 0.04,
            "eps_growth_year": null,
            "eps_4q": -2.11,
            "eps_4q_growth_year": null,
            "roe": 0.42,
            "roe_4q": -36.209999999999994,
            "gross_profit": 30484,
            "gross_margin": 29.16,
            "gross_margin_4q_avg": 12.84,
            "net_income": 2523,
            "net_income_4q": null,
            "revenue": 104527,
            "revenue_4q": null,
            "common_shares": 771058,
            "book_valuer_per_share": 8.93,
            "book_valuer_per_share_4q_avg": 8.24,
            "equity": 688240,
            "current_ratio": 910.96,
            "debt_ratio": 11.71,
            "inventory_turnover_ratio": 1.53,
            "account_receivable_turnover_ratio": null,
            "reinvestment_rate": null,
            "research_to_sale_ratio": null,
            "price_fair": 0,
            "eps_avg_yearly": 0,
            "eps_latest_yearly": 0,
            "eps_growth_yearly": 0
        },
        "20081": {
            "year_quarter": 20081,
            "year": 2008,
            "quarter": 1,
            "eps": -0.33,
            "eps_growth_year": null,
            "eps_4q": -0.57,
            "eps_4q_growth_year": null,
            "roe": -3.71,
            "roe_4q": -7.37,
            "gross_profit": 19137,
            "gross_margin": 27.54,
            "gross_margin_4q_avg": 14.83,
            "net_income": -25215,
            "net_income_4q": null,
            "revenue": 69484,
            "revenue_4q": null,
            "common_shares": 778978,
            "book_valuer_per_share": 8.61,
            "book_valuer_per_share_4q_avg": 8.36,
            "equity": 671010,
            "current_ratio": 1149.9,
            "debt_ratio": 9.85,
            "inventory_turnover_ratio": 0.69,
            "account_receivable_turnover_ratio": null,
            "reinvestment_rate": null,
            "research_to_sale_ratio": null,
            "price_fair": 0,
            "eps_avg_yearly": 0,
            "eps_latest_yearly": 0,
            "eps_growth_yearly": 0
        },
        "20082": {
            "year_quarter": 20082,
            "year": 2008,
            "quarter": 2,
            "eps": -0.25,
            "eps_growth_year": null,
            "eps_4q": -0.66,
            "eps_4q_growth_year": null,
            "roe": -2.89,
            "roe_4q": -8.02,
            "gross_profit": 18322,
            "gross_margin": 32.13,
            "gross_margin_4q_avg": 24.67,
            "net_income": -19174,
            "net_income_4q": null,
            "revenue": 57029,
            "revenue_4q": null,
            "common_shares": 781025,
            "book_valuer_per_share": 8.38,
            "book_valuer_per_share_4q_avg": 8.46,
            "equity": 654478,
            "current_ratio": 1277.16,
            "debt_ratio": 9.15,
            "inventory_turnover_ratio": 0.55,
            "account_receivable_turnover_ratio": null,
            "reinvestment_rate": null,
            "research_to_sale_ratio": null,
            "price_fair": 0,
            "eps_avg_yearly": 0,
            "eps_latest_yearly": 0,
            "eps_growth_yearly": 0
        },
        "20083": {
            "year_quarter": 20083,
            "year": 2008,
            "quarter": 3,
            "eps": -0.36,
            "eps_growth_year": null,
            "eps_4q": -0.9,
            "eps_4q_growth_year": null,
            "roe": -4.41,
            "roe_4q": -10.590000000000002,
            "gross_profit": 12257,
            "gross_margin": 21.19,
            "gross_margin_4q_avg": 27.51,
            "net_income": -28266,
            "net_income_4q": null,
            "revenue": 57848,
            "revenue_4q": null,
            "common_shares": 781025,
            "book_valuer_per_share": 8.02,
            "book_valuer_per_share_4q_avg": 8.49,
            "equity": 626212,
            "current_ratio": 1097.37,
            "debt_ratio": 10.29,
            "inventory_turnover_ratio": 0.67,
            "account_receivable_turnover_ratio": null,
            "reinvestment_rate": null,
            "research_to_sale_ratio": null,
            "price_fair": 0,
            "eps_avg_yearly": 0,
            "eps_latest_yearly": 0,
            "eps_growth_yearly": 0
        },
        "20084": {
            "year_quarter": 20084,
            "year": 2008,
            "quarter": 4,
            "eps": -0.34,
            "eps_growth_year": -950,
            "eps_4q": -1.27,
            "eps_4q_growth_year": null,
            "roe": -4.3,
            "roe_4q": -15.310000000000002,
            "gross_profit": 15520,
            "gross_margin": 34.51,
            "gross_margin_4q_avg": 28.84,
            "net_income": -26331,
            "net_income_4q": null,
            "revenue": 44967,
            "revenue_4q": null,
            "common_shares": 781025,
            "book_valuer_per_share": 7.68,
            "book_valuer_per_share_4q_avg": 8.17,
            "equity": 599881,
            "current_ratio": 1210.31,
            "debt_ratio": 9.67,
            "inventory_turnover_ratio": 0.43,
            "account_receivable_turnover_ratio": 7.03,
            "reinvestment_rate": null,
            "research_to_sale_ratio": null,
            "price_fair": 0,
            "eps_avg_yearly": 0,
            "eps_latest_yearly": 0,
            "eps_growth_yearly": 0
        },
        "20091": {
            "year_quarter": 20091,
            "year": 2009,
            "quarter": 1,
            "eps": -0.56,
            "eps_growth_year": null,
            "eps_4q": -1.51,
            "eps_4q_growth_year": null,
            "roe": -7.63,
            "roe_4q": -19.23,
            "gross_profit": -4866,
            "gross_margin": -11.38,
            "gross_margin_4q_avg": 19.11,
            "net_income": -44094,
            "net_income_4q": null,
            "revenue": 42751,
            "revenue_4q": null,
            "common_shares": 781025,
            "book_valuer_per_share": 7.12,
            "book_valuer_per_share_4q_avg": 7.8,
            "equity": 555787,
            "current_ratio": 1658.17,
            "debt_ratio": 7.95,
            "inventory_turnover_ratio": 0.85,
            "account_receivable_turnover_ratio": 3.18,
            "reinvestment_rate": null,
            "research_to_sale_ratio": null,
            "price_fair": 0,
            "eps_avg_yearly": 0,
            "eps_latest_yearly": 0,
            "eps_growth_yearly": 0
        },
        "20092": {
            "year_quarter": 20092,
            "year": 2009,
            "quarter": 2,
            "eps": -0.25,
            "eps_growth_year": null,
            "eps_4q": -1.51,
            "eps_4q_growth_year": null,
            "roe": -3.52,
            "roe_4q": -19.86,
            "gross_profit": 16398,
            "gross_margin": 27.55,
            "gross_margin_4q_avg": 17.97,
            "net_income": -19221,
            "net_income_4q": null,
            "revenue": 59526,
            "revenue_4q": null,
            "common_shares": 781025,
            "book_valuer_per_share": 6.87,
            "book_valuer_per_share_4q_avg": 7.42,
            "equity": 536566,
            "current_ratio": 939.94,
            "debt_ratio": 10.9,
            "inventory_turnover_ratio": 1.03,
            "account_receivable_turnover_ratio": 3.32,
            "reinvestment_rate": null,
            "research_to_sale_ratio": null,
            "price_fair": 0,
            "eps_avg_yearly": 0,
            "eps_latest_yearly": 0,
            "eps_growth_yearly": 0
        },
        "20093": {
            "year_quarter": 20093,
            "year": 2009,
            "quarter": 3,
            "eps": -0.26,
            "eps_growth_year": null,
            "eps_4q": -1.41,
            "eps_4q_growth_year": null,
            "roe": -3.74,
            "roe_4q": -19.19,
            "gross_profit": 21077,
            "gross_margin": 47.32,
            "gross_margin_4q_avg": 24.5,
            "net_income": -20434,
            "net_income_4q": null,
            "revenue": 44537,
            "revenue_4q": null,
            "common_shares": 781025,
            "book_valuer_per_share": 7.14,
            "book_valuer_per_share_4q_avg": 7.2,
            "equity": 557441,
            "current_ratio": 936.22,
            "debt_ratio": 9.43,
            "inventory_turnover_ratio": 0.57,
            "account_receivable_turnover_ratio": 2.08,
            "reinvestment_rate": null,
            "research_to_sale_ratio": null,
            "price_fair": 0,
            "eps_avg_yearly": 0,
            "eps_latest_yearly": 0,
            "eps_growth_yearly": 0
        },
        "20094": {
            "year_quarter": 20094,
            "year": 2009,
            "quarter": 4,
            "eps": -0.19,
            "eps_growth_year": null,
            "eps_4q": -1.25,
            "eps_4q_growth_year": null,
            "roe": -2.64,
            "roe_4q": -17.53,
            "gross_profit": 19972,
            "gross_margin": 41.17,
            "gross_margin_4q_avg": 26.17,
            "net_income": -14508,
            "net_income_4q": null,
            "revenue": 48509,
            "revenue_4q": null,
            "common_shares": 781025,
            "book_valuer_per_share": 6.92,
            "book_valuer_per_share_4q_avg": 7.01,
            "equity": 541861,
            "current_ratio": 969.3,
            "debt_ratio": 9.07,
            "inventory_turnover_ratio": 0.77,
            "account_receivable_turnover_ratio": 4.07,
            "reinvestment_rate": null,
            "research_to_sale_ratio": null,
            "price_fair": 0,
            "eps_avg_yearly": 0,
            "eps_latest_yearly": 0,
            "eps_growth_yearly": 0
        },
        "20101": {
            "year_quarter": 20101,
            "year": 2010,
            "quarter": 1,
            "eps": -0.13,
            "eps_growth_year": null,
            "eps_4q": -0.82,
            "eps_4q_growth_year": null,
            "roe": -1.92,
            "roe_4q": -11.82,
            "gross_profit": 25860,
            "gross_margin": 45.97,
            "gross_margin_4q_avg": 40.5,
            "net_income": -10365,
            "net_income_4q": null,
            "revenue": 56257,
            "revenue_4q": null,
            "common_shares": 787369,
            "book_valuer_per_share": 6.8,
            "book_valuer_per_share_4q_avg": 6.93,
            "equity": 535413,
            "current_ratio": 695.15,
            "debt_ratio": 11.32,
            "inventory_turnover_ratio": 0.87,
            "account_receivable_turnover_ratio": 1.87,
            "reinvestment_rate": null,
            "research_to_sale_ratio": 40.28,
            "price_fair": 0,
            "eps_avg_yearly": 0,
            "eps_latest_yearly": 0,
            "eps_growth_yearly": 0
        },
        "20102": {
            "year_quarter": 20102,
            "year": 2010,
            "quarter": 2,
            "eps": -0.15,
            "eps_growth_year": null,
            "eps_4q": -0.72,
            "eps_4q_growth_year": null,
            "roe": -2.19,
            "roe_4q": -10.49,
            "gross_profit": 26027,
            "gross_margin": 46.69,
            "gross_margin_4q_avg": 45.29,
            "net_income": -11680,
            "net_income_4q": null,
            "revenue": 55746,
            "revenue_4q": null,
            "common_shares": 792399,
            "book_valuer_per_share": 6.69,
            "book_valuer_per_share_4q_avg": 6.89,
            "equity": 530399,
            "current_ratio": 737.01,
            "debt_ratio": 10.58,
            "inventory_turnover_ratio": 0.76,
            "account_receivable_turnover_ratio": 1.88,
            "reinvestment_rate": null,
            "research_to_sale_ratio": 41.29,
            "price_fair": 0,
            "eps_avg_yearly": 0,
            "eps_latest_yearly": 0,
            "eps_growth_yearly": 0
        },
        "20103": {
            "year_quarter": 20103,
            "year": 2010,
            "quarter": 3,
            "eps": -0.21,
            "eps_growth_year": null,
            "eps_4q": -0.67,
            "eps_4q_growth_year": null,
            "roe": -3.21,
            "roe_4q": -9.96,
            "gross_profit": 19576,
            "gross_margin": 37.64,
            "gross_margin_4q_avg": 42.87,
            "net_income": -16692,
            "net_income_4q": null,
            "revenue": 52015,
            "revenue_4q": null,
            "common_shares": 792399,
            "book_valuer_per_share": 6.45,
            "book_valuer_per_share_4q_avg": 6.72,
            "equity": 510846,
            "current_ratio": 802.15,
            "debt_ratio": 9.84,
            "inventory_turnover_ratio": 0.8,
            "account_receivable_turnover_ratio": 2.35,
            "reinvestment_rate": null,
            "research_to_sale_ratio": 44.45,
            "price_fair": 0,
            "eps_avg_yearly": 0,
            "eps_latest_yearly": 0,
            "eps_growth_yearly": 0
        },
        "20104": {
            "year_quarter": 20104,
            "year": 2010,
            "quarter": 4,
            "eps": -0.34,
            "eps_growth_year": null,
            "eps_4q": -0.83,
            "eps_4q_growth_year": null,
            "roe": -5.46,
            "roe_4q": -12.78,
            "gross_profit": 15669,
            "gross_margin": 33.82,
            "gross_margin_4q_avg": 41.03,
            "net_income": -26876,
            "net_income_4q": null,
            "revenue": 46326,
            "revenue_4q": null,
            "common_shares": 792399,
            "book_valuer_per_share": 5.98,
            "book_valuer_per_share_4q_avg": 6.48,
            "equity": 474093,
            "current_ratio": 696.76,
            "debt_ratio": 10.42,
            "inventory_turnover_ratio": 0.77,
            "account_receivable_turnover_ratio": 2.21,
            "reinvestment_rate": null,
            "research_to_sale_ratio": 54.08,
            "price_fair": 0,
            "eps_avg_yearly": 0,
            "eps_latest_yearly": 0,
            "eps_growth_yearly": 0
        },
        "20111": {
            "year_quarter": 20111,
            "year": 2011,
            "quarter": 1,
            "eps": -0.36,
            "eps_growth_year": null,
            "eps_4q": -1.06,
            "eps_4q_growth_year": null,
            "roe": -6.21,
            "roe_4q": -17.07,
            "gross_profit": 17717,
            "gross_margin": 41.6,
            "gross_margin_4q_avg": 39.94,
            "net_income": -28581,
            "net_income_4q": null,
            "revenue": 42584,
            "revenue_4q": null,
            "common_shares": 792399,
            "book_valuer_per_share": 5.64,
            "book_valuer_per_share_4q_avg": 6.19,
            "equity": 446521,
            "current_ratio": 592.17,
            "debt_ratio": 14.57,
            "inventory_turnover_ratio": 0.66,
            "account_receivable_turnover_ratio": 2.15,
            "reinvestment_rate": null,
            "research_to_sale_ratio": 56.16,
            "price_fair": 0,
            "eps_avg_yearly": 0,
            "eps_latest_yearly": 0,
            "eps_growth_yearly": 0
        },
        "20112": {
            "year_quarter": 20112,
            "year": 2011,
            "quarter": 2,
            "eps": -0.31,
            "eps_growth_year": null,
            "eps_4q": -1.22,
            "eps_4q_growth_year": null,
            "roe": -5.62,
            "roe_4q": -20.5,
            "gross_profit": 17906,
            "gross_margin": 34.46,
            "gross_margin_4q_avg": 36.88,
            "net_income": -24275,
            "net_income_4q": null,
            "revenue": 51964,
            "revenue_4q": null,
            "common_shares": 792399,
            "book_valuer_per_share": 5.26,
            "book_valuer_per_share_4q_avg": 5.83,
            "equity": 416985,
            "current_ratio": 539.66,
            "debt_ratio": 15.43,
            "inventory_turnover_ratio": 0.97,
            "account_receivable_turnover_ratio": 2.48,
            "reinvestment_rate": null,
            "research_to_sale_ratio": 46.41,
            "price_fair": 0,
            "eps_avg_yearly": 0,
            "eps_latest_yearly": 0,
            "eps_growth_yearly": 0
        },
        "20113": {
            "year_quarter": 20113,
            "year": 2011,
            "quarter": 3,
            "eps": -0.34,
            "eps_growth_year": null,
            "eps_4q": -2.12,
            "eps_4q_growth_year": null,
            "roe": -3.69,
            "roe_4q": -20.98,
            "gross_profit": 24223,
            "gross_margin": 41.52,
            "gross_margin_4q_avg": 37.85,
            "net_income": -15237,
            "net_income_4q": null,
            "revenue": 58342,
            "revenue_4q": null,
            "common_shares": 447399,
            "book_valuer_per_share": 9.13,
            "book_valuer_per_share_4q_avg": 6.5,
            "equity": 408332,
            "current_ratio": 470.6,
            "debt_ratio": 15.93,
            "inventory_turnover_ratio": 1.02,
            "account_receivable_turnover_ratio": 2.46,
            "reinvestment_rate": null,
            "research_to_sale_ratio": 38.5,
            "price_fair": 0,
            "eps_avg_yearly": 0,
            "eps_latest_yearly": 0,
            "eps_growth_yearly": 0
        },
        "20114": {
            "year_quarter": 20114,
            "year": 2011,
            "quarter": 4,
            "eps": -0.38,
            "eps_growth_year": null,
            "eps_4q": -1.9,
            "eps_4q_growth_year": null,
            "roe": -4.28,
            "roe_4q": -19.8,
            "gross_profit": 18767,
            "gross_margin": 34.1,
            "gross_margin_4q_avg": 37.92,
            "net_income": -17092,
            "net_income_4q": null,
            "revenue": 55031,
            "revenue_4q": null,
            "common_shares": 448199,
            "book_valuer_per_share": 8.69,
            "book_valuer_per_share_4q_avg": 7.18,
            "equity": 389429,
            "current_ratio": 437.55,
            "debt_ratio": 16.27,
            "inventory_turnover_ratio": 1.09,
            "account_receivable_turnover_ratio": 2.58,
            "reinvestment_rate": null,
            "research_to_sale_ratio": 36.38,
            "price_fair": 0,
            "eps_avg_yearly": 0,
            "eps_latest_yearly": 0,
            "eps_growth_yearly": 0
        },
        "20121": {
            "year_quarter": 20121,
            "year": 2012,
            "quarter": 1,
            "eps": -0.46,
            "eps_growth_year": null,
            "eps_4q": -1.72,
            "eps_4q_growth_year": null,
            "roe": -5.45,
            "roe_4q": -19.04,
            "gross_profit": 20791,
            "gross_margin": 40.32,
            "gross_margin_4q_avg": 37.6,
            "net_income": -20690,
            "net_income_4q": null,
            "revenue": 51560,
            "revenue_4q": null,
            "common_shares": 448629,
            "book_valuer_per_share": 8.25,
            "book_valuer_per_share_4q_avg": 7.83,
            "equity": 369961,
            "current_ratio": 445.89,
            "debt_ratio": 16.18,
            "inventory_turnover_ratio": 0.9,
            "account_receivable_turnover_ratio": 2.55,
            "reinvestment_rate": null,
            "research_to_sale_ratio": 40.92,
            "price_fair": 0,
            "eps_avg_yearly": 0,
            "eps_latest_yearly": 0,
            "eps_growth_yearly": 0
        },
        "20122": {
            "year_quarter": 20122,
            "year": 2012,
            "quarter": 2,
            "eps": -0.37,
            "eps_growth_year": null,
            "eps_4q": -1.55,
            "eps_4q_growth_year": null,
            "roe": -4.6,
            "roe_4q": -18.020000000000003,
            "gross_profit": 21693,
            "gross_margin": 35.4,
            "gross_margin_4q_avg": 37.84,
            "net_income": -16612,
            "net_income_4q": null,
            "revenue": 61286,
            "revenue_4q": null,
            "common_shares": 449219,
            "book_valuer_per_share": 7.83,
            "book_valuer_per_share_4q_avg": 8.48,
            "equity": 351631,
            "current_ratio": 416.25,
            "debt_ratio": 16.44,
            "inventory_turnover_ratio": 1.16,
            "account_receivable_turnover_ratio": 2.24,
            "reinvestment_rate": null,
            "research_to_sale_ratio": 36.67,
            "price_fair": 0,
            "eps_avg_yearly": 0,
            "eps_latest_yearly": 0,
            "eps_growth_yearly": 0
        },
        "20123": {
            "year_quarter": 20123,
            "year": 2012,
            "quarter": 3,
            "eps": -0.48,
            "eps_growth_year": null,
            "eps_4q": -1.69,
            "eps_4q_growth_year": null,
            "roe": -6.4,
            "roe_4q": -20.73,
            "gross_profit": 18066,
            "gross_margin": 28.23,
            "gross_margin_4q_avg": 34.51,
            "net_income": -21662,
            "net_income_4q": null,
            "revenue": 63988,
            "revenue_4q": null,
            "common_shares": 449219,
            "book_valuer_per_share": 7.24,
            "book_valuer_per_share_4q_avg": 8,
            "equity": 325214,
            "current_ratio": 306.07,
            "debt_ratio": 19.59,
            "inventory_turnover_ratio": 1.31,
            "account_receivable_turnover_ratio": 2.34,
            "reinvestment_rate": null,
            "research_to_sale_ratio": 34.54,
            "price_fair": 0,
            "eps_avg_yearly": 0,
            "eps_latest_yearly": 0,
            "eps_growth_yearly": 0
        },
        "20124": {
            "year_quarter": 20124,
            "year": 2012,
            "quarter": 4,
            "eps": -0.39,
            "eps_growth_year": null,
            "eps_4q": -1.7,
            "eps_4q_growth_year": null,
            "roe": -5.44,
            "roe_4q": -21.889999999999997,
            "gross_profit": 19140,
            "gross_margin": 31.51,
            "gross_margin_4q_avg": 33.87,
            "net_income": -17304,
            "net_income_4q": null,
            "revenue": 60737,
            "revenue_4q": null,
            "common_shares": 449219,
            "book_valuer_per_share": 6.92,
            "book_valuer_per_share_4q_avg": 7.56,
            "equity": 310737,
            "current_ratio": 295.6,
            "debt_ratio": 19.55,
            "inventory_turnover_ratio": 1.16,
            "account_receivable_turnover_ratio": 2.69,
            "reinvestment_rate": null,
            "research_to_sale_ratio": 34.23,
            "price_fair": 0,
            "eps_avg_yearly": 0,
            "eps_latest_yearly": 0,
            "eps_growth_yearly": 0
        },
        "20131": {
            "year_quarter": 20131,
            "year": 2013,
            "quarter": 1,
            "eps": -0.48,
            "eps_growth_year": null,
            "eps_4q": -1.71,
            "eps_4q_growth_year": null,
            "roe": -6.89,
            "roe_4q": -23.33,
            "gross_profit": 14074,
            "gross_margin": 26.09,
            "gross_margin_4q_avg": 30.31,
            "net_income": -21388,
            "net_income_4q": null,
            "revenue": 53936,
            "revenue_4q": null,
            "common_shares": 449219,
            "book_valuer_per_share": 6.91,
            "book_valuer_per_share_4q_avg": 7.23,
            "equity": 310363,
            "current_ratio": 227.85,
            "debt_ratio": 18.11,
            "inventory_turnover_ratio": 1.05,
            "account_receivable_turnover_ratio": 2.44,
            "reinvestment_rate": null,
            "research_to_sale_ratio": 37.07,
            "price_fair": 0,
            "eps_avg_yearly": 0,
            "eps_latest_yearly": 0,
            "eps_growth_yearly": 0
        },
        "20132": {
            "year_quarter": 20132,
            "year": 2013,
            "quarter": 2,
            "eps": -0.22,
            "eps_growth_year": null,
            "eps_4q": -1.56,
            "eps_4q_growth_year": null,
            "roe": -3.21,
            "roe_4q": -21.939999999999998,
            "gross_profit": 19735,
            "gross_margin": 29.98,
            "gross_margin_4q_avg": 28.95,
            "net_income": -9922,
            "net_income_4q": null,
            "revenue": 65829,
            "revenue_4q": null,
            "common_shares": 449219,
            "book_valuer_per_share": 6.86,
            "book_valuer_per_share_4q_avg": 6.98,
            "equity": 308333,
            "current_ratio": 285.13,
            "debt_ratio": 18.41,
            "inventory_turnover_ratio": 1.05,
            "account_receivable_turnover_ratio": 2.72,
            "reinvestment_rate": null,
            "research_to_sale_ratio": 28.46,
            "price_fair": 0,
            "eps_avg_yearly": 0,
            "eps_latest_yearly": 0,
            "eps_growth_yearly": 0
        },
        "20133": {
            "year_quarter": 20133,
            "year": 2013,
            "quarter": 3,
            "eps": -0.01,
            "eps_growth_year": null,
            "eps_4q": -1.09,
            "eps_4q_growth_year": null,
            "roe": -0.16,
            "roe_4q": -15.7,
            "gross_profit": 21456,
            "gross_margin": 24.44,
            "gross_margin_4q_avg": 28.01,
            "net_income": -491,
            "net_income_4q": null,
            "revenue": 87789,
            "revenue_4q": null,
            "common_shares": 449219,
            "book_valuer_per_share": 6.8,
            "book_valuer_per_share_4q_avg": 6.87,
            "equity": 305494,
            "current_ratio": 210.47,
            "debt_ratio": 25.87,
            "inventory_turnover_ratio": 1.19,
            "account_receivable_turnover_ratio": 2.09,
            "reinvestment_rate": null,
            "research_to_sale_ratio": 19.28,
            "price_fair": 0,
            "eps_avg_yearly": 0,
            "eps_latest_yearly": 0,
            "eps_growth_yearly": 0
        },
        "20134": {
            "year_quarter": 20134,
            "year": 2013,
            "quarter": 4,
            "eps": -0.53,
            "eps_growth_year": null,
            "eps_4q": -1.24,
            "eps_4q_growth_year": null,
            "roe": -7.91,
            "roe_4q": -18.17,
            "gross_profit": 21407,
            "gross_margin": 22.68,
            "gross_margin_4q_avg": 25.8,
            "net_income": -24070,
            "net_income_4q": null,
            "revenue": 94395,
            "revenue_4q": null,
            "common_shares": 449219,
            "book_valuer_per_share": 6.74,
            "book_valuer_per_share_4q_avg": 6.83,
            "equity": 303390,
            "current_ratio": 244.79,
            "debt_ratio": 26.56,
            "inventory_turnover_ratio": 1.09,
            "account_receivable_turnover_ratio": 1.64,
            "reinvestment_rate": null,
            "research_to_sale_ratio": 15.82,
            "price_fair": 0,
            "eps_avg_yearly": 0,
            "eps_latest_yearly": 0,
            "eps_growth_yearly": 0
        },
        "20141": {
            "year_quarter": 20141,
            "year": 2014,
            "quarter": 1,
            "eps": -0.4,
            "eps_growth_year": null,
            "eps_4q": -1.16,
            "eps_4q_growth_year": null,
            "roe": -6.11,
            "roe_4q": -17.39,
            "gross_profit": 12643,
            "gross_margin": 11.24,
            "gross_margin_4q_avg": 22.09,
            "net_income": -18159,
            "net_income_4q": null,
            "revenue": 112483,
            "revenue_4q": null,
            "common_shares": 452979,
            "book_valuer_per_share": 6.43,
            "book_valuer_per_share_4q_avg": 6.71,
            "equity": 291365,
            "current_ratio": 185.44,
            "debt_ratio": 31.86,
            "inventory_turnover_ratio": 1.5,
            "account_receivable_turnover_ratio": 1.8,
            "reinvestment_rate": null,
            "research_to_sale_ratio": 14.71,
            "price_fair": 0,
            "eps_avg_yearly": 0,
            "eps_latest_yearly": 0,
            "eps_growth_yearly": 0
        },
        "20142": {
            "year_quarter": 20142,
            "year": 2014,
            "quarter": 2,
            "eps": -0.27,
            "eps_growth_year": null,
            "eps_4q": -1.21,
            "eps_4q_growth_year": null,
            "roe": -4.32,
            "roe_4q": -18.5,
            "gross_profit": 18908,
            "gross_margin": 15.44,
            "gross_margin_4q_avg": 18.45,
            "net_income": -12193,
            "net_income_4q": null,
            "revenue": 122455,
            "revenue_4q": null,
            "common_shares": 453279,
            "book_valuer_per_share": 6.03,
            "book_valuer_per_share_4q_avg": 6.5,
            "equity": 273372,
            "current_ratio": 151,
            "debt_ratio": 39.26,
            "inventory_turnover_ratio": 1.65,
            "account_receivable_turnover_ratio": 1.46,
            "reinvestment_rate": null,
            "research_to_sale_ratio": 12.11,
            "price_fair": 0,
            "eps_avg_yearly": 0,
            "eps_latest_yearly": 0,
            "eps_growth_yearly": 0
        },
        "20143": {
            "year_quarter": 20143,
            "year": 2014,
            "quarter": 3,
            "eps": -0.22,
            "eps_growth_year": null,
            "eps_4q": -1.41,
            "eps_4q_growth_year": null,
            "roe": -3.58,
            "roe_4q": -21.92,
            "gross_profit": 19925,
            "gross_margin": 16.09,
            "gross_margin_4q_avg": 16.36,
            "net_income": -9771,
            "net_income_4q": null,
            "revenue": 123831,
            "revenue_4q": null,
            "common_shares": 453879,
            "book_valuer_per_share": 5.99,
            "book_valuer_per_share_4q_avg": 6.3,
            "equity": 271818,
            "current_ratio": 141.71,
            "debt_ratio": 40.16,
            "inventory_turnover_ratio": 1.67,
            "account_receivable_turnover_ratio": 1.16,
            "reinvestment_rate": null,
            "research_to_sale_ratio": 11.88,
            "price_fair": 0,
            "eps_avg_yearly": 0,
            "eps_latest_yearly": 0,
            "eps_growth_yearly": 0
        },
        "20144": {
            "year_quarter": 20144,
            "year": 2014,
            "quarter": 4,
            "eps": -0.04,
            "eps_growth_year": null,
            "eps_4q": -0.8,
            "eps_4q_growth_year": null,
            "roe": -0.75,
            "roe_4q": -14.760000000000002,
            "gross_profit": 24171,
            "gross_margin": 21.54,
            "gross_margin_4q_avg": 16.08,
            "net_income": -2344,
            "net_income_4q": null,
            "revenue": 112189,
            "revenue_4q": null,
            "common_shares": 529879,
            "book_valuer_per_share": 6.64,
            "book_valuer_per_share_4q_avg": 6.27,
            "equity": 351584,
            "current_ratio": 177.26,
            "debt_ratio": 36.45,
            "inventory_turnover_ratio": 1.51,
            "account_receivable_turnover_ratio": 0.77,
            "reinvestment_rate": null,
            "research_to_sale_ratio": 11.23,
            "price_fair": 0,
            "eps_avg_yearly": 0,
            "eps_latest_yearly": 0,
            "eps_growth_yearly": 0
        },
        "20151": {
            "year_quarter": 20151,
            "year": 2015,
            "quarter": 1,
            "eps": -0.03,
            "eps_growth_year": null,
            "eps_4q": -0.49,
            "eps_4q_growth_year": null,
            "roe": -0.53,
            "roe_4q": -9.18,
            "gross_profit": 27183,
            "gross_margin": 23.16,
            "gross_margin_4q_avg": 19.06,
            "net_income": -1839,
            "net_income_4q": null,
            "revenue": 117346,
            "revenue_4q": null,
            "common_shares": 529879,
            "book_valuer_per_share": 6.53,
            "book_valuer_per_share_4q_avg": 6.3,
            "equity": 346066,
            "current_ratio": 168.86,
            "debt_ratio": 37.85,
            "inventory_turnover_ratio": 1.7,
            "account_receivable_turnover_ratio": 0.58,
            "reinvestment_rate": null,
            "research_to_sale_ratio": 10.74,
            "price_fair": 0,
            "eps_avg_yearly": 0,
            "eps_latest_yearly": 0,
            "eps_growth_yearly": 0
        },
        "20152": {
            "year_quarter": 20152,
            "year": 2015,
            "quarter": 2,
            "eps": -0.01,
            "eps_growth_year": null,
            "eps_4q": -0.28,
            "eps_4q_growth_year": null,
            "roe": -0.22,
            "roe_4q": -5.08,
            "gross_profit": 27824,
            "gross_margin": 22.17,
            "gross_margin_4q_avg": 20.74,
            "net_income": -771,
            "net_income_4q": null,
            "revenue": 125477,
            "revenue_4q": null,
            "common_shares": 529879,
            "book_valuer_per_share": 6.42,
            "book_valuer_per_share_4q_avg": 6.4,
            "equity": 340252,
            "current_ratio": 185.72,
            "debt_ratio": 32.42,
            "inventory_turnover_ratio": 1.94,
            "account_receivable_turnover_ratio": 0.63,
            "reinvestment_rate": null,
            "research_to_sale_ratio": 8.89,
            "price_fair": 0,
            "eps_avg_yearly": 0,
            "eps_latest_yearly": 0,
            "eps_growth_yearly": 0
        },
        "20153": {
            "year_quarter": 20153,
            "year": 2015,
            "quarter": 3,
            "eps": -0.04,
            "eps_growth_year": null,
            "eps_4q": -0.14,
            "eps_4q_growth_year": null,
            "roe": -0.66,
            "roe_4q": -2.16,
            "gross_profit": 25459,
            "gross_margin": 22.71,
            "gross_margin_4q_avg": 22.4,
            "net_income": -2279,
            "net_income_4q": null,
            "revenue": 112129,
            "revenue_4q": null,
            "common_shares": 529879,
            "book_valuer_per_share": 6.53,
            "book_valuer_per_share_4q_avg": 6.53,
            "equity": 345787,
            "current_ratio": 181.84,
            "debt_ratio": 32.87,
            "inventory_turnover_ratio": 1.58,
            "account_receivable_turnover_ratio": 0.66,
            "reinvestment_rate": null,
            "research_to_sale_ratio": 9.49,
            "price_fair": 0,
            "eps_avg_yearly": 0,
            "eps_latest_yearly": 0,
            "eps_growth_yearly": 0
        },
        "20154": {
            "year_quarter": 20154,
            "year": 2015,
            "quarter": 4,
            "eps": -0.17,
            "eps_growth_year": null,
            "eps_4q": -0.26,
            "eps_4q_growth_year": null,
            "roe": -2.58,
            "roe_4q": -3.99,
            "gross_profit": 20952,
            "gross_margin": 31.58,
            "gross_margin_4q_avg": 24.91,
            "net_income": -8779,
            "net_income_4q": null,
            "revenue": 66339,
            "revenue_4q": null,
            "common_shares": 529879,
            "book_valuer_per_share": 6.3,
            "book_valuer_per_share_4q_avg": 6.45,
            "equity": 333674,
            "current_ratio": 157.14,
            "debt_ratio": 36.97,
            "inventory_turnover_ratio": 0.66,
            "account_receivable_turnover_ratio": 0.43,
            "reinvestment_rate": null,
            "research_to_sale_ratio": 13.82,
            "price_fair": 0,
            "eps_avg_yearly": 0,
            "eps_latest_yearly": 0,
            "eps_growth_yearly": 0
        },
        "20161": {
            "year_quarter": 20161,
            "year": 2016,
            "quarter": 1,
            "eps": -0.32,
            "eps_growth_year": null,
            "eps_4q": -0.54,
            "eps_4q_growth_year": null,
            "roe": -5.26,
            "roe_4q": -8.72,
            "gross_profit": 16870,
            "gross_margin": 35.96,
            "gross_margin_4q_avg": 28.11,
            "net_income": -16991,
            "net_income_4q": null,
            "revenue": 46908,
            "revenue_4q": null,
            "common_shares": 529879,
            "book_valuer_per_share": 5.9,
            "book_valuer_per_share_4q_avg": 6.29,
            "equity": 312624,
            "current_ratio": 110.57,
            "debt_ratio": 35.38,
            "inventory_turnover_ratio": 0.42,
            "account_receivable_turnover_ratio": 0.49,
            "reinvestment_rate": null,
            "research_to_sale_ratio": 22.04,
            "price_fair": 0,
            "eps_avg_yearly": 0,
            "eps_latest_yearly": 0,
            "eps_growth_yearly": 0
        },
        "20162": {
            "year_quarter": 20162,
            "year": 2016,
            "quarter": 2,
            "eps": -0.18,
            "eps_growth_year": null,
            "eps_4q": -0.71,
            "eps_4q_growth_year": null,
            "roe": -3.05,
            "roe_4q": -11.549999999999999,
            "gross_profit": 12310,
            "gross_margin": 23.15,
            "gross_margin_4q_avg": 28.35,
            "net_income": -9858,
            "net_income_4q": null,
            "revenue": 53179,
            "revenue_4q": null,
            "common_shares": 529879,
            "book_valuer_per_share": 5.94,
            "book_valuer_per_share_4q_avg": 6.17,
            "equity": 334349,
            "current_ratio": 102,
            "debt_ratio": 30.09,
            "inventory_turnover_ratio": 0.7,
            "account_receivable_turnover_ratio": 1.61,
            "reinvestment_rate": null,
            "research_to_sale_ratio": 16.55,
            "price_fair": 0,
            "eps_avg_yearly": 0,
            "eps_latest_yearly": 0,
            "eps_growth_yearly": 0
        },
        "20163": {
            "year_quarter": 20163,
            "year": 2016,
            "quarter": 3,
            "eps": -0.3,
            "eps_growth_year": null,
            "eps_4q": -0.76,
            "eps_4q_growth_year": null,
            "roe": -5.09,
            "roe_4q": -15.98,
            "gross_profit": 11031,
            "gross_margin": 24.26,
            "gross_margin_4q_avg": 28.74,
            "net_income": -18941,
            "net_income_4q": null,
            "revenue": 45477,
            "revenue_4q": null,
            "common_shares": 698229,
            "book_valuer_per_share": 5.6,
            "book_valuer_per_share_4q_avg": 5.94,
            "equity": 409408,
            "current_ratio": 149.68,
            "debt_ratio": 25.65,
            "inventory_turnover_ratio": 0.66,
            "account_receivable_turnover_ratio": 3.35,
            "reinvestment_rate": null,
            "research_to_sale_ratio": 17.71,
            "price_fair": 0,
            "eps_avg_yearly": 0,
            "eps_latest_yearly": 0,
            "eps_growth_yearly": 0
        },
        "20164": {
            "year_quarter": 20164,
            "year": 2016,
            "quarter": 4,
            "eps": -0.39,
            "eps_growth_year": null,
            "eps_4q": -1.03,
            "eps_4q_growth_year": null,
            "roe": -7.13,
            "roe_4q": -20.53,
            "gross_profit": 5052,
            "gross_margin": 11.05,
            "gross_margin_4q_avg": 23.61,
            "net_income": -28176,
            "net_income_4q": null,
            "revenue": 45699,
            "revenue_4q": null,
            "common_shares": 698229,
            "book_valuer_per_share": 5.2,
            "book_valuer_per_share_4q_avg": 5.66,
            "equity": 381092,
            "current_ratio": 124.01,
            "debt_ratio": 28.11,
            "inventory_turnover_ratio": 0.83,
            "account_receivable_turnover_ratio": 4.69,
            "reinvestment_rate": null,
            "research_to_sale_ratio": 25.23,
            "price_fair": 0,
            "eps_avg_yearly": 0,
            "eps_latest_yearly": 0,
            "eps_growth_yearly": 0
        },
        "20171": {
            "year_quarter": 20171,
            "year": 2017,
            "quarter": 1,
            "eps": -0.27,
            "eps_growth_year": null,
            "eps_4q": -1.05,
            "eps_4q_growth_year": null,
            "roe": -5.35,
            "roe_4q": -20.62,
            "gross_profit": 12453,
            "gross_margin": 30.8,
            "gross_margin_4q_avg": 22.32,
            "net_income": -19658,
            "net_income_4q": null,
            "revenue": 40431,
            "revenue_4q": null,
            "common_shares": 698229,
            "book_valuer_per_share": 4.83,
            "book_valuer_per_share_4q_avg": 5.39,
            "equity": 354282,
            "current_ratio": 109.5,
            "debt_ratio": 28.17,
            "inventory_turnover_ratio": 0.6,
            "account_receivable_turnover_ratio": 3.92,
            "reinvestment_rate": null,
            "research_to_sale_ratio": 22.57,
            "price_fair": 0,
            "eps_avg_yearly": 0,
            "eps_latest_yearly": 0,
            "eps_growth_yearly": 0
        },
        "20172": {
            "year_quarter": 20172,
            "year": 2017,
            "quarter": 2,
            "eps": -0.24,
            "eps_growth_year": null,
            "eps_4q": -1.16,
            "eps_4q_growth_year": null,
            "roe": -5.38,
            "roe_4q": -22.95,
            "gross_profit": 12629,
            "gross_margin": 33.46,
            "gross_margin_4q_avg": 24.89,
            "net_income": -18279,
            "net_income_4q": null,
            "revenue": 37745,
            "revenue_4q": null,
            "common_shares": 698229,
            "book_valuer_per_share": 4.43,
            "book_valuer_per_share_4q_avg": 5.02,
            "equity": 325473,
            "current_ratio": 96.37,
            "debt_ratio": 31.78,
            "inventory_turnover_ratio": 0.49,
            "account_receivable_turnover_ratio": 2.85,
            "reinvestment_rate": null,
            "research_to_sale_ratio": 22.79,
            "price_fair": 0,
            "eps_avg_yearly": 0,
            "eps_latest_yearly": 0,
            "eps_growth_yearly": 0
        },
        "20173": {
            "year_quarter": 20173,
            "year": 2017,
            "quarter": 3,
            "eps": -0.52,
            "eps_growth_year": null,
            "eps_4q": -1.43,
            "eps_4q_growth_year": null,
            "roe": -12.06,
            "roe_4q": -29.919999999999998,
            "gross_profit": 9881,
            "gross_margin": 27.62,
            "gross_margin_4q_avg": 25.73,
            "net_income": -39556,
            "net_income_4q": null,
            "revenue": 35776,
            "revenue_4q": null,
            "common_shares": 698229,
            "book_valuer_per_share": 4,
            "book_valuer_per_share_4q_avg": 4.62,
            "equity": 330398,
            "current_ratio": 118.04,
            "debt_ratio": 25.99,
            "inventory_turnover_ratio": 0.53,
            "account_receivable_turnover_ratio": 2.94,
            "reinvestment_rate": null,
            "research_to_sale_ratio": 24.44,
            "price_fair": 0,
            "eps_avg_yearly": 0,
            "eps_latest_yearly": 0,
            "eps_growth_yearly": 0
        },
        "20174": {
            "year_quarter": 20174,
            "year": 2017,
            "quarter": 4,
            "eps": -0.39,
            "eps_growth_year": null,
            "eps_4q": -1.42,
            "eps_4q_growth_year": null,
            "roe": -9.68,
            "roe_4q": -32.47,
            "gross_profit": 9430,
            "gross_margin": 25.77,
            "gross_margin_4q_avg": 29.41,
            "net_income": -30511,
            "net_income_4q": null,
            "revenue": 36592,
            "revenue_4q": null,
            "common_shares": 698229,
            "book_valuer_per_share": 3.6,
            "book_valuer_per_share_4q_avg": 4.22,
            "equity": 299666,
            "current_ratio": 101.33,
            "debt_ratio": 32.67,
            "inventory_turnover_ratio": 0.65,
            "account_receivable_turnover_ratio": 3.25,
            "reinvestment_rate": null,
            "research_to_sale_ratio": 23.14,
            "price_fair": 0,
            "eps_avg_yearly": 0,
            "eps_latest_yearly": 0,
            "eps_growth_yearly": 0
        },
        "20181": {
            "year_quarter": 20181,
            "year": 2018,
            "quarter": 1,
            "eps": -0.16,
            "eps_growth_year": null,
            "eps_4q": -1.32,
            "eps_4q_growth_year": null,
            "roe": -5.49,
            "roe_4q": -32.61,
            "gross_profit": 10995,
            "gross_margin": 31.7,
            "gross_margin_4q_avg": 29.64,
            "net_income": -16723,
            "net_income_4q": null,
            "revenue": 34683,
            "revenue_4q": null,
            "common_shares": 698229,
            "book_valuer_per_share": 3.44,
            "book_valuer_per_share_4q_avg": 3.87,
            "equity": 309840,
            "current_ratio": 119.21,
            "debt_ratio": 25.88,
            "inventory_turnover_ratio": 0.62,
            "account_receivable_turnover_ratio": 2.72,
            "reinvestment_rate": null,
            "research_to_sale_ratio": 19.16,
            "price_fair": 0,
            "eps_avg_yearly": 0,
            "eps_latest_yearly": 0,
            "eps_growth_yearly": 0
        },
        "20182": {
            "year_quarter": 20182,
            "year": 2018,
            "quarter": 2,
            "eps": -0.13,
            "eps_growth_year": null,
            "eps_4q": -1.2,
            "eps_4q_growth_year": null,
            "roe": -5.04,
            "roe_4q": -32.27,
            "gross_profit": 11284,
            "gross_margin": 29.54,
            "gross_margin_4q_avg": 28.66,
            "net_income": -15331,
            "net_income_4q": null,
            "revenue": 38194,
            "revenue_4q": null,
            "common_shares": 698229,
            "book_valuer_per_share": 3.36,
            "book_valuer_per_share_4q_avg": 3.6,
            "equity": 298008,
            "current_ratio": 100.4,
            "debt_ratio": 30.58,
            "inventory_turnover_ratio": 0.79,
            "account_receivable_turnover_ratio": 3.01,
            "reinvestment_rate": null,
            "research_to_sale_ratio": 18.97,
            "price_fair": 0,
            "eps_avg_yearly": 0,
            "eps_latest_yearly": 0,
            "eps_growth_yearly": 0
        },
        "20183": {
            "year_quarter": 20183,
            "year": 2018,
            "quarter": 3,
            "eps": -0.08,
            "eps_growth_year": null,
            "eps_4q": -0.76,
            "eps_4q_growth_year": null,
            "roe": -3.89,
            "roe_4q": -24.1,
            "gross_profit": 13598,
            "gross_margin": 40.29,
            "gross_margin_4q_avg": 31.83,
            "net_income": -11302,
            "net_income_4q": null,
            "revenue": 33749,
            "revenue_4q": null,
            "common_shares": 698229,
            "book_valuer_per_share": 3.21,
            "book_valuer_per_share_4q_avg": 3.4,
            "equity": 282453,
            "current_ratio": 82.78,
            "debt_ratio": 34.63,
            "inventory_turnover_ratio": 0.57,
            "account_receivable_turnover_ratio": 3.07,
            "reinvestment_rate": null,
            "research_to_sale_ratio": 29.34,
            "price_fair": 0,
            "eps_avg_yearly": 0,
            "eps_latest_yearly": 0,
            "eps_growth_yearly": 0
        },
        "20184": {
            "year_quarter": 20184,
            "year": 2018,
            "quarter": 4,
            "eps": -0.4,
            "eps_growth_year": null,
            "eps_4q": -0.77,
            "eps_4q_growth_year": null,
            "roe": -12.69,
            "roe_4q": -27.11,
            "gross_profit": 9701,
            "gross_margin": 31.28,
            "gross_margin_4q_avg": 33.2,
            "net_income": -33058,
            "net_income_4q": null,
            "revenue": 31017,
            "revenue_4q": null,
            "common_shares": 698229,
            "book_valuer_per_share": 2.66,
            "book_valuer_per_share_4q_avg": 3.17,
            "equity": 238598,
            "current_ratio": 63.89,
            "debt_ratio": 40.74,
            "inventory_turnover_ratio": 0.57,
            "account_receivable_turnover_ratio": 3.37,
            "reinvestment_rate": null,
            "research_to_sale_ratio": 18.26,
            "price_fair": 0,
            "eps_avg_yearly": 0,
            "eps_latest_yearly": 0,
            "eps_growth_yearly": 0
        },
        "20191": {
            "year_quarter": 20191,
            "year": 2019,
            "quarter": 1,
            "eps": -0.18,
            "eps_growth_year": null,
            "eps_4q": -0.8,
            "eps_4q_growth_year": null,
            "roe": -7.12,
            "roe_4q": -28.74,
            "gross_profit": 8409,
            "gross_margin": 30,
            "gross_margin_4q_avg": 32.78,
            "net_income": -16779,
            "net_income_4q": null,
            "revenue": 28034,
            "revenue_4q": null,
            "common_shares": 698229,
            "book_valuer_per_share": 2.5,
            "book_valuer_per_share_4q_avg": 2.93,
            "equity": 232407,
            "current_ratio": 56.52,
            "debt_ratio": 44.33,
            "inventory_turnover_ratio": 0.56,
            "account_receivable_turnover_ratio": 3.28,
            "reinvestment_rate": null,
            "research_to_sale_ratio": 15.35,
            "price_fair": 0,
            "eps_avg_yearly": 0,
            "eps_latest_yearly": 0,
            "eps_growth_yearly": 0
        },
        "20192": {
            "year_quarter": 20192,
            "year": 2019,
            "quarter": 2,
            "eps": -0.12,
            "eps_growth_year": null,
            "eps_4q": -0.79,
            "eps_4q_growth_year": null,
            "roe": -5.17,
            "roe_4q": -28.869999999999997,
            "gross_profit": 9308,
            "gross_margin": 26.25,
            "gross_margin_4q_avg": 31.96,
            "net_income": -11730,
            "net_income_4q": null,
            "revenue": 35454,
            "revenue_4q": null,
            "common_shares": 698229,
            "book_valuer_per_share": 2.38,
            "book_valuer_per_share_4q_avg": 2.69,
            "equity": 220955,
            "current_ratio": 51.53,
            "debt_ratio": 46.08,
            "inventory_turnover_ratio": 0.95,
            "account_receivable_turnover_ratio": 4.16,
            "reinvestment_rate": null,
            "research_to_sale_ratio": 13.22,
            "price_fair": 0,
            "eps_avg_yearly": 0,
            "eps_latest_yearly": 0,
            "eps_growth_yearly": 0
        },
        "20193": {
            "year_quarter": 20193,
            "year": 2019,
            "quarter": 3,
            "eps": -0.15,
            "eps_growth_year": null,
            "eps_4q": -2.64,
            "eps_4q_growth_year": null,
            "roe": -1.99,
            "roe_4q": -26.97,
            "gross_profit": 11618,
            "gross_margin": 36.64,
            "gross_margin_4q_avg": 31.04,
            "net_income": -4254,
            "net_income_4q": null,
            "revenue": 31707,
            "revenue_4q": null,
            "common_shares": 198229,
            "book_valuer_per_share": 7.76,
            "book_valuer_per_share_4q_avg": 3.83,
            "equity": 207305,
            "current_ratio": 91.8,
            "debt_ratio": 38.33,
            "inventory_turnover_ratio": 0.83,
            "account_receivable_turnover_ratio": 3.36,
            "reinvestment_rate": null,
            "research_to_sale_ratio": 15.08,
            "price_fair": 0,
            "eps_avg_yearly": 0,
            "eps_latest_yearly": 0,
            "eps_growth_yearly": 0
        },
        "20194": {
            "year_quarter": 20194,
            "year": 2019,
            "quarter": 4,
            "eps": -2.24,
            "eps_growth_year": null,
            "eps_4q": -3.47,
            "eps_4q_growth_year": null,
            "roe": -51.5,
            "roe_4q": -65.78,
            "gross_profit": 14393,
            "gross_margin": 35.58,
            "gross_margin_4q_avg": 32.12,
            "net_income": -84912,
            "net_income_4q": null,
            "revenue": 40449,
            "revenue_4q": null,
            "common_shares": 198229,
            "book_valuer_per_share": 5.51,
            "book_valuer_per_share_4q_avg": 4.54,
            "equity": 122451,
            "current_ratio": 57.29,
            "debt_ratio": 59.77,
            "inventory_turnover_ratio": 0.96,
            "account_receivable_turnover_ratio": 3.97,
            "reinvestment_rate": null,
            "research_to_sale_ratio": 4.89,
            "price_fair": 0,
            "eps_avg_yearly": 0,
            "eps_latest_yearly": 0,
            "eps_growth_yearly": 0
        },
        "20201": {
            "year_quarter": 20201,
            "year": 2020,
            "quarter": 1,
            "eps": -0.2,
            "eps_growth_year": null,
            "eps_4q": -3.02,
            "eps_4q_growth_year": null,
            "roe": -4.67,
            "roe_4q": -63.330000000000005,
            "gross_profit": 11644,
            "gross_margin": 37.73,
            "gross_margin_4q_avg": 34.05,
            "net_income": -5588,
            "net_income_4q": null,
            "revenue": 30859,
            "revenue_4q": null,
            "common_shares": 198229,
            "book_valuer_per_share": 5.31,
            "book_valuer_per_share_4q_avg": 5.24,
            "equity": 116884,
            "current_ratio": 58.5,
            "debt_ratio": 62.04,
            "inventory_turnover_ratio": 0.71,
            "account_receivable_turnover_ratio": 3.2,
            "reinvestment_rate": null,
            "research_to_sale_ratio": 6.32,
            "price_fair": 0,
            "eps_avg_yearly": 0,
            "eps_latest_yearly": 0,
            "eps_growth_yearly": 0
        },
        "20202": {
            "year_quarter": 20202,
            "year": 2020,
            "quarter": 2,
            "eps": 0.13,
            "eps_growth_year": null,
            "eps_4q": -2.47,
            "eps_4q_growth_year": null,
            "roe": 0.62,
            "roe_4q": -57.54,
            "gross_profit": 15078,
            "gross_margin": 36.17,
            "gross_margin_4q_avg": 36.53,
            "net_income": 729,
            "net_income_4q": null,
            "revenue": 41689,
            "revenue_4q": null,
            "common_shares": 198229,
            "book_valuer_per_share": 5.88,
            "book_valuer_per_share_4q_avg": 6.12,
            "equity": 116518,
            "current_ratio": 76.1,
            "debt_ratio": 61.5,
            "inventory_turnover_ratio": 0.97,
            "account_receivable_turnover_ratio": 4.11,
            "reinvestment_rate": null,
            "research_to_sale_ratio": 5.33,
            "price_fair": 0,
            "eps_avg_yearly": 0,
            "eps_latest_yearly": 0,
            "eps_growth_yearly": 0
        },
        "20203": {
            "year_quarter": 20203,
            "year": 2020,
            "quarter": 3,
            "eps": 0.11,
            "eps_growth_year": null,
            "eps_4q": -2.2,
            "eps_4q_growth_year": null,
            "roe": 1.87,
            "roe_4q": -53.68,
            "gross_profit": 10004,
            "gross_margin": 36.7,
            "gross_margin_4q_avg": 36.55,
            "net_income": 2189,
            "net_income_4q": null,
            "revenue": 27258,
            "revenue_4q": null,
            "common_shares": 198229,
            "book_valuer_per_share": 5.95,
            "book_valuer_per_share_4q_avg": 5.66,
            "equity": 117989,
            "current_ratio": 79.41,
            "debt_ratio": 56.68,
            "inventory_turnover_ratio": 0.58,
            "account_receivable_turnover_ratio": 2.81,
            "reinvestment_rate": null,
            "research_to_sale_ratio": 7.89,
            "price_fair": 1.32,
            "eps_avg_yearly": 0.44,
            "eps_latest_yearly": 0.44,
            "eps_growth_yearly": -61.54
        },
        "20204": {
            "year_quarter": 20204,
            "year": 2020,
            "quarter": 4,
            "eps": -0.52,
            "eps_growth_year": null,
            "eps_4q": -0.48,
            "eps_4q_growth_year": null,
            "roe": -9.36,
            "roe_4q": -11.54,
            "gross_profit": 13411,
            "gross_margin": 31.28,
            "gross_margin_4q_avg": 35.47,
            "net_income": -10296,
            "net_income_4q": null,
            "revenue": 42878,
            "revenue_4q": null,
            "common_shares": 198229,
            "book_valuer_per_share": 5.15,
            "book_valuer_per_share_4q_avg": 5.57,
            "equity": 102066,
            "current_ratio": 82.53,
            "debt_ratio": 60.16,
            "inventory_turnover_ratio": 1.11,
            "account_receivable_turnover_ratio": 5.6,
            "reinvestment_rate": null,
            "research_to_sale_ratio": 4.68,
            "price_fair": 1.32,
            "eps_avg_yearly": 0.44,
            "eps_latest_yearly": 0.44,
            "eps_growth_yearly": -61.54
        },
        "20211": {
            "year_quarter": 20211,
            "year": 2021,
            "quarter": 1,
            "eps": -0.28,
            "eps_growth_year": null,
            "eps_4q": -0.42,
            "eps_4q_growth_year": null,
            "roe": -4.28,
            "roe_4q": -11.15,
            "gross_profit": 11750,
            "gross_margin": 39.38,
            "gross_margin_4q_avg": 35.88,
            "net_income": -6094,
            "net_income_4q": null,
            "revenue": 29838,
            "revenue_4q": null,
            "common_shares": 278229,
            "book_valuer_per_share": 6.56,
            "book_valuer_per_share_4q_avg": 5.89,
            "equity": 182653,
            "current_ratio": 219.59,
            "debt_ratio": 36.2,
            "inventory_turnover_ratio": 0.71,
            "account_receivable_turnover_ratio": 4.8,
            "reinvestment_rate": null,
            "research_to_sale_ratio": 6.74,
            "price_fair": 1.32,
            "eps_avg_yearly": 0.44,
            "eps_latest_yearly": 0.44,
            "eps_growth_yearly": -61.54
        },
        "20212": {
            "year_quarter": 20212,
            "year": 2021,
            "quarter": 2,
            "eps": 0.1,
            "eps_growth_year": -23.08,
            "eps_4q": -0.41,
            "eps_4q_growth_year": null,
            "roe": 1.45,
            "roe_4q": -10.32,
            "gross_profit": 14307,
            "gross_margin": 39.82,
            "gross_margin_4q_avg": 36.8,
            "net_income": 2672,
            "net_income_4q": null,
            "revenue": 35932,
            "revenue_4q": null,
            "common_shares": 278229,
            "book_valuer_per_share": 6.66,
            "book_valuer_per_share_4q_avg": 6.08,
            "equity": 185325,
            "current_ratio": 352.09,
            "debt_ratio": 28.52,
            "inventory_turnover_ratio": 0.73,
            "account_receivable_turnover_ratio": 4.64,
            "reinvestment_rate": null,
            "research_to_sale_ratio": 9.24,
            "price_fair": 1.32,
            "eps_avg_yearly": 0.44,
            "eps_latest_yearly": 0.44,
            "eps_growth_yearly": -61.54
        },
        "20213": {
            "year_quarter": 20213,
            "year": 2021,
            "quarter": 3,
            "eps": 0.22,
            "eps_growth_year": 100,
            "eps_4q": -0.28,
            "eps_4q_growth_year": null,
            "roe": 3.2,
            "roe_4q": -8.989999999999998,
            "gross_profit": 15246,
            "gross_margin": 42.01,
            "gross_margin_4q_avg": 38.12,
            "net_income": 6021,
            "net_income_4q": null,
            "revenue": 36293,
            "revenue_4q": null,
            "common_shares": 278229,
            "book_valuer_per_share": 6.88,
            "book_valuer_per_share_4q_avg": 6.31,
            "equity": 191346,
            "current_ratio": 243.11,
            "debt_ratio": 32.31,
            "inventory_turnover_ratio": 0.61,
            "account_receivable_turnover_ratio": 3.37,
            "reinvestment_rate": null,
            "research_to_sale_ratio": 8.48,
            "price_fair": 23.1,
            "eps_avg_yearly": 0.66,
            "eps_latest_yearly": 0.88,
            "eps_growth_yearly": 209.23
        },
        "20214": {
            "year_quarter": 20214,
            "year": 2021,
            "quarter": 4,
            "eps": 0.09,
            "eps_growth_year": null,
            "eps_4q": 0.18,
            "eps_4q_growth_year": null,
            "roe": 1.24,
            "roe_4q": 1.6100000000000003,
            "gross_profit": 16422,
            "gross_margin": 39.63,
            "gross_margin_4q_avg": 40.21,
            "net_income": 2389,
            "net_income_4q": null,
            "revenue": 41439,
            "revenue_4q": null,
            "common_shares": 278229,
            "book_valuer_per_share": 6.96,
            "book_valuer_per_share_4q_avg": 6.77,
            "equity": 193735,
            "current_ratio": 289.63,
            "debt_ratio": 29.31,
            "inventory_turnover_ratio": 0.6,
            "account_receivable_turnover_ratio": 3.75,
            "reinvestment_rate": null,
            "research_to_sale_ratio": 6.21,
            "price_fair": 19.6,
            "eps_avg_yearly": 0.56,
            "eps_latest_yearly": 0.36,
            "eps_growth_yearly": 60.7
        },
        "20221": {
            "year_quarter": 20221,
            "year": 2022,
            "quarter": 1,
            "eps": 0.44,
            "eps_growth_year": null,
            "eps_4q": 0.84,
            "eps_4q_growth_year": null,
            "roe": 6.1,
            "roe_4q": 11.989999999999998,
            "gross_profit": 21801,
            "gross_margin": 43.01,
            "gross_margin_4q_avg": 41.12,
            "net_income": 12192,
            "net_income_4q": null,
            "revenue": 50688,
            "revenue_4q": null,
            "common_shares": 278229,
            "book_valuer_per_share": 7.4,
            "book_valuer_per_share_4q_avg": 6.98,
            "equity": 205927,
            "current_ratio": 180.38,
            "debt_ratio": 41.51,
            "inventory_turnover_ratio": 0.49,
            "account_receivable_turnover_ratio": 4.46,
            "reinvestment_rate": null,
            "research_to_sale_ratio": 2.85,
            "price_fair": 30.1,
            "eps_avg_yearly": 0.86,
            "eps_latest_yearly": 1.76,
            "eps_growth_yearly": 434.41
        },
        "20222": {
            "year_quarter": 20222,
            "year": 2022,
            "quarter": 2,
            "eps": 0.17,
            "eps_growth_year": 70,
            "eps_4q": 0.91,
            "eps_4q_growth_year": null,
            "roe": 2.22,
            "roe_4q": 12.760000000000002,
            "gross_profit": 15606,
            "gross_margin": 30.97,
            "gross_margin_4q_avg": 38.91,
            "net_income": 4628,
            "net_income_4q": null,
            "revenue": 50391,
            "revenue_4q": null,
            "common_shares": 278229,
            "book_valuer_per_share": 7.57,
            "book_valuer_per_share_4q_avg": 7.2,
            "equity": 210555,
            "current_ratio": 141.81,
            "debt_ratio": 53.92,
            "inventory_turnover_ratio": 0.24,
            "account_receivable_turnover_ratio": 4.05,
            "reinvestment_rate": null,
            "research_to_sale_ratio": 2.65,
            "price_fair": 28.84,
            "eps_avg_yearly": 0.82,
            "eps_latest_yearly": 0.68,
            "eps_growth_yearly": 298.44
        },
        "20223": {
            "year_quarter": 20223,
            "year": 2022,
            "quarter": 3,
            "eps": -0.04,
            "eps_growth_year": -118.18,
            "eps_4q": 0.5,
            "eps_4q_growth_year": null,
            "roe": -0.44,
            "roe_4q": 9.12,
            "gross_profit": 11104,
            "gross_margin": 37.75,
            "gross_margin_4q_avg": 37.84,
            "net_income": -1234,
            "net_income_4q": null,
            "revenue": 29413,
            "revenue_4q": null,
            "common_shares": 358229,
            "book_valuer_per_share": 9.83,
            "book_valuer_per_share_4q_avg": 7.94,
            "equity": 352232,
            "current_ratio": 260.86,
            "debt_ratio": 33.99,
            "inventory_turnover_ratio": 0.08,
            "account_receivable_turnover_ratio": 2.73,
            "reinvestment_rate": null,
            "research_to_sale_ratio": 6.12,
            "price_fair": 28.84,
            "eps_avg_yearly": 0.82,
            "eps_latest_yearly": 0.68,
            "eps_growth_yearly": 298.44
        },
        "20224": {
            "year_quarter": 20224,
            "year": 2022,
            "quarter": 4,
            "eps": -0.52,
            "eps_growth_year": -710.32,
            "eps_4q": -0.09,
            "eps_4q_growth_year": -149.62,
            "roe": -5.48,
            "roe_4q": 2.399999999999999,
            "gross_profit": 7142,
            "gross_margin": 24.36,
            "gross_margin_4q_avg": 34.02,
            "net_income": -18773,
            "net_income_4q": null,
            "revenue": 29323,
            "revenue_4q": null,
            "common_shares": 358229,
            "book_valuer_per_share": 9.31,
            "book_valuer_per_share_4q_avg": 8.53,
            "equity": 333459,
            "current_ratio": 227.78,
            "debt_ratio": 38.94,
            "inventory_turnover_ratio": 0.09,
            "account_receivable_turnover_ratio": 3.31,
            "reinvestment_rate": null,
            "research_to_sale_ratio": 9.77,
            "price_fair": 28.84,
            "eps_avg_yearly": 0.82,
            "eps_latest_yearly": 0.68,
            "eps_growth_yearly": 298.44
        },
        "20231": {
            "year_quarter": 20231,
            "year": 2023,
            "quarter": 1,
            "eps": -0.17,
            "eps_growth_year": -138.64,
            "eps_4q": -0.6,
            "eps_4q_growth_year": -171.35,
            "roe": -1.82,
            "roe_4q": -5.520000000000001,
            "gross_profit": 6607,
            "gross_margin": 27.46,
            "gross_margin_4q_avg": 30.14,
            "net_income": -6002,
            "net_income_4q": null,
            "revenue": 24061,
            "revenue_4q": null,
            "common_shares": 358229,
            "book_valuer_per_share": 9.14,
            "book_valuer_per_share_4q_avg": 8.96,
            "equity": 327457,
            "current_ratio": 218.05,
            "debt_ratio": 40.32,
            "inventory_turnover_ratio": 0.07,
            "account_receivable_turnover_ratio": 3.37,
            "reinvestment_rate": null,
            "research_to_sale_ratio": 10.56,
            "price_fair": 28.84,
            "eps_avg_yearly": 0.82,
            "eps_latest_yearly": 0.68,
            "eps_growth_yearly": 298.44
        },
        "20232": {
            "year_quarter": 20232,
            "year": 2023,
            "quarter": 2,
            "eps": -0.27,
            "eps_growth_year": -258.82,
            "eps_4q": -1,
            "eps_4q_growth_year": -209.95,
            "roe": -3.01,
            "roe_4q": -10.75,
            "gross_profit": 2194,
            "gross_margin": 6.94,
            "gross_margin_4q_avg": 24.13,
            "net_income": -9708,
            "net_income_4q": null,
            "revenue": 31624,
            "revenue_4q": null,
            "common_shares": 358229,
            "book_valuer_per_share": 8.87,
            "book_valuer_per_share_4q_avg": 9.29,
            "equity": 317749,
            "current_ratio": 207.14,
            "debt_ratio": 42.01,
            "inventory_turnover_ratio": 0.11,
            "account_receivable_turnover_ratio": 3.99,
            "reinvestment_rate": null,
            "research_to_sale_ratio": 4.28,
            "price_fair": 28.84,
            "eps_avg_yearly": 0.82,
            "eps_latest_yearly": 0.68,
            "eps_growth_yearly": 298.44
        },
        "20233": {
            "year_quarter": 20233,
            "year": 2023,
            "quarter": 3,
            "eps": -0.05,
            "eps_growth_year": null,
            "eps_4q": -1.01,
            "eps_4q_growth_year": -301.45,
            "roe": -0.55,
            "roe_4q": -10.86,
            "gross_profit": 8487,
            "gross_margin": 26.62,
            "gross_margin_4q_avg": 21.35,
            "net_income": -1728,
            "net_income_4q": null,
            "revenue": 31878,
            "revenue_4q": null,
            "common_shares": 358229,
            "book_valuer_per_share": 8.82,
            "book_valuer_per_share_4q_avg": 9.04,
            "equity": 316021,
            "current_ratio": 208.95,
            "debt_ratio": 41.61,
            "inventory_turnover_ratio": 0.08,
            "account_receivable_turnover_ratio": 2.82,
            "reinvestment_rate": null,
            "research_to_sale_ratio": 4.38,
            "price_fair": 28.84,
            "eps_avg_yearly": 0.82,
            "eps_latest_yearly": 0.68,
            "eps_growth_yearly": 298.44
        }
    },
    "months": {
        "2001-06": {
            "month": "2001-06",
            "price": "22.67",
            "revenue": 45917
        },
        "2001-07": {
            "month": "2001-07",
            "price": "14.55",
            "revenue": 50388
        },
        "2001-08": {
            "month": "2001-08",
            "price": "10.03",
            "revenue": 52166
        },
        "2001-09": {
            "month": "2001-09",
            "price": "6.82",
            "revenue": 45383
        },
        "2001-10": {
            "month": "2001-10",
            "price": "6.03",
            "revenue": 54098
        },
        "2001-11": {
            "month": "2001-11",
            "price": "7.99",
            "revenue": 49069
        },
        "2001-12": {
            "month": "2001-12",
            "price": "12.78",
            "revenue": 45117
        },
        "2002-01": {
            "month": "2002-01",
            "price": "18.58",
            "revenue": 44206
        },
        "2002-02": {
            "month": "2002-02",
            "price": "17.06",
            "revenue": 45391
        },
        "2002-03": {
            "month": "2002-03",
            "price": "19.64",
            "revenue": 66065
        },
        "2002-04": {
            "month": "2002-04",
            "price": "24.62",
            "revenue": 89126
        },
        "2002-05": {
            "month": "2002-05",
            "price": "21.58",
            "revenue": 75336
        },
        "2002-06": {
            "month": "2002-06",
            "price": "15.94",
            "revenue": 50885
        },
        "2002-07": {
            "month": "2002-07",
            "price": "13.26",
            "revenue": 36005
        },
        "2002-08": {
            "month": "2002-08",
            "price": "10.78",
            "revenue": 42282
        },
        "2002-09": {
            "month": "2002-09",
            "price": "8.94",
            "revenue": 47807
        },
        "2002-10": {
            "month": "2002-10",
            "price": "8.79",
            "revenue": 57301
        },
        "2002-11": {
            "month": "2002-11",
            "price": "8.37",
            "revenue": 50809
        },
        "2002-12": {
            "month": "2002-12",
            "price": "7.19",
            "revenue": 41738
        },
        "2003-01": {
            "month": "2003-01",
            "price": "7.13",
            "revenue": 43688
        },
        "2003-02": {
            "month": "2003-02",
            "price": "6.36",
            "revenue": 37515
        },
        "2003-03": {
            "month": "2003-03",
            "price": "4.96",
            "revenue": 39821
        },
        "2003-04": {
            "month": "2003-04",
            "price": "4.02",
            "revenue": 48471
        },
        "2003-05": {
            "month": "2003-05",
            "price": "3.09",
            "revenue": 36952
        },
        "2003-06": {
            "month": "2003-06",
            "price": "5.35",
            "revenue": 25899
        },
        "2003-07": {
            "month": "2003-07",
            "price": "5.98",
            "revenue": 58030
        },
        "2003-08": {
            "month": "2003-08",
            "price": "5.02",
            "revenue": 60193
        },
        "2003-09": {
            "month": "2003-09",
            "price": "6.79",
            "revenue": 80559
        },
        "2003-10": {
            "month": "2003-10",
            "price": "7.56",
            "revenue": 83252
        },
        "2003-11": {
            "month": "2003-11",
            "price": "7.98",
            "revenue": 64991
        },
        "2003-12": {
            "month": "2003-12",
            "price": "7.82",
            "revenue": 54414
        },
        "2004-01": {
            "month": "2004-01",
            "price": "8.76",
            "revenue": 33355
        },
        "2004-02": {
            "month": "2004-02",
            "price": "8.93",
            "revenue": 31833
        },
        "2004-03": {
            "month": "2004-03",
            "price": "13.46",
            "revenue": 39668
        },
        "2004-04": {
            "month": "2004-04",
            "price": "15.78",
            "revenue": 36135
        },
        "2004-05": {
            "month": "2004-05",
            "price": "11.27",
            "revenue": 33838
        },
        "2004-06": {
            "month": "2004-06",
            "price": "9.05",
            "revenue": 10466
        },
        "2004-07": {
            "month": "2004-07",
            "price": "7.43",
            "revenue": 17378
        },
        "2004-08": {
            "month": "2004-08",
            "price": "6.54",
            "revenue": 11258
        },
        "2004-09": {
            "month": "2004-09",
            "price": "4.80",
            "revenue": 16472
        },
        "2004-10": {
            "month": "2004-10",
            "price": "4.62",
            "revenue": 13938
        },
        "2004-11": {
            "month": "2004-11",
            "price": "4.39",
            "revenue": 11466
        },
        "2004-12": {
            "month": "2004-12",
            "price": "4.02",
            "revenue": 8089
        },
        "2005-01": {
            "month": "2005-01",
            "price": "3.93",
            "revenue": 5957
        },
        "2005-02": {
            "month": "2005-02",
            "price": "4.37",
            "revenue": 8530
        },
        "2005-03": {
            "month": "2005-03",
            "price": "4.77",
            "revenue": 10435
        },
        "2005-04": {
            "month": "2005-04",
            "price": "4.27",
            "revenue": 7640
        },
        "2005-05": {
            "month": "2005-05",
            "price": "3.99",
            "revenue": 10689
        },
        "2005-06": {
            "month": "2005-06",
            "price": "4.47",
            "revenue": 12993
        },
        "2005-07": {
            "month": "2005-07",
            "price": "5.12",
            "revenue": 10818
        },
        "2005-08": {
            "month": "2005-08",
            "price": "4.32",
            "revenue": 13816
        },
        "2005-09": {
            "month": "2005-09",
            "price": "3.80",
            "revenue": 13191
        },
        "2005-10": {
            "month": "2005-10",
            "price": "3.33",
            "revenue": 9511
        },
        "2005-11": {
            "month": "2005-11",
            "price": "2.11",
            "revenue": 11410
        },
        "2005-12": {
            "month": "2005-12",
            "price": "2.16",
            "revenue": 8697
        },
        "2006-01": {
            "month": "2006-01",
            "price": "3.07",
            "revenue": 8584
        },
        "2006-02": {
            "month": "2006-02",
            "price": "2.67",
            "revenue": 11149
        },
        "2006-03": {
            "month": "2006-03",
            "price": "2.45",
            "revenue": 10537
        },
        "2006-04": {
            "month": "2006-04",
            "price": "2.66",
            "revenue": 10373
        },
        "2006-05": {
            "month": "2006-05",
            "price": "3.08",
            "revenue": 10046
        },
        "2006-06": {
            "month": "2006-06",
            "price": "2.89",
            "revenue": 8238
        },
        "2006-07": {
            "month": "2006-07",
            "price": "2.44",
            "revenue": 8376
        },
        "2006-08": {
            "month": "2006-08",
            "price": "2.23",
            "revenue": 7347
        },
        "2006-09": {
            "month": "2006-09",
            "price": "1.94",
            "revenue": 7467
        },
        "2006-10": {
            "month": "2006-10",
            "price": "2.00",
            "revenue": 7539
        },
        "2006-11": {
            "month": "2006-11",
            "price": "2.71",
            "revenue": 6769
        },
        "2006-12": {
            "month": "2006-12",
            "price": "3.70",
            "revenue": 5671
        },
        "2007-01": {
            "month": "2007-01",
            "price": "4.81",
            "revenue": 6413
        },
        "2007-02": {
            "month": "2007-02",
            "price": "4.85",
            "revenue": 6771
        },
        "2007-03": {
            "month": "2007-03",
            "price": "6.45",
            "revenue": 7126
        },
        "2007-04": {
            "month": "2007-04",
            "price": "9.62",
            "revenue": 6460
        },
        "2007-05": {
            "month": "2007-05",
            "price": "10.60",
            "revenue": 6719
        },
        "2007-06": {
            "month": "2007-06",
            "price": "32.93",
            "revenue": 6040
        },
        "2007-07": {
            "month": "2007-07",
            "price": "34.49",
            "revenue": 5515
        },
        "2007-08": {
            "month": "2007-08",
            "price": "31.97",
            "revenue": 7932
        },
        "2007-09": {
            "month": "2007-09",
            "price": "29.68",
            "revenue": 10075
        },
        "2007-10": {
            "month": "2007-10",
            "price": "29.06",
            "revenue": 39199
        },
        "2007-11": {
            "month": "2007-11",
            "price": "26.51",
            "revenue": 35177
        },
        "2007-12": {
            "month": "2007-12",
            "price": "21.83",
            "revenue": 30152
        },
        "2008-01": {
            "month": "2008-01",
            "price": "16.86",
            "revenue": 25392
        },
        "2008-02": {
            "month": "2008-02",
            "price": "15.22",
            "revenue": 19445
        },
        "2008-03": {
            "month": "2008-03",
            "price": "17.82",
            "revenue": 24647
        },
        "2008-04": {
            "month": "2008-04",
            "price": "18.49",
            "revenue": 21655
        },
        "2008-05": {
            "month": "2008-05",
            "price": "18.48",
            "revenue": 19981
        },
        "2008-06": {
            "month": "2008-06",
            "price": "17.55",
            "revenue": 15393
        },
        "2008-07": {
            "month": "2008-07",
            "price": "14.44",
            "revenue": 20022
        },
        "2008-08": {
            "month": "2008-08",
            "price": "14.15",
            "revenue": 18336
        },
        "2008-09": {
            "month": "2008-09",
            "price": "9.57",
            "revenue": 19490
        },
        "2008-10": {
            "month": "2008-10",
            "price": "6.74",
            "revenue": 16173
        },
        "2008-11": {
            "month": "2008-11",
            "price": "5.02",
            "revenue": 12075
        },
        "2008-12": {
            "month": "2008-12",
            "price": "4.98",
            "revenue": 16718
        },
        "2009-01": {
            "month": "2009-01",
            "price": "6.14",
            "revenue": 8617
        },
        "2009-02": {
            "month": "2009-02",
            "price": "8.01",
            "revenue": 14110
        },
        "2009-03": {
            "month": "2009-03",
            "price": "7.52",
            "revenue": 20024
        },
        "2009-04": {
            "month": "2009-04",
            "price": "8.43",
            "revenue": 23579
        },
        "2009-05": {
            "month": "2009-05",
            "price": "7.65",
            "revenue": 20576
        },
        "2009-06": {
            "month": "2009-06",
            "price": "7.38",
            "revenue": 15371
        },
        "2009-07": {
            "month": "2009-07",
            "price": "7.31",
            "revenue": 15422
        },
        "2009-08": {
            "month": "2009-08",
            "price": "8.05",
            "revenue": 14844
        },
        "2009-09": {
            "month": "2009-09",
            "price": "8.56",
            "revenue": 14271
        },
        "2009-10": {
            "month": "2009-10",
            "price": "10.07",
            "revenue": 15405
        },
        "2009-11": {
            "month": "2009-11",
            "price": "9.93",
            "revenue": 15002
        },
        "2009-12": {
            "month": "2009-12",
            "price": "12.10",
            "revenue": 18102
        },
        "2010-01": {
            "month": "2010-01",
            "price": "14.48",
            "revenue": 18659
        },
        "2010-02": {
            "month": "2010-02",
            "price": "12.01",
            "revenue": 12893
        },
        "2010-03": {
            "month": "2010-03",
            "price": "12.97",
            "revenue": 24705
        },
        "2010-04": {
            "month": "2010-04",
            "price": "13.72",
            "revenue": 20719
        },
        "2010-05": {
            "month": "2010-05",
            "price": "11.91",
            "revenue": 20099
        },
        "2010-06": {
            "month": "2010-06",
            "price": "11.77",
            "revenue": 14928
        },
        "2010-07": {
            "month": "2010-07",
            "price": "11.80",
            "revenue": 17414
        },
        "2010-08": {
            "month": "2010-08",
            "price": "11.78",
            "revenue": 18287
        },
        "2010-09": {
            "month": "2010-09",
            "price": "10.75",
            "revenue": 16314
        },
        "2010-10": {
            "month": "2010-10",
            "price": "9.29",
            "revenue": 14520
        },
        "2010-11": {
            "month": "2010-11",
            "price": "8.08",
            "revenue": 15249
        },
        "2010-12": {
            "month": "2010-12",
            "price": "8.38",
            "revenue": 16557
        },
        "2011-01": {
            "month": "2011-01",
            "price": "8.32",
            "revenue": 14893
        },
        "2011-02": {
            "month": "2011-02",
            "price": "8.14",
            "revenue": 12416
        },
        "2011-03": {
            "month": "2011-03",
            "price": "8.43",
            "revenue": 15276
        },
        "2011-04": {
            "month": "2011-04",
            "price": "7.79",
            "revenue": 16248
        },
        "2011-05": {
            "month": "2011-05",
            "price": "7.24",
            "revenue": 17583
        },
        "2011-06": {
            "month": "2011-06",
            "price": "8.47",
            "revenue": 18132
        },
        "2011-07": {
            "month": "2011-07",
            "price": "8.17",
            "revenue": 19125
        },
        "2011-08": {
            "month": "2011-08",
            "price": "6.77",
            "revenue": 19236
        },
        "2011-09": {
            "month": "2011-09",
            "price": "6.25",
            "revenue": 19982
        },
        "2011-10": {
            "month": "2011-10",
            "price": "8.68",
            "revenue": 20596
        },
        "2011-11": {
            "month": "2011-11",
            "price": "11.70",
            "revenue": 19486
        },
        "2011-12": {
            "month": "2011-12",
            "price": "10.17",
            "revenue": 14948
        },
        "2012-01": {
            "month": "2012-01",
            "price": "8.75",
            "revenue": 15893
        },
        "2012-02": {
            "month": "2012-02",
            "price": "9.76",
            "revenue": 17057
        },
        "2012-03": {
            "month": "2012-03",
            "price": "11.35",
            "revenue": 18610
        },
        "2012-04": {
            "month": "2012-04",
            "price": "11.89",
            "revenue": 19321
        },
        "2012-05": {
            "month": "2012-05",
            "price": "11.24",
            "revenue": 20677
        },
        "2012-06": {
            "month": "2012-06",
            "price": "10.87",
            "revenue": 21288
        },
        "2012-07": {
            "month": "2012-07",
            "price": "10.07",
            "revenue": 21556
        },
        "2012-08": {
            "month": "2012-08",
            "price": "9.09",
            "revenue": 22514
        },
        "2012-09": {
            "month": "2012-09",
            "price": "8.84",
            "revenue": 19918
        },
        "2012-10": {
            "month": "2012-10",
            "price": "7.99",
            "revenue": 20214
        },
        "2012-11": {
            "month": "2012-11",
            "price": "7.71",
            "revenue": 21022
        },
        "2012-12": {
            "month": "2012-12",
            "price": "7.14",
            "revenue": 19501
        },
        "2013-01": {
            "month": "2013-01",
            "price": "7.32",
            "revenue": 19510
        },
        "2013-02": {
            "month": "2013-02",
            "price": "7.33",
            "revenue": 14559
        },
        "2013-03": {
            "month": "2013-03",
            "price": "7.26",
            "revenue": 19867
        },
        "2013-04": {
            "month": "2013-04",
            "price": "7.38",
            "revenue": 21522
        },
        "2013-05": {
            "month": "2013-05",
            "price": "7.91",
            "revenue": 21665
        },
        "2013-06": {
            "month": "2013-06",
            "price": "7.67",
            "revenue": 22641
        },
        "2013-07": {
            "month": "2013-07",
            "price": "7.11",
            "revenue": 26876
        },
        "2013-08": {
            "month": "2013-08",
            "price": "7.11",
            "revenue": 29235
        },
        "2013-09": {
            "month": "2013-09",
            "price": "8.34",
            "revenue": 31679
        },
        "2013-10": {
            "month": "2013-10",
            "price": "8.23",
            "revenue": 26031
        },
        "2013-11": {
            "month": "2013-11",
            "price": "7.73",
            "revenue": 36061
        },
        "2013-12": {
            "month": "2013-12",
            "price": "9.62",
            "revenue": 32302
        },
        "2014-01": {
            "month": "2014-01",
            "price": "11.18",
            "revenue": 38556
        },
        "2014-02": {
            "month": "2014-02",
            "price": "12.37",
            "revenue": 35758
        },
        "2014-03": {
            "month": "2014-03",
            "price": "16.49",
            "revenue": 38169
        },
        "2014-04": {
            "month": "2014-04",
            "price": "16.08",
            "revenue": 39419
        },
        "2014-05": {
            "month": "2014-05",
            "price": "14.09",
            "revenue": 40452
        },
        "2014-06": {
            "month": "2014-06",
            "price": "13.29",
            "revenue": 42584
        },
        "2014-07": {
            "month": "2014-07",
            "price": "15.88",
            "revenue": 42290
        },
        "2014-08": {
            "month": "2014-08",
            "price": "14.01",
            "revenue": 39963
        },
        "2014-09": {
            "month": "2014-09",
            "price": "12.01",
            "revenue": 41578
        },
        "2014-10": {
            "month": "2014-10",
            "price": "11.21",
            "revenue": 36658
        },
        "2014-11": {
            "month": "2014-11",
            "price": "10.84",
            "revenue": 35578
        },
        "2014-12": {
            "month": "2014-12",
            "price": "11.24",
            "revenue": 39953
        },
        "2015-01": {
            "month": "2015-01",
            "price": "12.25",
            "revenue": 41519
        },
        "2015-02": {
            "month": "2015-02",
            "price": "11.87",
            "revenue": 35489
        },
        "2015-03": {
            "month": "2015-03",
            "price": "11.69",
            "revenue": 40338
        },
        "2015-04": {
            "month": "2015-04",
            "price": "10.80",
            "revenue": 44339
        },
        "2015-05": {
            "month": "2015-05",
            "price": "10.44",
            "revenue": 40614
        },
        "2015-06": {
            "month": "2015-06",
            "price": "9.83",
            "revenue": 40524
        },
        "2015-07": {
            "month": "2015-07",
            "price": "8.73",
            "revenue": 38221
        },
        "2015-08": {
            "month": "2015-08",
            "price": "7.79",
            "revenue": 37088
        },
        "2015-09": {
            "month": "2015-09",
            "price": "7.83",
            "revenue": 36820
        },
        "2015-10": {
            "month": "2015-10",
            "price": "7.58",
            "revenue": 29158
        },
        "2015-11": {
            "month": "2015-11",
            "price": "7.29",
            "revenue": 18720
        },
        "2015-12": {
            "month": "2015-12",
            "price": "6.93",
            "revenue": 18461
        },
        "2016-01": {
            "month": "2016-01",
            "price": "6.25",
            "revenue": 16422
        },
        "2016-02": {
            "month": "2016-02",
            "price": "5.72",
            "revenue": 11626
        },
        "2016-03": {
            "month": "2016-03",
            "price": "5.97",
            "revenue": 18860
        },
        "2016-04": {
            "month": "2016-04",
            "price": "5.80",
            "revenue": 19905
        },
        "2016-05": {
            "month": "2016-05",
            "price": "5.37",
            "revenue": 15866
        },
        "2016-06": {
            "month": "2016-06",
            "price": "5.24",
            "revenue": 17408
        },
        "2016-07": {
            "month": "2016-07",
            "price": "5.09",
            "revenue": 14683
        },
        "2016-08": {
            "month": "2016-08",
            "price": "5.98",
            "revenue": 16172
        },
        "2016-09": {
            "month": "2016-09",
            "price": "6.59",
            "revenue": 14622
        },
        "2016-10": {
            "month": "2016-10",
            "price": "6.62",
            "revenue": 14037
        },
        "2016-11": {
            "month": "2016-11",
            "price": "6.04",
            "revenue": 13650
        },
        "2016-12": {
            "month": "2016-12",
            "price": "6.08",
            "revenue": 18012
        },
        "2017-01": {
            "month": "2017-01",
            "price": "5.83",
            "revenue": 12580
        },
        "2017-02": {
            "month": "2017-02",
            "price": "6.18",
            "revenue": 14692
        },
        "2017-03": {
            "month": "2017-03",
            "price": "6.48",
            "revenue": 13160
        },
        "2017-04": {
            "month": "2017-04",
            "price": "5.90",
            "revenue": 12726
        },
        "2017-05": {
            "month": "2017-05",
            "price": "5.48",
            "revenue": 11187
        },
        "2017-06": {
            "month": "2017-06",
            "price": "4.39",
            "revenue": 13831
        },
        "2017-07": {
            "month": "2017-07",
            "price": "4.53",
            "revenue": 10801
        },
        "2017-08": {
            "month": "2017-08",
            "price": "4.35",
            "revenue": 12101
        },
        "2017-09": {
            "month": "2017-09",
            "price": "4.99",
            "revenue": 12874
        },
        "2017-10": {
            "month": "2017-10",
            "price": "5.41",
            "revenue": 12020
        },
        "2017-11": {
            "month": "2017-11",
            "price": "4.75",
            "revenue": 11970
        },
        "2017-12": {
            "month": "2017-12",
            "price": "4.52",
            "revenue": 12602
        },
        "2018-01": {
            "month": "2018-01",
            "price": "4.31",
            "revenue": 12830
        },
        "2018-02": {
            "month": "2018-02",
            "price": "4.36",
            "revenue": 9041
        },
        "2018-03": {
            "month": "2018-03",
            "price": "4.45",
            "revenue": 12812
        },
        "2018-04": {
            "month": "2018-04",
            "price": "5.26",
            "revenue": 13942
        },
        "2018-05": {
            "month": "2018-05",
            "price": "4.95",
            "revenue": 12571
        },
        "2018-06": {
            "month": "2018-06",
            "price": "5.47",
            "revenue": 11681
        },
        "2018-07": {
            "month": "2018-07",
            "price": "5.30",
            "revenue": 11386
        },
        "2018-08": {
            "month": "2018-08",
            "price": "4.66",
            "revenue": 11498
        },
        "2018-09": {
            "month": "2018-09",
            "price": "4.39",
            "revenue": 10865
        },
        "2018-10": {
            "month": "2018-10",
            "price": "4.69",
            "revenue": 10203
        },
        "2018-11": {
            "month": "2018-11",
            "price": "3.62",
            "revenue": 11848
        },
        "2018-12": {
            "month": "2018-12",
            "price": "3.39",
            "revenue": 8966
        },
        "2019-01": {
            "month": "2019-01",
            "price": "3.55",
            "revenue": 9532
        },
        "2019-02": {
            "month": "2019-02",
            "price": "4.11",
            "revenue": 7527
        },
        "2019-03": {
            "month": "2019-03",
            "price": "4.17",
            "revenue": 10975
        },
        "2019-04": {
            "month": "2019-04",
            "price": "3.46",
            "revenue": 12803
        },
        "2019-05": {
            "month": "2019-05",
            "price": "3.13",
            "revenue": 11092
        },
        "2019-06": {
            "month": "2019-06",
            "price": "3.06",
            "revenue": 11559
        },
        "2019-07": {
            "month": "2019-07",
            "price": "2.93",
            "revenue": 8997
        },
        "2019-08": {
            "month": "2019-08",
            "price": "2.82",
            "revenue": 10911
        },
        "2019-09": {
            "month": "2019-09",
            "price": "3.61",
            "revenue": 11799
        },
        "2019-10": {
            "month": "2019-10",
            "price": "13.03",
            "revenue": 12426
        },
        "2019-11": {
            "month": "2019-11",
            "price": "12.10",
            "revenue": 14630
        },
        "2019-12": {
            "month": "2019-12",
            "price": "11.95",
            "revenue": 13393
        },
        "2020-01": {
            "month": "2020-01",
            "price": "12.22",
            "revenue": 6779
        },
        "2020-02": {
            "month": "2020-02",
            "price": "12.64",
            "revenue": 8953
        },
        "2020-03": {
            "month": "2020-03",
            "price": "11.89",
            "revenue": 15126
        },
        "2020-04": {
            "month": "2020-04",
            "price": "10.05",
            "revenue": 13688
        },
        "2020-05": {
            "month": "2020-05",
            "price": "10.34",
            "revenue": 13228
        },
        "2020-06": {
            "month": "2020-06",
            "price": "10.55",
            "revenue": 14774
        },
        "2020-07": {
            "month": "2020-07",
            "price": "11.25",
            "revenue": 8876
        },
        "2020-08": {
            "month": "2020-08",
            "price": "11.91",
            "revenue": 8350
        },
        "2020-09": {
            "month": "2020-09",
            "price": "11.28",
            "revenue": 10032
        },
        "2020-10": {
            "month": "2020-10",
            "price": "11.00",
            "revenue": 12077
        },
        "2020-11": {
            "month": "2020-11",
            "price": "11.30",
            "revenue": 13209
        },
        "2020-12": {
            "month": "2020-12",
            "price": "16.24",
            "revenue": 17592
        },
        "2021-01": {
            "month": "2021-01",
            "price": "15.00",
            "revenue": 9714
        },
        "2021-02": {
            "month": "2021-02",
            "price": "18.16",
            "revenue": 7255
        },
        "2021-03": {
            "month": "2021-03",
            "price": "22.39",
            "revenue": 12855
        },
        "2021-04": {
            "month": "2021-04",
            "price": "20.13",
            "revenue": 12034
        },
        "2021-05": {
            "month": "2021-05",
            "price": "16.29",
            "revenue": 11554
        },
        "2021-06": {
            "month": "2021-06",
            "price": "15.52",
            "revenue": 12358
        },
        "2021-07": {
            "month": "2021-07",
            "price": "17.58",
            "revenue": 11150
        },
        "2021-08": {
            "month": "2021-08",
            "price": "16.47",
            "revenue": 11924
        },
        "2021-09": {
            "month": "2021-09",
            "price": "16.59",
            "revenue": 13219
        },
        "2021-10": {
            "month": "2021-10",
            "price": "15.84",
            "revenue": 13139
        },
        "2021-11": {
            "month": "2021-11",
            "price": "21.07",
            "revenue": 13766
        },
        "2021-12": {
            "month": "2021-12",
            "price": "22.19",
            "revenue": 14534
        },
        "2022-01": {
            "month": "2022-01",
            "price": "19.34",
            "revenue": 14972
        },
        "2022-02": {
            "month": "2022-02",
            "price": "20.10",
            "revenue": 15567
        },
        "2022-03": {
            "month": "2022-03",
            "price": "22.46",
            "revenue": 20148
        },
        "2022-04": {
            "month": "2022-04",
            "price": "27.52",
            "revenue": 20205
        },
        "2022-05": {
            "month": "2022-05",
            "price": "33.05",
            "revenue": 18734
        },
        "2022-06": {
            "month": "2022-06",
            "price": "30.69",
            "revenue": 11452
        },
        "2022-07": {
            "month": "2022-07",
            "price": "21.77",
            "revenue": 9738
        },
        "2022-08": {
            "month": "2022-08",
            "price": "21.10",
            "revenue": 10583
        },
        "2022-09": {
            "month": "2022-09",
            "price": "20.85",
            "revenue": 9080
        },
        "2022-10": {
            "month": "2022-10",
            "price": "17.26",
            "revenue": 11574
        },
        "2022-11": {
            "month": "2022-11",
            "price": "18.65",
            "revenue": 8596
        },
        "2022-12": {
            "month": "2022-12",
            "price": "18.04",
            "revenue": 9166
        },
        "2023-01": {
            "month": "2023-01",
            "price": "16.96",
            "revenue": 7589
        },
        "2023-02": {
            "month": "2023-02",
            "price": "17.46",
            "revenue": 7689
        },
        "2023-03": {
            "month": "2023-03",
            "price": "17.18",
            "revenue": 8784
        },
        "2023-04": {
            "month": "2023-04",
            "price": "16.71",
            "revenue": 8571
        },
        "2023-05": {
            "month": "2023-05",
            "price": "16.52",
            "revenue": 10731
        },
        "2023-06": {
            "month": "2023-06",
            "price": "17.47",
            "revenue": 12322
        },
        "2023-07": {
            "month": "2023-07",
            "price": "17.75",
            "revenue": 10901
        },
        "2023-08": {
            "month": "2023-08",
            "price": "16.99",
            "revenue": 11626
        },
        "2023-09": {
            "month": "2023-09",
            "price": "16.74",
            "revenue": 9350
        },
        "2023-10": {
            "month": "2023-10",
            "price": "16.34",
            "revenue": 9573
        },
        "2023-11": {
            "month": "2023-11",
            "price": "16.78",
            "revenue": 10762
        },
        "2023-12": {
            "month": "2023-12",
            "price": "17.71",
            "revenue": 10860
        }
    }
}
