{
    "summary": {
        "stock_name": "瀚宇博",
        "stock_id": "5469",
        "category": "電子零組件",
        "main_business": "電子零組件製造業<br>電子材料批發業<br>電子材料零售業",
        "website_url": "http://tw.hannstarboard.com/",
        "ceo": "陶正國",
        "pe_ratio": 8,
        "report_year_from": 2001,
        "report_year_to": 2023,
        "age": 22,
        "eps_negative_percentage": 4,
        "eps_growth_avg": {
            "last_all": 8.37,
            "last_2y": 0.79,
            "last_4y": 31.98,
            "last_8y": 25.29,
            "last_12y": 3.15,
            "last_16y": 5.32,
            "last_20y": 8.37,
            "at_2006_last_3y": 21.66,
            "at_2007_last_3y": 20.11,
            "at_2008_last_3y": -16.81,
            "at_2009_last_3y": 11.83,
            "at_2010_last_3y": 1.08,
            "at_2011_last_3y": -11.28,
            "at_2012_last_3y": 7.35,
            "at_2013_last_3y": -41.11,
            "at_2014_last_3y": -35.09,
            "at_2015_last_3y": -44.91,
            "at_2016_last_3y": -16.03,
            "at_2017_last_3y": 14.13,
            "at_2018_last_3y": 32.18,
            "at_2019_last_3y": 61.99,
            "at_2020_last_3y": 37.08,
            "at_2021_last_3y": 43.45,
            "at_2022_last_3y": 18.39,
            "at_2023_last_3y": 18.39,
            "at_2006_last_all": 13.21,
            "at_2007_last_all": 16.15,
            "at_2008_last_all": 5.1,
            "at_2009_last_all": 16.19,
            "at_2010_last_all": 7.82,
            "at_2011_last_all": 5.18,
            "at_2012_last_all": 5.92,
            "at_2013_last_all": -2.91,
            "at_2014_last_all": -2.91,
            "at_2015_last_all": -6.38,
            "at_2016_last_all": 1.22,
            "at_2017_last_all": 0.5,
            "at_2018_last_all": 5.86,
            "at_2019_last_all": 9.71,
            "at_2020_last_all": 9.19,
            "at_2021_last_all": 9.54,
            "at_2022_last_all": 8.37,
            "at_2023_last_all": 8.37
        },
        "latest_eps": 5.93,
        "latest_price": 45.6,
        "latest_roe": 10.87,
        "latest_gross_margin": 23.43,
        "latest_equity": 41654889,
        "latest_revenue": 10329772,
        "latest_gross_profit": 2420753,
        "latest_net_income": 947407,
        "latest_debt_ratio": 44.98,
        "latest_current_ratio": 179.01,
        "latest_account_receivable_turnover_ratio": 0.77,
        "latest_inventory_turnover_ratio": 1.01,
        "latest_reinvestment_rate": 17.11,
        "latest_research_to_sale_ratio": 0.83
    },
    "eps_dividends": {
        "1999": {
            "cash": 0,
            "stock": 1.5,
            "eps": 0
        },
        "2000": {
            "cash": 0,
            "stock": 1,
            "eps": 0
        },
        "2001": {
            "cash": 0.3,
            "stock": 1.2,
            "eps": 2.38
        },
        "2002": {
            "cash": 0.6,
            "stock": 0.6,
            "eps": 1.89
        },
        "2003": {
            "cash": 0.6,
            "stock": 0.6,
            "eps": 2.59
        },
        "2004": {
            "cash": 0.95,
            "stock": 0.95,
            "eps": 4.83
        },
        "2005": {
            "cash": 1.34,
            "stock": 1.34,
            "eps": 3.83
        },
        "2006": {
            "cash": 0.7,
            "stock": 2.1,
            "eps": 3.21
        },
        "2007": {
            "cash": 0.7,
            "stock": 1.8,
            "eps": 4.2
        },
        "2008": {
            "cash": 0.6,
            "stock": 2,
            "eps": 1.63
        },
        "2009": {
            "cash": 0.8,
            "stock": 0,
            "eps": 3.16
        },
        "2010": {
            "cash": 1.2,
            "stock": 1,
            "eps": 1.29
        },
        "2011": {
            "cash": 0.48,
            "stock": 0.38,
            "eps": 1.05
        },
        "2012": {
            "cash": 0,
            "stock": 0,
            "eps": 1.19
        },
        "2013": {
            "cash": 0.4,
            "stock": 0,
            "eps": -0.55
        },
        "2014": {
            "cash": 0,
            "stock": 0,
            "eps": 1.56
        },
        "2015": {
            "cash": 0.6,
            "stock": 0,
            "eps": 0.81
        },
        "2016": {
            "cash": 0.2,
            "stock": 0,
            "eps": 2.1
        },
        "2017": {
            "cash": 0.6,
            "stock": 0,
            "eps": 1.9
        },
        "2018": {
            "cash": 0.8,
            "stock": 0,
            "eps": 3.54
        },
        "2019": {
            "cash": 1,
            "stock": 0.2,
            "eps": 6.06
        },
        "2020": {
            "cash": 1.8,
            "stock": 0,
            "eps": 6.08
        },
        "2021": {
            "cash": 2.2,
            "stock": 0,
            "eps": 7.05
        },
        "2022": {
            "cash": 2.2,
            "stock": 0,
            "eps": 6.07
        },
        "2023": {
            "cash": 2.4,
            "stock": 0,
            "eps": 1.14
        }
    },
    "dividends": {
        "1999-05-31": {
            "cash": 0,
            "stock": 1.5
        },
        "2000-03-29": {
            "cash": 0,
            "stock": 1
        },
        "2001-05-07": {
            "cash": 0.3,
            "stock": 1.2
        },
        "2002-04-08": {
            "cash": 0.6,
            "stock": 0.6
        },
        "2003-03-07": {
            "cash": 0.6,
            "stock": 0.6
        },
        "2004-02-10": {
            "cash": 0.95,
            "stock": 0.95
        },
        "2005-02-22": {
            "cash": 1.34,
            "stock": 1.34
        },
        "2006-03-14": {
            "cash": 0.7,
            "stock": 2.1
        },
        "2007-04-23": {
            "cash": 0.7,
            "stock": 1.8
        },
        "2008-04-25": {
            "cash": 0.6,
            "stock": 2
        },
        "2009-04-23": {
            "cash": 0.8,
            "stock": 0
        },
        "2010-04-29": {
            "cash": 1.2,
            "stock": 1
        },
        "2011-01-01": {
            "cash": 0.48,
            "stock": 0
        },
        "2011-04-28": {
            "cash": 0,
            "stock": 0.38
        },
        "2013-04-26": {
            "cash": 0.4,
            "stock": 0
        },
        "2015-08-12": {
            "cash": 0.6,
            "stock": 0
        },
        "2016-03-23": {
            "cash": 0.2,
            "stock": 0
        },
        "2017-08-29": {
            "cash": 0.6,
            "stock": 0
        },
        "2018-08-09": {
            "cash": 0.8,
            "stock": 0
        },
        "2019-08-09": {
            "cash": 1,
            "stock": 0.2
        },
        "2020-08-20": {
            "cash": 1.8,
            "stock": 0
        },
        "2021-09-06": {
            "cash": 2.2,
            "stock": 0
        },
        "2022-09-08": {
            "cash": 2.2,
            "stock": 0
        },
        "2023-05-03": {
            "cash": 2.4,
            "stock": 0
        }
    },
    "prices": {
        "200101": "無",
        "200102": "20.29",
        "200103": "28.56",
        "200104": "28.94",
        "200105": "24.17",
        "200106": "19.22",
        "200107": "13.15",
        "200108": "12.63",
        "200109": "10.21",
        "200110": "9.43",
        "200111": "12.38",
        "200112": "17.42",
        "200201": "24.06",
        "200202": "28.70",
        "200203": "31.22",
        "200204": "32.05",
        "200205": "28.78",
        "200206": "27.92",
        "200207": "23.31",
        "200208": "20.46",
        "200209": "20.16",
        "200210": "17.06",
        "200211": "17.08",
        "200212": "17.17",
        "200301": "17.79",
        "200302": "16.76",
        "200303": "15.94",
        "200304": "15.17",
        "200305": "13.55",
        "200306": "17.07",
        "200307": "17.78",
        "200308": "21.10",
        "200309": "18.86",
        "200310": "22.00",
        "200311": "30.76",
        "200312": "37.58",
        "200401": "38.19",
        "200402": "39.58",
        "200403": "36.93",
        "200404": "35.38",
        "200405": "31.22",
        "200406": "27.89",
        "200407": "22.41",
        "200408": "22.35",
        "200409": "25.98",
        "200410": "27.36",
        "200411": "28.42",
        "200412": "27.72",
        "200501": "26.21",
        "200502": "29.71",
        "200503": "33.58",
        "200504": "35.42",
        "200505": "33.28",
        "200506": "31.81",
        "200507": "32.62",
        "200508": "31.31",
        "200509": "27.08",
        "200510": "25.80",
        "200511": "26.47",
        "200512": "29.17",
        "200601": "32.27",
        "200602": "32.67",
        "200603": "32.49",
        "200604": "35.89",
        "200605": "36.67",
        "200606": "31.35",
        "200607": "30.26",
        "200608": "26.49",
        "200609": "28.03",
        "200610": "28.08",
        "200611": "27.47",
        "200612": "28.28",
        "200701": "28.80",
        "200702": "28.84",
        "200703": "27.25",
        "200704": "27.78",
        "200705": "26.95",
        "200706": "28.18",
        "200707": "31.82",
        "200708": "28.73",
        "200709": "28.38",
        "200710": "30.22",
        "200711": "30.55",
        "200712": "27.70",
        "200801": "24.99",
        "200802": "24.42",
        "200803": "26.70",
        "200804": "28.51",
        "200805": "29.39",
        "200806": "30.29",
        "200807": "28.33",
        "200808": "29.30",
        "200809": "17.76",
        "200810": "14.24",
        "200811": "12.02",
        "200812": "11.61",
        "200901": "11.22",
        "200902": "11.56",
        "200903": "14.10",
        "200904": "16.47",
        "200905": "18.28",
        "200906": "16.54",
        "200907": "18.85",
        "200908": "21.57",
        "200909": "28.78",
        "200910": "30.79",
        "200911": "28.68",
        "200912": "30.25",
        "201001": "30.03",
        "201002": "26.78",
        "201003": "29.05",
        "201004": "29.77",
        "201005": "26.07",
        "201006": "24.50",
        "201007": "25.72",
        "201008": "25.70",
        "201009": "24.94",
        "201010": "21.77",
        "201011": "19.56",
        "201012": "21.56",
        "201101": "20.65",
        "201102": "19.48",
        "201103": "18.35",
        "201104": "18.02",
        "201105": "15.82",
        "201106": "16.16",
        "201107": "16.71",
        "201108": "15.58",
        "201109": "14.24",
        "201110": "13.24",
        "201111": "12.92",
        "201112": "11.40",
        "201201": "11.83",
        "201202": "14.82",
        "201203": "16.15",
        "201204": "15.86",
        "201205": "15.37",
        "201206": "14.18",
        "201207": "14.22",
        "201208": "14.81",
        "201209": "16.04",
        "201210": "14.56",
        "201211": "12.76",
        "201212": "13.14",
        "201301": "13.08",
        "201302": "13.00",
        "201303": "14.17",
        "201304": "13.26",
        "201305": "13.75",
        "201306": "13.57",
        "201307": "13.72",
        "201308": "12.58",
        "201309": "11.94",
        "201310": "11.99",
        "201311": "11.19",
        "201312": "11.04",
        "201401": "11.61",
        "201402": "11.45",
        "201403": "11.26",
        "201404": "11.19",
        "201405": "11.13",
        "201406": "11.93",
        "201407": "12.68",
        "201408": "13.14",
        "201409": "13.05",
        "201410": "11.69",
        "201411": "12.22",
        "201412": "13.21",
        "201501": "15.08",
        "201502": "15.76",
        "201503": "15.61",
        "201504": "14.16",
        "201505": "12.11",
        "201506": "10.69",
        "201507": "9.71",
        "201508": "8.38",
        "201509": "8.58",
        "201510": "9.63",
        "201511": "10.37",
        "201512": "10.60",
        "201601": "9.81",
        "201602": "10.14",
        "201603": "10.41",
        "201604": "9.73",
        "201605": "9.08",
        "201606": "9.15",
        "201607": "9.60",
        "201608": "10.68",
        "201609": "11.56",
        "201610": "12.98",
        "201611": "16.57",
        "201612": "18.84",
        "201701": "17.80",
        "201702": "18.75",
        "201703": "19.07",
        "201704": "17.52",
        "201705": "16.24",
        "201706": "16.66",
        "201707": "15.68",
        "201708": "14.75",
        "201709": "15.60",
        "201710": "17.50",
        "201711": "18.49",
        "201712": "20.25",
        "201801": "20.95",
        "201802": "18.78",
        "201803": "18.52",
        "201804": "17.53",
        "201805": "23.56",
        "201806": "29.62",
        "201807": "28.78",
        "201808": "27.83",
        "201809": "26.71",
        "201810": "21.93",
        "201811": "23.40",
        "201812": "24.01",
        "201901": "23.61",
        "201902": "26.45",
        "201903": "26.64",
        "201904": "30.38",
        "201905": "29.70",
        "201906": "30.66",
        "201907": "33.29",
        "201908": "38.67",
        "201909": "40.30",
        "201910": "42.81",
        "201911": "44.45",
        "201912": "42.52",
        "202001": "42.03",
        "202002": "38.39",
        "202003": "34.25",
        "202004": "38.55",
        "202005": "37.96",
        "202006": "38.52",
        "202007": "43.65",
        "202008": "44.23",
        "202009": "41.98",
        "202010": "40.72",
        "202011": "42.98",
        "202012": "44.41",
        "202101": "42.93",
        "202102": "43.75",
        "202103": "47.85",
        "202104": "50.45",
        "202105": "43.61",
        "202106": "45.97",
        "202107": "47.78",
        "202108": "44.06",
        "202109": "42.16",
        "202110": "40.05",
        "202111": "44.87",
        "202112": "44.78",
        "202201": "43.26",
        "202202": "43.54",
        "202203": "42.76",
        "202204": "40.05",
        "202205": "36.29",
        "202206": "34.50",
        "202207": "31.70",
        "202208": "31.58",
        "202209": "31.05",
        "202210": "28.69",
        "202211": "33.77",
        "202212": "32.85",
        "202301": "31.97",
        "202302": "33.81",
        "202303": "34.87",
        "202304": "37.83",
        "202305": "39.92",
        "202306": "43.64"
    },
    "quarters": {
        "20011": {
            "year_quarter": 20011,
            "year": 2001,
            "quarter": 1,
            "eps": 0.53,
            "eps_growth_year": null,
            "eps_4q": 2.24,
            "eps_4q_growth_year": null,
            "roe": 2.01,
            "roe_4q": 2.01,
            "gross_profit": 61164,
            "gross_margin": 14.58,
            "gross_margin_4q_avg": 14.58,
            "net_income": 27115,
            "revenue": 419506,
            "common_shares": 508500,
            "book_valuer_per_share": 26.74,
            "book_valuer_per_share_4q_avg": 26.74,
            "equity": 1359683,
            "current_ratio": 106.88,
            "debt_ratio": 51.88,
            "inventory_turnover_ratio": 2.67,
            "account_receivable_turnover_ratio": null,
            "reinvestment_rate": null,
            "research_to_sale_ratio": null,
            "price_fair": 0,
            "eps_avg_yearly": 0,
            "eps_latest_yearly": 0,
            "eps_growth_yearly": 0
        },
        "20012": {
            "year_quarter": 20012,
            "year": 2001,
            "quarter": 2,
            "eps": 0.18,
            "eps_growth_year": -81.05,
            "eps_4q": 1.33,
            "eps_4q_growth_year": null,
            "roe": 0.77,
            "roe_4q": 2.78,
            "gross_profit": 52824,
            "gross_margin": 14.4,
            "gross_margin_4q_avg": 14.49,
            "net_income": 10400,
            "revenue": 366933,
            "common_shares": 508500,
            "book_valuer_per_share": 26.61,
            "book_valuer_per_share_4q_avg": 26.68,
            "equity": 1353095,
            "current_ratio": 105.51,
            "debt_ratio": 52.5,
            "inventory_turnover_ratio": 2.93,
            "account_receivable_turnover_ratio": null,
            "reinvestment_rate": null,
            "research_to_sale_ratio": null,
            "price_fair": 0,
            "eps_avg_yearly": 0,
            "eps_latest_yearly": 0,
            "eps_growth_yearly": 0
        },
        "20013": {
            "year_quarter": 20013,
            "year": 2001,
            "quarter": 3,
            "eps": 0.16,
            "eps_growth_year": -77.46,
            "eps_4q": 0.89,
            "eps_4q_growth_year": null,
            "roe": 0.67,
            "roe_4q": 3.4499999999999997,
            "gross_profit": 52439,
            "gross_margin": 15.02,
            "gross_margin_4q_avg": 14.67,
            "net_income": 9052,
            "revenue": 349034,
            "common_shares": 578188,
            "book_valuer_per_share": 23.56,
            "book_valuer_per_share_4q_avg": 25.64,
            "equity": 1362147,
            "current_ratio": 131.06,
            "debt_ratio": 49.61,
            "inventory_turnover_ratio": 3.38,
            "account_receivable_turnover_ratio": null,
            "reinvestment_rate": null,
            "research_to_sale_ratio": null,
            "price_fair": 0,
            "eps_avg_yearly": 0,
            "eps_latest_yearly": 0,
            "eps_growth_yearly": 0
        },
        "20014": {
            "year_quarter": 20014,
            "year": 2001,
            "quarter": 4,
            "eps": 1.51,
            "eps_growth_year": 2057.14,
            "eps_4q": 2.32,
            "eps_4q_growth_year": 37.73,
            "roe": 6.21,
            "roe_4q": 9.66,
            "gross_profit": 118097,
            "gross_margin": 23.14,
            "gross_margin_4q_avg": 16.79,
            "net_income": 87271,
            "revenue": 510269,
            "common_shares": 578188,
            "book_valuer_per_share": 25.07,
            "book_valuer_per_share_4q_avg": 25.5,
            "equity": 1449418,
            "current_ratio": 148.16,
            "debt_ratio": 46.65,
            "inventory_turnover_ratio": 4.3,
            "account_receivable_turnover_ratio": null,
            "reinvestment_rate": null,
            "research_to_sale_ratio": null,
            "price_fair": 0,
            "eps_avg_yearly": 0,
            "eps_latest_yearly": 0,
            "eps_growth_yearly": 0
        },
        "20021": {
            "year_quarter": 20021,
            "year": 2002,
            "quarter": 1,
            "eps": 0.66,
            "eps_growth_year": 24.53,
            "eps_4q": 2.21,
            "eps_4q_growth_year": -1.7,
            "roe": 2.91,
            "roe_4q": 10.56,
            "gross_profit": 110910,
            "gross_margin": 19.2,
            "gross_margin_4q_avg": 17.94,
            "net_income": 45541,
            "revenue": 577796,
            "common_shares": 694854,
            "book_valuer_per_share": 24.14,
            "book_valuer_per_share_4q_avg": 24.85,
            "equity": 1677718,
            "current_ratio": 113.15,
            "debt_ratio": 47.17,
            "inventory_turnover_ratio": 4.58,
            "account_receivable_turnover_ratio": null,
            "reinvestment_rate": null,
            "research_to_sale_ratio": null,
            "price_fair": 7.92,
            "eps_avg_yearly": 2.64,
            "eps_latest_yearly": 2.64,
            "eps_growth_yearly": -225.17
        },
        "20022": {
            "year_quarter": 20022,
            "year": 2002,
            "quarter": 2,
            "eps": 0.66,
            "eps_growth_year": 266.67,
            "eps_4q": 2.55,
            "eps_4q_growth_year": 90.9,
            "roe": 2.95,
            "roe_4q": 12.74,
            "gross_profit": 136073,
            "gross_margin": 21.78,
            "gross_margin_4q_avg": 19.79,
            "net_income": 49590,
            "revenue": 624662,
            "common_shares": 694854,
            "book_valuer_per_share": 24.23,
            "book_valuer_per_share_4q_avg": 24.25,
            "equity": 1683567,
            "current_ratio": 131.97,
            "debt_ratio": 47,
            "inventory_turnover_ratio": 4.38,
            "account_receivable_turnover_ratio": null,
            "reinvestment_rate": null,
            "research_to_sale_ratio": null,
            "price_fair": 7.92,
            "eps_avg_yearly": 2.64,
            "eps_latest_yearly": 2.64,
            "eps_growth_yearly": -112.58
        },
        "20023": {
            "year_quarter": 20023,
            "year": 2002,
            "quarter": 3,
            "eps": 0.06,
            "eps_growth_year": -62.5,
            "eps_4q": 2.55,
            "eps_4q_growth_year": 187.12,
            "roe": 0.23,
            "roe_4q": 12.3,
            "gross_profit": 68357,
            "gross_margin": 13.14,
            "gross_margin_4q_avg": 19.32,
            "net_income": 4402,
            "revenue": 520165,
            "common_shares": 1001021,
            "book_valuer_per_share": 21.21,
            "book_valuer_per_share_4q_avg": 23.66,
            "equity": 2122685,
            "current_ratio": 135.54,
            "debt_ratio": 36.61,
            "inventory_turnover_ratio": 4.15,
            "account_receivable_turnover_ratio": null,
            "reinvestment_rate": null,
            "research_to_sale_ratio": null,
            "price_fair": 5.52,
            "eps_avg_yearly": 1.84,
            "eps_latest_yearly": 0.24,
            "eps_growth_yearly": -196.27
        },
        "20024": {
            "year_quarter": 20024,
            "year": 2002,
            "quarter": 4,
            "eps": 0.51,
            "eps_growth_year": -66.23,
            "eps_4q": 1.73,
            "eps_4q_growth_year": -25.26,
            "roe": 1.94,
            "roe_4q": 8.030000000000001,
            "gross_profit": 130873,
            "gross_margin": 18.57,
            "gross_margin_4q_avg": 18.17,
            "net_income": 41583,
            "revenue": 704732,
            "common_shares": 1001021,
            "book_valuer_per_share": 21.62,
            "book_valuer_per_share_4q_avg": 22.8,
            "equity": 2164103,
            "current_ratio": 100.53,
            "debt_ratio": 47.91,
            "inventory_turnover_ratio": 6.16,
            "account_receivable_turnover_ratio": null,
            "reinvestment_rate": null,
            "research_to_sale_ratio": null,
            "price_fair": 66.15,
            "eps_avg_yearly": 1.89,
            "eps_latest_yearly": 2.04,
            "eps_growth_yearly": 602.8
        },
        "20031": {
            "year_quarter": 20031,
            "year": 2003,
            "quarter": 1,
            "eps": 0.12,
            "eps_growth_year": -81.82,
            "eps_4q": 1.11,
            "eps_4q_growth_year": -49.89,
            "roe": 0.54,
            "roe_4q": 5.66,
            "gross_profit": 102289,
            "gross_margin": 16.9,
            "gross_margin_4q_avg": 17.6,
            "net_income": 11635,
            "revenue": 605166,
            "common_shares": 1001021,
            "book_valuer_per_share": 21.75,
            "book_valuer_per_share_4q_avg": 22.2,
            "equity": 2176878,
            "current_ratio": 125.72,
            "debt_ratio": 41.5,
            "inventory_turnover_ratio": 4.75,
            "account_receivable_turnover_ratio": null,
            "reinvestment_rate": null,
            "research_to_sale_ratio": null,
            "price_fair": 56.28,
            "eps_avg_yearly": 1.61,
            "eps_latest_yearly": 0.48,
            "eps_growth_yearly": 421.06
        },
        "20032": {
            "year_quarter": 20032,
            "year": 2003,
            "quarter": 2,
            "eps": 0.39,
            "eps_growth_year": -40.91,
            "eps_4q": 0.97,
            "eps_4q_growth_year": -62.09,
            "roe": 1.8,
            "roe_4q": 4.51,
            "gross_profit": 111883,
            "gross_margin": 16.25,
            "gross_margin_4q_avg": 16.22,
            "net_income": 39019,
            "revenue": 688659,
            "common_shares": 1001021,
            "book_valuer_per_share": 21.49,
            "book_valuer_per_share_4q_avg": 21.52,
            "equity": 2151069,
            "current_ratio": 120.64,
            "debt_ratio": 41.32,
            "inventory_turnover_ratio": 4.78,
            "account_receivable_turnover_ratio": null,
            "reinvestment_rate": null,
            "research_to_sale_ratio": null,
            "price_fair": 56,
            "eps_avg_yearly": 1.6,
            "eps_latest_yearly": 1.56,
            "eps_growth_yearly": 500.89
        },
        "20033": {
            "year_quarter": 20033,
            "year": 2003,
            "quarter": 3,
            "eps": 0.76,
            "eps_growth_year": 1166.67,
            "eps_4q": 1.62,
            "eps_4q_growth_year": -36.24,
            "roe": 3.71,
            "roe_4q": 7.99,
            "gross_profit": 131204,
            "gross_margin": 19.54,
            "gross_margin_4q_avg": 17.82,
            "net_income": 81190,
            "revenue": 671380,
            "common_shares": 1074733,
            "book_valuer_per_share": 20.66,
            "book_valuer_per_share_4q_avg": 21.38,
            "equity": 2220322,
            "current_ratio": 117.35,
            "debt_ratio": 41.22,
            "inventory_turnover_ratio": 4.59,
            "account_receivable_turnover_ratio": null,
            "reinvestment_rate": null,
            "research_to_sale_ratio": null,
            "price_fair": 63.2,
            "eps_avg_yearly": 1.81,
            "eps_latest_yearly": 3.04,
            "eps_growth_yearly": 483.54
        },
        "20034": {
            "year_quarter": 20034,
            "year": 2003,
            "quarter": 4,
            "eps": 1.32,
            "eps_growth_year": 158.82,
            "eps_4q": 2.54,
            "eps_4q_growth_year": 46.95,
            "roe": 6.2,
            "roe_4q": 12.25,
            "gross_profit": 144442,
            "gross_margin": 18.97,
            "gross_margin_4q_avg": 17.92,
            "net_income": 142259,
            "revenue": 761357,
            "common_shares": 1074733,
            "book_valuer_per_share": 22.01,
            "book_valuer_per_share_4q_avg": 21.48,
            "equity": 2365589,
            "current_ratio": 134.91,
            "debt_ratio": 60.02,
            "inventory_turnover_ratio": 3.56,
            "account_receivable_turnover_ratio": null,
            "reinvestment_rate": 283.51,
            "research_to_sale_ratio": null,
            "price_fair": 78.4,
            "eps_avg_yearly": 2.24,
            "eps_latest_yearly": 5.28,
            "eps_growth_yearly": 459.94
        },
        "20041": {
            "year_quarter": 20041,
            "year": 2004,
            "quarter": 1,
            "eps": 0.85,
            "eps_growth_year": 608.33,
            "eps_4q": 3.25,
            "eps_4q_growth_year": 194.34,
            "roe": 3.72,
            "roe_4q": 15.43,
            "gross_profit": 117745,
            "gross_margin": 19.8,
            "gross_margin_4q_avg": 18.64,
            "net_income": 92777,
            "revenue": 594710,
            "common_shares": 1127748,
            "book_valuer_per_share": 23.23,
            "book_valuer_per_share_4q_avg": 21.85,
            "equity": 2619206,
            "current_ratio": 146.84,
            "debt_ratio": 37.87,
            "inventory_turnover_ratio": 2.51,
            "account_receivable_turnover_ratio": null,
            "reinvestment_rate": 68.91,
            "research_to_sale_ratio": null,
            "price_fair": 82.91,
            "eps_avg_yearly": 2.37,
            "eps_latest_yearly": 3.4,
            "eps_growth_yearly": 393.01
        },
        "20042": {
            "year_quarter": 20042,
            "year": 2004,
            "quarter": 2,
            "eps": 0.88,
            "eps_growth_year": 125.64,
            "eps_4q": 3.44,
            "eps_4q_growth_year": 256.01,
            "roe": 4.14,
            "roe_4q": 17.77,
            "gross_profit": 95680,
            "gross_margin": 14.86,
            "gross_margin_4q_avg": 18.29,
            "net_income": 108757,
            "revenue": 643978,
            "common_shares": 1127748,
            "book_valuer_per_share": 23.37,
            "book_valuer_per_share_4q_avg": 22.32,
            "equity": 2635630,
            "current_ratio": 135.39,
            "debt_ratio": 40.08,
            "inventory_turnover_ratio": 3.2,
            "account_receivable_turnover_ratio": null,
            "reinvestment_rate": 49.52,
            "research_to_sale_ratio": null,
            "price_fair": 86.94,
            "eps_avg_yearly": 2.48,
            "eps_latest_yearly": 3.52,
            "eps_growth_yearly": 355.12
        },
        "20043": {
            "year_quarter": 20043,
            "year": 2004,
            "quarter": 3,
            "eps": 1.74,
            "eps_growth_year": 128.95,
            "eps_4q": 4.48,
            "eps_4q_growth_year": 175.78,
            "roe": 7.41,
            "roe_4q": 21.470000000000002,
            "gross_profit": 151701,
            "gross_margin": 20.69,
            "gross_margin_4q_avg": 18.58,
            "net_income": 218554,
            "revenue": 733369,
            "common_shares": 1259885,
            "book_valuer_per_share": 25.89,
            "book_valuer_per_share_4q_avg": 23.63,
            "equity": 3262058,
            "current_ratio": 232.92,
            "debt_ratio": 40.85,
            "inventory_turnover_ratio": 2.83,
            "account_receivable_turnover_ratio": null,
            "reinvestment_rate": 33.22,
            "research_to_sale_ratio": null,
            "price_fair": 101.18,
            "eps_avg_yearly": 2.89,
            "eps_latest_yearly": 6.96,
            "eps_growth_yearly": 358.38
        },
        "20044": {
            "year_quarter": 20044,
            "year": 2004,
            "quarter": 4,
            "eps": 1.36,
            "eps_growth_year": 3.03,
            "eps_4q": 4.47,
            "eps_4q_growth_year": 75.71,
            "roe": 5.09,
            "roe_4q": 20.36,
            "gross_profit": 120634,
            "gross_margin": 16.55,
            "gross_margin_4q_avg": 17.98,
            "net_income": 183762,
            "revenue": 728762,
            "common_shares": 1443775,
            "book_valuer_per_share": 27.39,
            "book_valuer_per_share_4q_avg": 24.97,
            "equity": 3954586,
            "current_ratio": 113.89,
            "debt_ratio": 57.24,
            "inventory_turnover_ratio": 1.64,
            "account_receivable_turnover_ratio": null,
            "reinvestment_rate": 264.25,
            "research_to_sale_ratio": null,
            "price_fair": 108.62,
            "eps_avg_yearly": 3.1,
            "eps_latest_yearly": 5.44,
            "eps_growth_yearly": 321.23
        },
        "20051": {
            "year_quarter": 20051,
            "year": 2005,
            "quarter": 1,
            "eps": 0.68,
            "eps_growth_year": -20,
            "eps_4q": 3.62,
            "eps_4q_growth_year": 11.26,
            "roe": 2.95,
            "roe_4q": 19.59,
            "gross_profit": 87615,
            "gross_margin": 13.05,
            "gross_margin_4q_avg": 16.29,
            "net_income": 118161,
            "revenue": 671195,
            "common_shares": 1725430,
            "book_valuer_per_share": 23.56,
            "book_valuer_per_share_4q_avg": 25.05,
            "equity": 4064612,
            "current_ratio": 137.89,
            "debt_ratio": 30.6,
            "inventory_turnover_ratio": 1.62,
            "account_receivable_turnover_ratio": null,
            "reinvestment_rate": 29.85,
            "research_to_sale_ratio": null,
            "price_fair": 107.58,
            "eps_avg_yearly": 3.07,
            "eps_latest_yearly": 2.72,
            "eps_growth_yearly": 281.14
        },
        "20052": {
            "year_quarter": 20052,
            "year": 2005,
            "quarter": 2,
            "eps": 0.54,
            "eps_growth_year": -38.64,
            "eps_4q": 3.15,
            "eps_4q_growth_year": -8.46,
            "roe": 2.64,
            "roe_4q": 18.09,
            "gross_profit": 88432,
            "gross_margin": 13.06,
            "gross_margin_4q_avg": 15.84,
            "net_income": 107780,
            "revenue": 677147,
            "common_shares": 2043044,
            "book_valuer_per_share": 20.06,
            "book_valuer_per_share_4q_avg": 24.23,
            "equity": 4097599,
            "current_ratio": 93.42,
            "debt_ratio": 29.98,
            "inventory_turnover_ratio": 3.04,
            "account_receivable_turnover_ratio": null,
            "reinvestment_rate": 46.99,
            "research_to_sale_ratio": null,
            "price_fair": 105.3,
            "eps_avg_yearly": 3.01,
            "eps_latest_yearly": 2.16,
            "eps_growth_yearly": 255.17
        },
        "20053": {
            "year_quarter": 20053,
            "year": 2005,
            "quarter": 3,
            "eps": 1.17,
            "eps_growth_year": -32.76,
            "eps_4q": 3.2,
            "eps_4q_growth_year": -28.49,
            "roe": 5.43,
            "roe_4q": 16.11,
            "gross_profit": 52598,
            "gross_margin": 6.3,
            "gross_margin_4q_avg": 12.24,
            "net_income": 235953,
            "revenue": 834653,
            "common_shares": 2080717,
            "book_valuer_per_share": 22.08,
            "book_valuer_per_share_4q_avg": 23.27,
            "equity": 4594587,
            "current_ratio": 96.76,
            "debt_ratio": 26.05,
            "inventory_turnover_ratio": 3.77,
            "account_receivable_turnover_ratio": null,
            "reinvestment_rate": 38.79,
            "research_to_sale_ratio": null,
            "price_fair": 109.2,
            "eps_avg_yearly": 3.12,
            "eps_latest_yearly": 4.68,
            "eps_growth_yearly": 269.27
        },
        "20054": {
            "year_quarter": 20054,
            "year": 2005,
            "quarter": 4,
            "eps": 1.44,
            "eps_growth_year": 5.88,
            "eps_4q": 3.68,
            "eps_4q_growth_year": -17.69,
            "roe": 5.9,
            "roe_4q": 16.92,
            "gross_profit": 148503,
            "gross_margin": 14.41,
            "gross_margin_4q_avg": 11.71,
            "net_income": 297161,
            "revenue": 1030308,
            "common_shares": 2320717,
            "book_valuer_per_share": 23.58,
            "book_valuer_per_share_4q_avg": 22.32,
            "equity": 5471618,
            "current_ratio": 125.69,
            "debt_ratio": 61.88,
            "inventory_turnover_ratio": 1.49,
            "account_receivable_turnover_ratio": null,
            "reinvestment_rate": 357.37,
            "research_to_sale_ratio": null,
            "price_fair": 114.98,
            "eps_avg_yearly": 3.29,
            "eps_latest_yearly": 5.76,
            "eps_growth_yearly": 258.21
        },
        "20061": {
            "year_quarter": 20061,
            "year": 2006,
            "quarter": 1,
            "eps": 1.02,
            "eps_growth_year": 50,
            "eps_4q": 3.78,
            "eps_4q_growth_year": 4.4,
            "roe": 4.24,
            "roe_4q": 18.21,
            "gross_profit": 112659,
            "gross_margin": 11.04,
            "gross_margin_4q_avg": 11.2,
            "net_income": 236826,
            "revenue": 1020652,
            "common_shares": 2320717,
            "book_valuer_per_share": 24.58,
            "book_valuer_per_share_4q_avg": 22.58,
            "equity": 5703212,
            "current_ratio": 138.69,
            "debt_ratio": 22.08,
            "inventory_turnover_ratio": 1.44,
            "account_receivable_turnover_ratio": null,
            "reinvestment_rate": 2.98,
            "research_to_sale_ratio": null,
            "price_fair": 118.13,
            "eps_avg_yearly": 3.38,
            "eps_latest_yearly": 4.08,
            "eps_growth_yearly": 264.99
        },
        "20062": {
            "year_quarter": 20062,
            "year": 2006,
            "quarter": 2,
            "eps": 0.8,
            "eps_growth_year": 48.15,
            "eps_4q": 3.56,
            "eps_4q_growth_year": 13.01,
            "roe": 3.92,
            "roe_4q": 19.490000000000002,
            "gross_profit": 127581,
            "gross_margin": 13.3,
            "gross_margin_4q_avg": 11.26,
            "net_income": 223395,
            "revenue": 959428,
            "common_shares": 2320717,
            "book_valuer_per_share": 24.53,
            "book_valuer_per_share_4q_avg": 23.69,
            "equity": 5691998,
            "current_ratio": 121.17,
            "debt_ratio": 26.03,
            "inventory_turnover_ratio": 2.49,
            "account_receivable_turnover_ratio": null,
            "reinvestment_rate": 2.74,
            "research_to_sale_ratio": null,
            "price_fair": 119.35,
            "eps_avg_yearly": 3.41,
            "eps_latest_yearly": 3.2,
            "eps_growth_yearly": 259.6
        },
        "20063": {
            "year_quarter": 20063,
            "year": 2006,
            "quarter": 3,
            "eps": 0.66,
            "eps_growth_year": -43.59,
            "eps_4q": 3.35,
            "eps_4q_growth_year": 4.79,
            "roe": 3.18,
            "roe_4q": 17.240000000000002,
            "gross_profit": 87825,
            "gross_margin": 8.28,
            "gross_margin_4q_avg": 11.76,
            "net_income": 185493,
            "revenue": 1060526,
            "common_shares": 2808068,
            "book_valuer_per_share": 21.25,
            "book_valuer_per_share_4q_avg": 23.49,
            "equity": 5966977,
            "current_ratio": 124.04,
            "debt_ratio": 22.78,
            "inventory_turnover_ratio": 2.8,
            "account_receivable_turnover_ratio": null,
            "reinvestment_rate": -1.37,
            "research_to_sale_ratio": null,
            "price_fair": 124.6,
            "eps_avg_yearly": 3.56,
            "eps_latest_yearly": 2.64,
            "eps_growth_yearly": 277.95
        },
        "20064": {
            "year_quarter": 20064,
            "year": 2006,
            "quarter": 4,
            "eps": 0.73,
            "eps_growth_year": -49.31,
            "eps_4q": 3.02,
            "eps_4q_growth_year": -17.86,
            "roe": 2.8,
            "roe_4q": 14.14,
            "gross_profit": 152421,
            "gross_margin": 14.26,
            "gross_margin_4q_avg": 11.72,
            "net_income": 205735,
            "revenue": 1068828,
            "common_shares": 2808068,
            "book_valuer_per_share": 25.99,
            "book_valuer_per_share_4q_avg": 24.09,
            "equity": 8713793,
            "current_ratio": 135.82,
            "debt_ratio": 57.94,
            "inventory_turnover_ratio": 0.99,
            "account_receivable_turnover_ratio": null,
            "reinvestment_rate": 257.04,
            "research_to_sale_ratio": null,
            "price_fair": 126.53,
            "eps_avg_yearly": 3.62,
            "eps_latest_yearly": 2.92,
            "eps_growth_yearly": 93.11
        },
        "20071": {
            "year_quarter": 20071,
            "year": 2007,
            "quarter": 1,
            "eps": 0.7,
            "eps_growth_year": -31.37,
            "eps_4q": 2.9,
            "eps_4q_growth_year": -23.17,
            "roe": 2.39,
            "roe_4q": 12.29,
            "gross_profit": 55811,
            "gross_margin": 7,
            "gross_margin_4q_avg": 10.71,
            "net_income": 195172,
            "revenue": 797754,
            "common_shares": 2808068,
            "book_valuer_per_share": 27.04,
            "book_valuer_per_share_4q_avg": 24.7,
            "equity": 7593870,
            "current_ratio": 133.22,
            "debt_ratio": 16.1,
            "inventory_turnover_ratio": 0.83,
            "account_receivable_turnover_ratio": null,
            "reinvestment_rate": -6.83,
            "research_to_sale_ratio": null,
            "price_fair": 131.6,
            "eps_avg_yearly": 3.76,
            "eps_latest_yearly": 2.8,
            "eps_growth_yearly": 111.2
        },
        "20072": {
            "year_quarter": 20072,
            "year": 2007,
            "quarter": 2,
            "eps": 0.9,
            "eps_growth_year": 12.5,
            "eps_4q": 2.68,
            "eps_4q_growth_year": -24.76,
            "roe": 3.89,
            "roe_4q": 12.26,
            "gross_profit": 24777,
            "gross_margin": 3.37,
            "gross_margin_4q_avg": 8.23,
            "net_income": 297090,
            "revenue": 735056,
            "common_shares": 2808068,
            "book_valuer_per_share": 27.33,
            "book_valuer_per_share_4q_avg": 25.4,
            "equity": 7673353,
            "current_ratio": 87.49,
            "debt_ratio": 22.23,
            "inventory_turnover_ratio": 2.86,
            "account_receivable_turnover_ratio": null,
            "reinvestment_rate": -7.74,
            "research_to_sale_ratio": null,
            "price_fair": 136.06,
            "eps_avg_yearly": 3.89,
            "eps_latest_yearly": 3.6,
            "eps_growth_yearly": 62.09
        },
        "20073": {
            "year_quarter": 20073,
            "year": 2007,
            "quarter": 3,
            "eps": 1.07,
            "eps_growth_year": 62.12,
            "eps_4q": 3.18,
            "eps_4q_growth_year": -5.19,
            "roe": 4.49,
            "roe_4q": 13.57,
            "gross_profit": 68189,
            "gross_margin": 12.92,
            "gross_margin_4q_avg": 9.39,
            "net_income": 353867,
            "revenue": 527924,
            "common_shares": 3313520,
            "book_valuer_per_share": 24.36,
            "book_valuer_per_share_4q_avg": 26.18,
            "equity": 8071865,
            "current_ratio": 94.65,
            "debt_ratio": 17.43,
            "inventory_turnover_ratio": 1.93,
            "account_receivable_turnover_ratio": null,
            "reinvestment_rate": -5.62,
            "research_to_sale_ratio": null,
            "price_fair": 138.78,
            "eps_avg_yearly": 3.97,
            "eps_latest_yearly": 4.28,
            "eps_growth_yearly": 43.09
        },
        "20074": {
            "year_quarter": 20074,
            "year": 2007,
            "quarter": 4,
            "eps": 1.53,
            "eps_growth_year": 109.59,
            "eps_4q": 4.08,
            "eps_4q_growth_year": 35.02,
            "roe": 5.5,
            "roe_4q": 16.27,
            "gross_profit": 30847,
            "gross_margin": 6.37,
            "gross_margin_4q_avg": 7.42,
            "net_income": 507817,
            "revenue": 484192,
            "common_shares": 3313520,
            "book_valuer_per_share": 25.59,
            "book_valuer_per_share_4q_avg": 26.08,
            "equity": 10395083,
            "current_ratio": 104.5,
            "debt_ratio": 58.75,
            "inventory_turnover_ratio": 0.37,
            "account_receivable_turnover_ratio": null,
            "reinvestment_rate": 251.28,
            "research_to_sale_ratio": null,
            "price_fair": 140.61,
            "eps_avg_yearly": 4.02,
            "eps_latest_yearly": 6.12,
            "eps_growth_yearly": 35.42
        },
        "20081": {
            "year_quarter": 20081,
            "year": 2008,
            "quarter": 1,
            "eps": 0.59,
            "eps_growth_year": -15.71,
            "eps_4q": 2.65,
            "eps_4q_growth_year": -8.88,
            "roe": 2.91,
            "roe_4q": 16.79,
            "gross_profit": 674950,
            "gross_margin": 13.33,
            "gross_margin_4q_avg": 9,
            "net_income": 301436,
            "revenue": 5062567,
            "common_shares": 3313520,
            "book_valuer_per_share": 25.29,
            "book_valuer_per_share_4q_avg": 25.64,
            "equity": 10338556,
            "current_ratio": 129.69,
            "debt_ratio": 59.09,
            "inventory_turnover_ratio": 2.2,
            "account_receivable_turnover_ratio": null,
            "reinvestment_rate": 254.22,
            "research_to_sale_ratio": null,
            "price_fair": 138.34,
            "eps_avg_yearly": 3.95,
            "eps_latest_yearly": 2.36,
            "eps_growth_yearly": 28.96
        },
        "20082": {
            "year_quarter": 20082,
            "year": 2008,
            "quarter": 2,
            "eps": 0.47,
            "eps_growth_year": -47.78,
            "eps_4q": 2.29,
            "eps_4q_growth_year": -14.6,
            "roe": 2.42,
            "roe_4q": 15.32,
            "gross_profit": 1004071,
            "gross_margin": 19.03,
            "gross_margin_4q_avg": 12.91,
            "net_income": 248816,
            "revenue": 5277298,
            "common_shares": 3313520,
            "book_valuer_per_share": 24.83,
            "book_valuer_per_share_4q_avg": 25.02,
            "equity": 10254165,
            "current_ratio": 119.35,
            "debt_ratio": 61.86,
            "inventory_turnover_ratio": 2.17,
            "account_receivable_turnover_ratio": null,
            "reinvestment_rate": 260.5,
            "research_to_sale_ratio": null,
            "price_fair": 127.03,
            "eps_avg_yearly": 3.85,
            "eps_latest_yearly": 1.88,
            "eps_growth_yearly": 22.99
        },
        "20083": {
            "year_quarter": 20083,
            "year": 2008,
            "quarter": 3,
            "eps": 0.62,
            "eps_growth_year": -42.06,
            "eps_4q": 1.8,
            "eps_4q_growth_year": -43.55,
            "roe": 3.56,
            "roe_4q": 14.39,
            "gross_profit": 1089939,
            "gross_margin": 18.11,
            "gross_margin_4q_avg": 14.21,
            "net_income": 381051,
            "revenue": 6019721,
            "common_shares": 3976084,
            "book_valuer_per_share": 22.25,
            "book_valuer_per_share_4q_avg": 24.49,
            "equity": 11145616,
            "current_ratio": 124.24,
            "debt_ratio": 62.76,
            "inventory_turnover_ratio": 2.32,
            "account_receivable_turnover_ratio": null,
            "reinvestment_rate": 279.85,
            "research_to_sale_ratio": null,
            "price_fair": 59.05,
            "eps_avg_yearly": 3.57,
            "eps_latest_yearly": 2.48,
            "eps_growth_yearly": 6.54
        },
        "20084": {
            "year_quarter": 20084,
            "year": 2008,
            "quarter": 4,
            "eps": -0.05,
            "eps_growth_year": -103.27,
            "eps_4q": 0.84,
            "eps_4q_growth_year": -79.29,
            "roe": 0.59,
            "roe_4q": 9.48,
            "gross_profit": 475687,
            "gross_margin": 10.85,
            "gross_margin_4q_avg": 15.33,
            "net_income": 66181,
            "revenue": 4384092,
            "common_shares": 3976084,
            "book_valuer_per_share": 22.25,
            "book_valuer_per_share_4q_avg": 23.66,
            "equity": 11255628,
            "current_ratio": 149.97,
            "debt_ratio": 57.28,
            "inventory_turnover_ratio": 2.36,
            "account_receivable_turnover_ratio": 1.33,
            "reinvestment_rate": 204.71,
            "research_to_sale_ratio": null,
            "price_fair": 78.56,
            "eps_avg_yearly": 3.45,
            "eps_latest_yearly": 2.48,
            "eps_growth_yearly": 12.8
        },
        "20091": {
            "year_quarter": 20091,
            "year": 2009,
            "quarter": 1,
            "eps": 0.07,
            "eps_growth_year": -88.14,
            "eps_4q": 0.54,
            "eps_4q_growth_year": -79.59,
            "roe": 0.46,
            "roe_4q": 7.03,
            "gross_profit": 432220,
            "gross_margin": 11.31,
            "gross_margin_4q_avg": 14.83,
            "net_income": 53104,
            "revenue": 3820546,
            "common_shares": 3976084,
            "book_valuer_per_share": 23.09,
            "book_valuer_per_share_4q_avg": 23.11,
            "equity": 11687458,
            "current_ratio": 119.88,
            "debt_ratio": 53,
            "inventory_turnover_ratio": 2.99,
            "account_receivable_turnover_ratio": 0.65,
            "reinvestment_rate": 274.27,
            "research_to_sale_ratio": null,
            "price_fair": 122.4,
            "eps_avg_yearly": 3.5,
            "eps_latest_yearly": 2.48,
            "eps_growth_yearly": 28
        },
        "20092": {
            "year_quarter": 20092,
            "year": 2009,
            "quarter": 2,
            "eps": 1.01,
            "eps_growth_year": 114.89,
            "eps_4q": 1.2,
            "eps_4q_growth_year": -47.62,
            "roe": 4.76,
            "roe_4q": 9.37,
            "gross_profit": 953201,
            "gross_margin": 21.03,
            "gross_margin_4q_avg": 15.33,
            "net_income": 551730,
            "revenue": 4532483,
            "common_shares": 3976084,
            "book_valuer_per_share": 22.81,
            "book_valuer_per_share_4q_avg": 22.6,
            "equity": 11512840,
            "current_ratio": 144,
            "debt_ratio": 54.13,
            "inventory_turnover_ratio": 2.39,
            "account_receivable_turnover_ratio": 0.8,
            "reinvestment_rate": 229.13,
            "research_to_sale_ratio": null,
            "price_fair": 127.1,
            "eps_avg_yearly": 3.63,
            "eps_latest_yearly": 4.04,
            "eps_growth_yearly": 417.56
        },
        "20093": {
            "year_quarter": 20093,
            "year": 2009,
            "quarter": 3,
            "eps": 1.05,
            "eps_growth_year": 69.35,
            "eps_4q": 1.51,
            "eps_4q_growth_year": -16.04,
            "roe": 4.87,
            "roe_4q": 10.68,
            "gross_profit": 1007953,
            "gross_margin": 17.89,
            "gross_margin_4q_avg": 15.27,
            "net_income": 571933,
            "revenue": 5634687,
            "common_shares": 4000664,
            "book_valuer_per_share": 23.55,
            "book_valuer_per_share_4q_avg": 22.93,
            "equity": 11971979,
            "current_ratio": 145.76,
            "debt_ratio": 52.27,
            "inventory_turnover_ratio": 2.39,
            "account_receivable_turnover_ratio": 0.85,
            "reinvestment_rate": 211.91,
            "research_to_sale_ratio": null,
            "price_fair": 125.9,
            "eps_avg_yearly": 3.6,
            "eps_latest_yearly": 4.2,
            "eps_growth_yearly": 385.36
        },
        "20094": {
            "year_quarter": 20094,
            "year": 2009,
            "quarter": 4,
            "eps": 1.03,
            "eps_growth_year": null,
            "eps_4q": 3.12,
            "eps_4q_growth_year": 269.38,
            "roe": 4.67,
            "roe_4q": 14.76,
            "gross_profit": 1098442,
            "gross_margin": 20.39,
            "gross_margin_4q_avg": 17.66,
            "net_income": 576476,
            "revenue": 5388147,
            "common_shares": 4002534,
            "book_valuer_per_share": 24.93,
            "book_valuer_per_share_4q_avg": 23.6,
            "equity": 12702545,
            "current_ratio": 164.55,
            "debt_ratio": 52,
            "inventory_turnover_ratio": 2.18,
            "account_receivable_turnover_ratio": 1.48,
            "reinvestment_rate": 279.66,
            "research_to_sale_ratio": null,
            "price_fair": 121.8,
            "eps_avg_yearly": 3.48,
            "eps_latest_yearly": 4.12,
            "eps_growth_yearly": 378.22
        },
        "20101": {
            "year_quarter": 20101,
            "year": 2010,
            "quarter": 1,
            "eps": 0.38,
            "eps_growth_year": 442.86,
            "eps_4q": 3.44,
            "eps_4q_growth_year": 536.38,
            "roe": 1.71,
            "roe_4q": 16.009999999999998,
            "gross_profit": 719110,
            "gross_margin": 13.64,
            "gross_margin_4q_avg": 18.24,
            "net_income": 219074,
            "revenue": 5270316,
            "common_shares": 4005924,
            "book_valuer_per_share": 25.18,
            "book_valuer_per_share_4q_avg": 24.12,
            "equity": 12857039,
            "current_ratio": 111.66,
            "debt_ratio": 56.11,
            "inventory_turnover_ratio": 2.31,
            "account_receivable_turnover_ratio": 0.73,
            "reinvestment_rate": 328.76,
            "research_to_sale_ratio": 0.73,
            "price_fair": 115.4,
            "eps_avg_yearly": 3.3,
            "eps_latest_yearly": 1.52,
            "eps_growth_yearly": 368.52
        },
        "20102": {
            "year_quarter": 20102,
            "year": 2010,
            "quarter": 2,
            "eps": 0.51,
            "eps_growth_year": -49.97,
            "eps_4q": 2.73,
            "eps_4q_growth_year": 127.62,
            "roe": 2.3,
            "roe_4q": 13.55,
            "gross_profit": 624979,
            "gross_margin": 11.1,
            "gross_margin_4q_avg": 15.76,
            "net_income": 295084,
            "revenue": 5630550,
            "common_shares": 4005924,
            "book_valuer_per_share": 24.87,
            "book_valuer_per_share_4q_avg": 24.63,
            "equity": 12780092,
            "current_ratio": 143.94,
            "debt_ratio": 59.41,
            "inventory_turnover_ratio": 2.42,
            "account_receivable_turnover_ratio": 0.75,
            "reinvestment_rate": 341.32,
            "research_to_sale_ratio": 0.77,
            "price_fair": 112.5,
            "eps_avg_yearly": 3.21,
            "eps_latest_yearly": 2.04,
            "eps_growth_yearly": 384.46
        },
        "20103": {
            "year_quarter": 20103,
            "year": 2010,
            "quarter": 3,
            "eps": 0.3,
            "eps_growth_year": -71.77,
            "eps_4q": 2.08,
            "eps_4q_growth_year": 38.06,
            "roe": 1.36,
            "roe_4q": 10.04,
            "gross_profit": 575836,
            "gross_margin": 10,
            "gross_margin_4q_avg": 13.78,
            "net_income": 174548,
            "revenue": 5758464,
            "common_shares": 4006584,
            "book_valuer_per_share": 24.92,
            "book_valuer_per_share_4q_avg": 24.98,
            "equity": 12810123,
            "current_ratio": 161.47,
            "debt_ratio": 62.97,
            "inventory_turnover_ratio": 2.44,
            "account_receivable_turnover_ratio": 0.74,
            "reinvestment_rate": 352.38,
            "research_to_sale_ratio": 0.77,
            "price_fair": 108.9,
            "eps_avg_yearly": 3.11,
            "eps_latest_yearly": 1.2,
            "eps_growth_yearly": 377.69
        },
        "20104": {
            "year_quarter": 20104,
            "year": 2010,
            "quarter": 4,
            "eps": 0.1,
            "eps_growth_year": -90.14,
            "eps_4q": 1.25,
            "eps_4q_growth_year": -59.85,
            "roe": 0.45,
            "roe_4q": 5.819999999999999,
            "gross_profit": 570771,
            "gross_margin": 10.69,
            "gross_margin_4q_avg": 11.36,
            "net_income": 55622,
            "revenue": 5340125,
            "common_shares": 4407226,
            "book_valuer_per_share": 21.19,
            "book_valuer_per_share_4q_avg": 24.04,
            "equity": 12032261,
            "current_ratio": 190.88,
            "debt_ratio": 63.89,
            "inventory_turnover_ratio": 2.48,
            "account_receivable_turnover_ratio": 0.73,
            "reinvestment_rate": 195.08,
            "research_to_sale_ratio": 0.96,
            "price_fair": 102.6,
            "eps_avg_yearly": 2.93,
            "eps_latest_yearly": 0.4,
            "eps_growth_yearly": 355.62
        },
        "20111": {
            "year_quarter": 20111,
            "year": 2011,
            "quarter": 1,
            "eps": -0.24,
            "eps_growth_year": -163.16,
            "eps_4q": 0.67,
            "eps_4q_growth_year": -80.64,
            "roe": -1.2,
            "roe_4q": 2.91,
            "gross_profit": 191352,
            "gross_margin": 3.82,
            "gross_margin_4q_avg": 8.9,
            "net_income": -143899,
            "revenue": 5004021,
            "common_shares": 4411717,
            "book_valuer_per_share": 21.11,
            "book_valuer_per_share_4q_avg": 23.02,
            "equity": 12010447,
            "current_ratio": 174.81,
            "debt_ratio": 64.99,
            "inventory_turnover_ratio": 2.66,
            "account_receivable_turnover_ratio": 0.73,
            "reinvestment_rate": 396.67,
            "research_to_sale_ratio": 0.89,
            "price_fair": 102.95,
            "eps_avg_yearly": 2.94,
            "eps_latest_yearly": 0.4,
            "eps_growth_yearly": 384.23
        },
        "20112": {
            "year_quarter": 20112,
            "year": 2011,
            "quarter": 2,
            "eps": 0.36,
            "eps_growth_year": -28.15,
            "eps_4q": 0.52,
            "eps_4q_growth_year": -80.99,
            "roe": 1.44,
            "roe_4q": 2.05,
            "gross_profit": 991270,
            "gross_margin": 12.28,
            "gross_margin_4q_avg": 9.2,
            "net_income": 217660,
            "revenue": 8069121,
            "common_shares": 4411717,
            "book_valuer_per_share": 21.1,
            "book_valuer_per_share_4q_avg": 22.08,
            "equity": 18283942,
            "current_ratio": 145.47,
            "debt_ratio": 68.34,
            "inventory_turnover_ratio": 2.25,
            "account_receivable_turnover_ratio": 0.69,
            "reinvestment_rate": 521.27,
            "research_to_sale_ratio": 0.57,
            "price_fair": 101.03,
            "eps_avg_yearly": 2.89,
            "eps_latest_yearly": 0.4,
            "eps_growth_yearly": 406.73
        },
        "20113": {
            "year_quarter": 20113,
            "year": 2011,
            "quarter": 3,
            "eps": 0.61,
            "eps_growth_year": 106.25,
            "eps_4q": 0.85,
            "eps_4q_growth_year": -59.39,
            "roe": 2.67,
            "roe_4q": 3.3599999999999994,
            "gross_profit": 1626746,
            "gross_margin": 10.89,
            "gross_margin_4q_avg": 9.42,
            "net_income": 515304,
            "revenue": 14935702,
            "common_shares": 4579362,
            "book_valuer_per_share": 22.98,
            "book_valuer_per_share_4q_avg": 21.6,
            "equity": 20301064,
            "current_ratio": 138.69,
            "debt_ratio": 68.64,
            "inventory_turnover_ratio": 2.84,
            "account_receivable_turnover_ratio": 0.87,
            "reinvestment_rate": 564.79,
            "research_to_sale_ratio": 0.53,
            "price_fair": 95.67,
            "eps_avg_yearly": 2.73,
            "eps_latest_yearly": 2.44,
            "eps_growth_yearly": 423.58
        },
        "20114": {
            "year_quarter": 20114,
            "year": 2011,
            "quarter": 4,
            "eps": 0.32,
            "eps_growth_year": 215.1,
            "eps_4q": 1.07,
            "eps_4q_growth_year": -14.76,
            "roe": 1.34,
            "roe_4q": 4.249999999999999,
            "gross_profit": 1324476,
            "gross_margin": 10.39,
            "gross_margin_4q_avg": 9.35,
            "net_income": 254213,
            "revenue": 12748680,
            "common_shares": 4579362,
            "book_valuer_per_share": 23.28,
            "book_valuer_per_share_4q_avg": 22.12,
            "equity": 17537004,
            "current_ratio": 132.35,
            "debt_ratio": 70.48,
            "inventory_turnover_ratio": 2.4,
            "account_receivable_turnover_ratio": 0.78,
            "reinvestment_rate": 261.86,
            "research_to_sale_ratio": 0.57,
            "price_fair": 81.55,
            "eps_avg_yearly": 2.33,
            "eps_latest_yearly": 1.28,
            "eps_growth_yearly": 393.4
        },
        "20121": {
            "year_quarter": 20121,
            "year": 2012,
            "quarter": 1,
            "eps": 0.16,
            "eps_growth_year": null,
            "eps_4q": 1.45,
            "eps_4q_growth_year": 118.34,
            "roe": 0.48,
            "roe_4q": 5.93,
            "gross_profit": 923964,
            "gross_margin": 6.88,
            "gross_margin_4q_avg": 10.11,
            "net_income": 83992,
            "revenue": 13428178,
            "common_shares": 4579362,
            "book_valuer_per_share": 22.8,
            "book_valuer_per_share_4q_avg": 22.54,
            "equity": 17219515,
            "current_ratio": 130.63,
            "debt_ratio": 71.37,
            "inventory_turnover_ratio": 2.47,
            "account_receivable_turnover_ratio": 0.88,
            "reinvestment_rate": 260.89,
            "research_to_sale_ratio": 0.5,
            "price_fair": 76.53,
            "eps_avg_yearly": 2.19,
            "eps_latest_yearly": 0.64,
            "eps_growth_yearly": 397.22
        },
        "20122": {
            "year_quarter": 20122,
            "year": 2012,
            "quarter": 2,
            "eps": 0.75,
            "eps_growth_year": 107.55,
            "eps_4q": 1.84,
            "eps_4q_growth_year": 255.53,
            "roe": 2.23,
            "roe_4q": 6.72,
            "gross_profit": 1472678,
            "gross_margin": 8.89,
            "gross_margin_4q_avg": 9.26,
            "net_income": 384940,
            "revenue": 16557652,
            "common_shares": 4579362,
            "book_valuer_per_share": 23.15,
            "book_valuer_per_share_4q_avg": 23.05,
            "equity": 17272407,
            "current_ratio": 130,
            "debt_ratio": 71.5,
            "inventory_turnover_ratio": 2.82,
            "account_receivable_turnover_ratio": 0.97,
            "reinvestment_rate": 216.33,
            "research_to_sale_ratio": 0.41,
            "price_fair": 79.8,
            "eps_avg_yearly": 2.28,
            "eps_latest_yearly": 3,
            "eps_growth_yearly": 526.91
        },
        "20123": {
            "year_quarter": 20123,
            "year": 2012,
            "quarter": 3,
            "eps": 0.23,
            "eps_growth_year": -63.13,
            "eps_4q": 1.46,
            "eps_4q_growth_year": 72.39,
            "roe": 0.35,
            "roe_4q": 4.4,
            "gross_profit": 1098067,
            "gross_margin": 7.91,
            "gross_margin_4q_avg": 8.52,
            "net_income": 59342,
            "revenue": 13886538,
            "common_shares": 4579362,
            "book_valuer_per_share": 23,
            "book_valuer_per_share_4q_avg": 23.06,
            "equity": 17022522,
            "current_ratio": 119.13,
            "debt_ratio": 70.44,
            "inventory_turnover_ratio": 2.42,
            "account_receivable_turnover_ratio": 0.82,
            "reinvestment_rate": 179.89,
            "research_to_sale_ratio": 0.53,
            "price_fair": 75.25,
            "eps_avg_yearly": 2.15,
            "eps_latest_yearly": 0.92,
            "eps_growth_yearly": 493.16
        },
        "20124": {
            "year_quarter": 20124,
            "year": 2012,
            "quarter": 4,
            "eps": 0.05,
            "eps_growth_year": -84.07,
            "eps_4q": 1.19,
            "eps_4q_growth_year": 11.05,
            "roe": 0.06,
            "roe_4q": 3.12,
            "gross_profit": 1041873,
            "gross_margin": 8.63,
            "gross_margin_4q_avg": 8.08,
            "net_income": 10700,
            "revenue": 12070170,
            "common_shares": 4579362,
            "book_valuer_per_share": 23.06,
            "book_valuer_per_share_4q_avg": 23,
            "equity": 17020095,
            "current_ratio": 128.1,
            "debt_ratio": 68.22,
            "inventory_turnover_ratio": 2.21,
            "account_receivable_turnover_ratio": 0.84,
            "reinvestment_rate": 188.59,
            "research_to_sale_ratio": 0.63,
            "price_fair": 70,
            "eps_avg_yearly": 2,
            "eps_latest_yearly": 0.2,
            "eps_growth_yearly": 431.15
        },
        "20131": {
            "year_quarter": 20131,
            "year": 2013,
            "quarter": 1,
            "eps": -0.1,
            "eps_growth_year": -162.5,
            "eps_4q": 0.93,
            "eps_4q_growth_year": -35.79,
            "roe": -0.37,
            "roe_4q": 2.27,
            "gross_profit": 875213,
            "gross_margin": 7.51,
            "gross_margin_4q_avg": 8.24,
            "net_income": -62890,
            "revenue": 11658235,
            "common_shares": 4579362,
            "book_valuer_per_share": 23.63,
            "book_valuer_per_share_4q_avg": 23.21,
            "equity": 17268234,
            "current_ratio": 136.59,
            "debt_ratio": 68.32,
            "inventory_turnover_ratio": 2.22,
            "account_receivable_turnover_ratio": 0.89,
            "reinvestment_rate": 162.72,
            "research_to_sale_ratio": 0.63,
            "price_fair": 70,
            "eps_avg_yearly": 2,
            "eps_latest_yearly": 0.2,
            "eps_growth_yearly": 431.15
        },
        "20132": {
            "year_quarter": 20132,
            "year": 2013,
            "quarter": 2,
            "eps": -0.29,
            "eps_growth_year": -138.48,
            "eps_4q": -0.12,
            "eps_4q_growth_year": -106.27,
            "roe": -0.98,
            "roe_4q": -0.9400000000000001,
            "gross_profit": 734652,
            "gross_margin": 6.09,
            "gross_margin_4q_avg": 7.54,
            "net_income": -168230,
            "revenue": 12064032,
            "common_shares": 4579362,
            "book_valuer_per_share": 23.58,
            "book_valuer_per_share_4q_avg": 23.32,
            "equity": 17143715,
            "current_ratio": 138.79,
            "debt_ratio": 69.38,
            "inventory_turnover_ratio": 2.25,
            "account_receivable_turnover_ratio": 0.93,
            "reinvestment_rate": 231.56,
            "research_to_sale_ratio": 0.61,
            "price_fair": 53.91,
            "eps_avg_yearly": 1.83,
            "eps_latest_yearly": 0.2,
            "eps_growth_yearly": 19.46
        },
        "20133": {
            "year_quarter": 20133,
            "year": 2013,
            "quarter": 3,
            "eps": -0.17,
            "eps_growth_year": -175.42,
            "eps_4q": -0.52,
            "eps_4q_growth_year": -135.38,
            "roe": -0.37,
            "roe_4q": -1.6600000000000001,
            "gross_profit": 1077788,
            "gross_margin": 7.96,
            "gross_margin_4q_avg": 7.55,
            "net_income": -62311,
            "revenue": 13540772,
            "common_shares": 4579362,
            "book_valuer_per_share": 23.05,
            "book_valuer_per_share_4q_avg": 23.33,
            "equity": 16823846,
            "current_ratio": 143.58,
            "debt_ratio": 70.16,
            "inventory_turnover_ratio": 2.54,
            "account_receivable_turnover_ratio": 0.99,
            "reinvestment_rate": 303.44,
            "research_to_sale_ratio": 0.62,
            "price_fair": 48.09,
            "eps_avg_yearly": 1.61,
            "eps_latest_yearly": 0.2,
            "eps_growth_yearly": 19.79
        },
        "20134": {
            "year_quarter": 20134,
            "year": 2013,
            "quarter": 4,
            "eps": 0.01,
            "eps_growth_year": -81.37,
            "eps_4q": -0.56,
            "eps_4q_growth_year": -147.02,
            "roe": -1.16,
            "roe_4q": -2.88,
            "gross_profit": 1049452,
            "gross_margin": 7.64,
            "gross_margin_4q_avg": 7.3,
            "net_income": -195934,
            "revenue": 13744340,
            "common_shares": 4579362,
            "book_valuer_per_share": 23.69,
            "book_valuer_per_share_4q_avg": 23.49,
            "equity": 16976270,
            "current_ratio": 146.24,
            "debt_ratio": 70.23,
            "inventory_turnover_ratio": 2.64,
            "account_receivable_turnover_ratio": 0.97,
            "reinvestment_rate": -297.78,
            "research_to_sale_ratio": 0.66,
            "price_fair": 44.37,
            "eps_avg_yearly": 1.36,
            "eps_latest_yearly": 0.2,
            "eps_growth_yearly": 22.53
        },
        "20141": {
            "year_quarter": 20141,
            "year": 2014,
            "quarter": 1,
            "eps": 0.05,
            "eps_growth_year": null,
            "eps_4q": -0.41,
            "eps_4q_growth_year": -143.92,
            "roe": 0.07,
            "roe_4q": -2.44,
            "gross_profit": 938326,
            "gross_margin": 8.24,
            "gross_margin_4q_avg": 7.48,
            "net_income": 12567,
            "revenue": 11385578,
            "common_shares": 4579362,
            "book_valuer_per_share": 23.61,
            "book_valuer_per_share_4q_avg": 23.48,
            "equity": 17057835,
            "current_ratio": 142.49,
            "debt_ratio": 69.38,
            "inventory_turnover_ratio": 2.29,
            "account_receivable_turnover_ratio": 0.85,
            "reinvestment_rate": 1.79,
            "research_to_sale_ratio": 0.77,
            "price_fair": 43.12,
            "eps_avg_yearly": 1.23,
            "eps_latest_yearly": 0.2,
            "eps_growth_yearly": 207.77
        },
        "20142": {
            "year_quarter": 20142,
            "year": 2014,
            "quarter": 2,
            "eps": 0.35,
            "eps_growth_year": null,
            "eps_4q": 0.24,
            "eps_4q_growth_year": null,
            "roe": 1.08,
            "roe_4q": -0.3799999999999998,
            "gross_profit": 1075056,
            "gross_margin": 8.91,
            "gross_margin_4q_avg": 8.19,
            "net_income": 182888,
            "revenue": 12066209,
            "common_shares": 4579362,
            "book_valuer_per_share": 23.61,
            "book_valuer_per_share_4q_avg": 23.49,
            "equity": 16950476,
            "current_ratio": 143.94,
            "debt_ratio": 69.94,
            "inventory_turnover_ratio": 2.45,
            "account_receivable_turnover_ratio": 0.91,
            "reinvestment_rate": -70.84,
            "research_to_sale_ratio": 0.73,
            "price_fair": 40.88,
            "eps_avg_yearly": 1.17,
            "eps_latest_yearly": 1.4,
            "eps_growth_yearly": 434.09
        },
        "20143": {
            "year_quarter": 20143,
            "year": 2014,
            "quarter": 3,
            "eps": 0.66,
            "eps_growth_year": null,
            "eps_4q": 1.07,
            "eps_4q_growth_year": null,
            "roe": 2.03,
            "roe_4q": 2.0199999999999996,
            "gross_profit": 1324094,
            "gross_margin": 10.04,
            "gross_margin_4q_avg": 8.71,
            "net_income": 357908,
            "revenue": 13187925,
            "common_shares": 4579362,
            "book_valuer_per_share": 25.21,
            "book_valuer_per_share_4q_avg": 24.03,
            "equity": 18339347,
            "current_ratio": 136.99,
            "debt_ratio": 69.64,
            "inventory_turnover_ratio": 2.52,
            "account_receivable_turnover_ratio": 0.92,
            "reinvestment_rate": -95.77,
            "research_to_sale_ratio": 0.71,
            "price_fair": 45.92,
            "eps_avg_yearly": 1.31,
            "eps_latest_yearly": 2.64,
            "eps_growth_yearly": 485.99
        },
        "20144": {
            "year_quarter": 20144,
            "year": 2014,
            "quarter": 4,
            "eps": 0.5,
            "eps_growth_year": 5192.33,
            "eps_4q": 1.57,
            "eps_4q_growth_year": null,
            "roe": 1.28,
            "roe_4q": 4.46,
            "gross_profit": 1289734,
            "gross_margin": 10.73,
            "gross_margin_4q_avg": 9.48,
            "net_income": 243990,
            "revenue": 12022739,
            "common_shares": 4554362,
            "book_valuer_per_share": 26.78,
            "book_valuer_per_share_4q_avg": 24.8,
            "equity": 19848418,
            "current_ratio": 147.59,
            "debt_ratio": 66.52,
            "inventory_turnover_ratio": 2.36,
            "account_receivable_turnover_ratio": 0.82,
            "reinvestment_rate": -101.69,
            "research_to_sale_ratio": 0.75,
            "price_fair": 51.52,
            "eps_avg_yearly": 1.47,
            "eps_latest_yearly": 2,
            "eps_growth_yearly": 502.96
        },
        "20151": {
            "year_quarter": 20151,
            "year": 2015,
            "quarter": 1,
            "eps": -0.07,
            "eps_growth_year": -240,
            "eps_4q": 1.45,
            "eps_4q_growth_year": null,
            "roe": -0.86,
            "roe_4q": 3.53,
            "gross_profit": 804713,
            "gross_margin": 8.1,
            "gross_margin_4q_avg": 9.45,
            "net_income": -169532,
            "revenue": 9940819,
            "common_shares": 4554362,
            "book_valuer_per_share": 26.52,
            "book_valuer_per_share_4q_avg": 25.53,
            "equity": 19503417,
            "current_ratio": 151.29,
            "debt_ratio": 65.9,
            "inventory_turnover_ratio": 2.04,
            "account_receivable_turnover_ratio": 0.74,
            "reinvestment_rate": -100.27,
            "research_to_sale_ratio": 0.87,
            "price_fair": 51.52,
            "eps_avg_yearly": 1.47,
            "eps_latest_yearly": 2,
            "eps_growth_yearly": 502.96
        },
        "20152": {
            "year_quarter": 20152,
            "year": 2015,
            "quarter": 2,
            "eps": 0.16,
            "eps_growth_year": -54.29,
            "eps_4q": 1.25,
            "eps_4q_growth_year": 418.36,
            "roe": 0.63,
            "roe_4q": 3.08,
            "gross_profit": 842256,
            "gross_margin": 8.82,
            "gross_margin_4q_avg": 9.42,
            "net_income": 121714,
            "revenue": 9546203,
            "common_shares": 4554362,
            "book_valuer_per_share": 25.41,
            "book_valuer_per_share_4q_avg": 25.98,
            "equity": 18937978,
            "current_ratio": 149.26,
            "debt_ratio": 64.89,
            "inventory_turnover_ratio": 1.9,
            "account_receivable_turnover_ratio": 0.81,
            "reinvestment_rate": -419.62,
            "research_to_sale_ratio": 0.91,
            "price_fair": 51.52,
            "eps_avg_yearly": 1.47,
            "eps_latest_yearly": 2,
            "eps_growth_yearly": 502.96
        },
        "20153": {
            "year_quarter": 20153,
            "year": 2015,
            "quarter": 3,
            "eps": 0.62,
            "eps_growth_year": -6.06,
            "eps_4q": 1.21,
            "eps_4q_growth_year": 12.66,
            "roe": 1.49,
            "roe_4q": 2.54,
            "gross_profit": 1082225,
            "gross_margin": 10.48,
            "gross_margin_4q_avg": 9.53,
            "net_income": 292370,
            "revenue": 10330241,
            "common_shares": 4554362,
            "book_valuer_per_share": 27.44,
            "book_valuer_per_share_4q_avg": 26.54,
            "equity": 20321867,
            "current_ratio": 151.56,
            "debt_ratio": 63.54,
            "inventory_turnover_ratio": 2.04,
            "account_receivable_turnover_ratio": 0.88,
            "reinvestment_rate": -483.15,
            "research_to_sale_ratio": 1.04,
            "price_fair": 51.66,
            "eps_avg_yearly": 1.48,
            "eps_latest_yearly": 2.48,
            "eps_growth_yearly": 590.18
        },
        "20154": {
            "year_quarter": 20154,
            "year": 2015,
            "quarter": 4,
            "eps": 0.1,
            "eps_growth_year": -79.54,
            "eps_4q": 0.81,
            "eps_4q_growth_year": -48.33,
            "roe": -0.42,
            "roe_4q": 0.8400000000000002,
            "gross_profit": 1116965,
            "gross_margin": 10.54,
            "gross_margin_4q_avg": 9.49,
            "net_income": -84281,
            "revenue": 10599264,
            "common_shares": 4554362,
            "book_valuer_per_share": 27.22,
            "book_valuer_per_share_4q_avg": 26.65,
            "equity": 20039126,
            "current_ratio": 155.68,
            "debt_ratio": 63.54,
            "inventory_turnover_ratio": 2.13,
            "account_receivable_turnover_ratio": 0.87,
            "reinvestment_rate": -408.28,
            "research_to_sale_ratio": 0.95,
            "price_fair": 48.58,
            "eps_avg_yearly": 1.39,
            "eps_latest_yearly": 0.4,
            "eps_growth_yearly": 575.65
        },
        "20161": {
            "year_quarter": 20161,
            "year": 2016,
            "quarter": 1,
            "eps": 0.06,
            "eps_growth_year": null,
            "eps_4q": 0.94,
            "eps_4q_growth_year": -35.09,
            "roe": 0.29,
            "roe_4q": 1.9899999999999998,
            "gross_profit": 966484,
            "gross_margin": 10.68,
            "gross_margin_4q_avg": 10.13,
            "net_income": 58590,
            "revenue": 9052206,
            "common_shares": 4554362,
            "book_valuer_per_share": 27.42,
            "book_valuer_per_share_4q_avg": 26.87,
            "equity": 20015082,
            "current_ratio": 166.91,
            "debt_ratio": 60.55,
            "inventory_turnover_ratio": 1.89,
            "account_receivable_turnover_ratio": 0.82,
            "reinvestment_rate": -331.78,
            "research_to_sale_ratio": 0.98,
            "price_fair": 47.18,
            "eps_avg_yearly": 1.35,
            "eps_latest_yearly": 0.24,
            "eps_growth_yearly": 579.65
        },
        "20162": {
            "year_quarter": 20162,
            "year": 2016,
            "quarter": 2,
            "eps": 0.36,
            "eps_growth_year": 125,
            "eps_4q": 1.14,
            "eps_4q_growth_year": -8.89,
            "roe": 1.03,
            "roe_4q": 2.39,
            "gross_profit": 1181069,
            "gross_margin": 12.01,
            "gross_margin_4q_avg": 10.93,
            "net_income": 204857,
            "revenue": 9830999,
            "common_shares": 4554362,
            "book_valuer_per_share": 27.04,
            "book_valuer_per_share_4q_avg": 27.28,
            "equity": 19843086,
            "current_ratio": 151.98,
            "debt_ratio": 60.99,
            "inventory_turnover_ratio": 2.09,
            "account_receivable_turnover_ratio": 0.91,
            "reinvestment_rate": -297.87,
            "research_to_sale_ratio": 0.94,
            "price_fair": 41.72,
            "eps_avg_yearly": 1.19,
            "eps_latest_yearly": 1.44,
            "eps_growth_yearly": 632.15
        },
        "20163": {
            "year_quarter": 20163,
            "year": 2016,
            "quarter": 3,
            "eps": 0.92,
            "eps_growth_year": 48.39,
            "eps_4q": 1.44,
            "eps_4q_growth_year": 19.14,
            "roe": 2.61,
            "roe_4q": 3.51,
            "gross_profit": 1561054,
            "gross_margin": 14.73,
            "gross_margin_4q_avg": 11.99,
            "net_income": 519200,
            "revenue": 10595194,
            "common_shares": 4504362,
            "book_valuer_per_share": 27.58,
            "book_valuer_per_share_4q_avg": 27.32,
            "equity": 19980503,
            "current_ratio": 144.73,
            "debt_ratio": 62.16,
            "inventory_turnover_ratio": 2.2,
            "account_receivable_turnover_ratio": 0.91,
            "reinvestment_rate": -228.77,
            "research_to_sale_ratio": 1.03,
            "price_fair": 51.38,
            "eps_avg_yearly": 1.47,
            "eps_latest_yearly": 3.68,
            "eps_growth_yearly": 722.1
        },
        "20164": {
            "year_quarter": 20164,
            "year": 2016,
            "quarter": 4,
            "eps": 0.76,
            "eps_growth_year": 638.33,
            "eps_4q": 2.1,
            "eps_4q_growth_year": 159.1,
            "roe": 2.36,
            "roe_4q": 6.29,
            "gross_profit": 1426114,
            "gross_margin": 14.35,
            "gross_margin_4q_avg": 12.94,
            "net_income": 473925,
            "revenue": 9936129,
            "common_shares": 4504362,
            "book_valuer_per_share": 27.6,
            "book_valuer_per_share_4q_avg": 27.41,
            "equity": 20246909,
            "current_ratio": 146.15,
            "debt_ratio": 61.82,
            "inventory_turnover_ratio": 1.94,
            "account_receivable_turnover_ratio": 0.81,
            "reinvestment_rate": -198.89,
            "research_to_sale_ratio": 1.08,
            "price_fair": 61.32,
            "eps_avg_yearly": 1.75,
            "eps_latest_yearly": 3.04,
            "eps_growth_yearly": 746.45
        },
        "20171": {
            "year_quarter": 20171,
            "year": 2017,
            "quarter": 1,
            "eps": 0.28,
            "eps_growth_year": 366.67,
            "eps_4q": 2.32,
            "eps_4q_growth_year": 146.7,
            "roe": 0.54,
            "roe_4q": 6.54,
            "gross_profit": 1046005,
            "gross_margin": 11.75,
            "gross_margin_4q_avg": 13.21,
            "net_income": 107467,
            "revenue": 8902789,
            "common_shares": 4504362,
            "book_valuer_per_share": 27.02,
            "book_valuer_per_share_4q_avg": 27.31,
            "equity": 19497632,
            "current_ratio": 144.6,
            "debt_ratio": 61.68,
            "inventory_turnover_ratio": 1.67,
            "account_receivable_turnover_ratio": 0.77,
            "reinvestment_rate": -156.8,
            "research_to_sale_ratio": 1,
            "price_fair": 59.31,
            "eps_avg_yearly": 1.69,
            "eps_latest_yearly": 1.12,
            "eps_growth_yearly": 655.62
        },
        "20172": {
            "year_quarter": 20172,
            "year": 2017,
            "quarter": 2,
            "eps": 0.14,
            "eps_growth_year": -61.11,
            "eps_4q": 2.09,
            "eps_4q_growth_year": 82.76,
            "roe": 0.49,
            "roe_4q": 6,
            "gross_profit": 1126679,
            "gross_margin": 12.31,
            "gross_margin_4q_avg": 13.29,
            "net_income": 96750,
            "revenue": 9152216,
            "common_shares": 4504362,
            "book_valuer_per_share": 28.1,
            "book_valuer_per_share_4q_avg": 27.58,
            "equity": 20027942,
            "current_ratio": 149.98,
            "debt_ratio": 61.51,
            "inventory_turnover_ratio": 1.67,
            "account_receivable_turnover_ratio": 0.86,
            "reinvestment_rate": -119.19,
            "research_to_sale_ratio": 1.04,
            "price_fair": 56,
            "eps_avg_yearly": 1.6,
            "eps_latest_yearly": 0.56,
            "eps_growth_yearly": 584.32
        },
        "20173": {
            "year_quarter": 20173,
            "year": 2017,
            "quarter": 3,
            "eps": 0.72,
            "eps_growth_year": -21.74,
            "eps_4q": 1.9,
            "eps_4q_growth_year": 31.72,
            "roe": 2.06,
            "roe_4q": 5.449999999999999,
            "gross_profit": 1514865,
            "gross_margin": 14.01,
            "gross_margin_4q_avg": 13.11,
            "net_income": 427193,
            "revenue": 10810783,
            "common_shares": 4504362,
            "book_valuer_per_share": 31.14,
            "book_valuer_per_share_4q_avg": 28.47,
            "equity": 21516213,
            "current_ratio": 150.05,
            "debt_ratio": 61.03,
            "inventory_turnover_ratio": 2,
            "account_receivable_turnover_ratio": 0.93,
            "reinvestment_rate": -48.83,
            "research_to_sale_ratio": 0.96,
            "price_fair": 59.45,
            "eps_avg_yearly": 1.7,
            "eps_latest_yearly": 2.88,
            "eps_growth_yearly": 666.85
        },
        "20174": {
            "year_quarter": 20174,
            "year": 2017,
            "quarter": 4,
            "eps": 0.76,
            "eps_growth_year": 0.32,
            "eps_4q": 1.9,
            "eps_4q_growth_year": -9.39,
            "roe": 2.03,
            "roe_4q": 5.12,
            "gross_profit": 1647165,
            "gross_margin": 15.3,
            "gross_margin_4q_avg": 13.34,
            "net_income": 456556,
            "revenue": 10763670,
            "common_shares": 4504362,
            "book_valuer_per_share": 34.67,
            "book_valuer_per_share_4q_avg": 30.23,
            "equity": 23528678,
            "current_ratio": 151.94,
            "debt_ratio": 59.01,
            "inventory_turnover_ratio": 2,
            "account_receivable_turnover_ratio": 0.8,
            "reinvestment_rate": 20.3,
            "research_to_sale_ratio": 0.98,
            "price_fair": 62.8,
            "eps_avg_yearly": 1.79,
            "eps_latest_yearly": 3.04,
            "eps_growth_yearly": 620.8
        },
        "20181": {
            "year_quarter": 20181,
            "year": 2018,
            "quarter": 1,
            "eps": 0.31,
            "eps_growth_year": 10.71,
            "eps_4q": 1.94,
            "eps_4q_growth_year": -16.42,
            "roe": 0.8,
            "roe_4q": 5.380000000000001,
            "gross_profit": 1245936,
            "gross_margin": 13.14,
            "gross_margin_4q_avg": 13.69,
            "net_income": 194033,
            "revenue": 9483031,
            "common_shares": 4504362,
            "book_valuer_per_share": 37.17,
            "book_valuer_per_share_4q_avg": 32.77,
            "equity": 24766383,
            "current_ratio": 152.1,
            "debt_ratio": 57.82,
            "inventory_turnover_ratio": 1.66,
            "account_receivable_turnover_ratio": 0.71,
            "reinvestment_rate": -149.43,
            "research_to_sale_ratio": 1.06,
            "price_fair": 65.4,
            "eps_avg_yearly": 1.87,
            "eps_latest_yearly": 1.24,
            "eps_growth_yearly": 489.6
        },
        "20182": {
            "year_quarter": 20182,
            "year": 2018,
            "quarter": 2,
            "eps": 0.6,
            "eps_growth_year": 328.57,
            "eps_4q": 2.4,
            "eps_4q_growth_year": 15,
            "roe": 0.88,
            "roe_4q": 5.77,
            "gross_profit": 1416818,
            "gross_margin": 12.7,
            "gross_margin_4q_avg": 13.79,
            "net_income": 285665,
            "revenue": 11154621,
            "common_shares": 4504362,
            "book_valuer_per_share": 65.17,
            "book_valuer_per_share_4q_avg": 42.04,
            "equity": 40481520,
            "current_ratio": 146.71,
            "debt_ratio": 47.18,
            "inventory_turnover_ratio": 1.72,
            "account_receivable_turnover_ratio": 0.82,
            "reinvestment_rate": -100.91,
            "research_to_sale_ratio": 0.86,
            "price_fair": 67.9,
            "eps_avg_yearly": 1.94,
            "eps_latest_yearly": 2.4,
            "eps_growth_yearly": 344.9
        },
        "20183": {
            "year_quarter": 20183,
            "year": 2018,
            "quarter": 3,
            "eps": 1.86,
            "eps_growth_year": 158.33,
            "eps_4q": 3.55,
            "eps_4q_growth_year": 86.85,
            "roe": 2.63,
            "roe_4q": 6.34,
            "gross_profit": 2082872,
            "gross_margin": 16.93,
            "gross_margin_4q_avg": 14.52,
            "net_income": 927822,
            "revenue": 12302469,
            "common_shares": 4504362,
            "book_valuer_per_share": 46.14,
            "book_valuer_per_share_4q_avg": 45.79,
            "equity": 30021219,
            "current_ratio": 146.32,
            "debt_ratio": 54.98,
            "inventory_turnover_ratio": 1.75,
            "account_receivable_turnover_ratio": 0.81,
            "reinvestment_rate": -65.86,
            "research_to_sale_ratio": 0.64,
            "price_fair": 79.9,
            "eps_avg_yearly": 2.28,
            "eps_latest_yearly": 7.44,
            "eps_growth_yearly": 379.59
        },
        "20184": {
            "year_quarter": 20184,
            "year": 2018,
            "quarter": 4,
            "eps": 0.77,
            "eps_growth_year": 0.78,
            "eps_4q": 3.55,
            "eps_4q_growth_year": 86.83,
            "roe": 1.17,
            "roe_4q": 5.4799999999999995,
            "gross_profit": 1775823,
            "gross_margin": 16.4,
            "gross_margin_4q_avg": 14.79,
            "net_income": 336456,
            "revenue": 10828855,
            "common_shares": 4504362,
            "book_valuer_per_share": 41.68,
            "book_valuer_per_share_4q_avg": 47.54,
            "equity": 27598348,
            "current_ratio": 154.25,
            "debt_ratio": 55.62,
            "inventory_turnover_ratio": 1.71,
            "account_receivable_turnover_ratio": 0.69,
            "reinvestment_rate": -50.38,
            "research_to_sale_ratio": 0.67,
            "price_fair": 82.6,
            "eps_avg_yearly": 2.36,
            "eps_latest_yearly": 3.08,
            "eps_growth_yearly": 369.77
        },
        "20191": {
            "year_quarter": 20191,
            "year": 2019,
            "quarter": 1,
            "eps": 0.75,
            "eps_growth_year": 141.94,
            "eps_4q": 3.99,
            "eps_4q_growth_year": 106.13,
            "roe": 1.36,
            "roe_4q": 6.04,
            "gross_profit": 1355001,
            "gross_margin": 14.28,
            "gross_margin_4q_avg": 15.08,
            "net_income": 401593,
            "revenue": 9489895,
            "common_shares": 4504362,
            "book_valuer_per_share": 47.7,
            "book_valuer_per_share_4q_avg": 50.17,
            "equity": 31312432,
            "current_ratio": 166.81,
            "debt_ratio": 50.85,
            "inventory_turnover_ratio": 1.66,
            "account_receivable_turnover_ratio": 0.66,
            "reinvestment_rate": -35.48,
            "research_to_sale_ratio": 0.75,
            "price_fair": 84.09,
            "eps_avg_yearly": 2.4,
            "eps_latest_yearly": 3,
            "eps_growth_yearly": 344.43
        },
        "20192": {
            "year_quarter": 20192,
            "year": 2019,
            "quarter": 2,
            "eps": 1.1,
            "eps_growth_year": 83.33,
            "eps_4q": 4.41,
            "eps_4q_growth_year": 83.8,
            "roe": 1.72,
            "roe_4q": 6.88,
            "gross_profit": 1867625,
            "gross_margin": 17.3,
            "gross_margin_4q_avg": 16.23,
            "net_income": 522588,
            "revenue": 10797373,
            "common_shares": 4504362,
            "book_valuer_per_share": 43.86,
            "book_valuer_per_share_4q_avg": 44.85,
            "equity": 29330292,
            "current_ratio": 156.47,
            "debt_ratio": 53.56,
            "inventory_turnover_ratio": 1.75,
            "account_receivable_turnover_ratio": 0.8,
            "reinvestment_rate": -26.83,
            "research_to_sale_ratio": 0.65,
            "price_fair": 88.46,
            "eps_avg_yearly": 2.53,
            "eps_latest_yearly": 4.4,
            "eps_growth_yearly": 334.57
        },
        "20193": {
            "year_quarter": 20193,
            "year": 2019,
            "quarter": 3,
            "eps": 2.96,
            "eps_growth_year": 59.14,
            "eps_4q": 5.55,
            "eps_4q_growth_year": 56.42,
            "roe": 5.04,
            "roe_4q": 9.29,
            "gross_profit": 2306464,
            "gross_margin": 19.51,
            "gross_margin_4q_avg": 16.87,
            "net_income": 1514034,
            "revenue": 11823332,
            "common_shares": 4594249,
            "book_valuer_per_share": 45.48,
            "book_valuer_per_share_4q_avg": 44.68,
            "equity": 30727153,
            "current_ratio": 155.67,
            "debt_ratio": 53.94,
            "inventory_turnover_ratio": 1.45,
            "account_receivable_turnover_ratio": 0.81,
            "reinvestment_rate": 6.3,
            "research_to_sale_ratio": 0.63,
            "price_fair": 108.94,
            "eps_avg_yearly": 3.11,
            "eps_latest_yearly": 11.84,
            "eps_growth_yearly": 304.97
        },
        "20194": {
            "year_quarter": 20194,
            "year": 2019,
            "quarter": 4,
            "eps": 1.25,
            "eps_growth_year": 62.76,
            "eps_4q": 5.73,
            "eps_4q_growth_year": 61.47,
            "roe": 2.39,
            "roe_4q": 10.51,
            "gross_profit": 2183950,
            "gross_margin": 19.8,
            "gross_margin_4q_avg": 17.72,
            "net_income": 793782,
            "revenue": 11031675,
            "common_shares": 4914413,
            "book_valuer_per_share": 51.21,
            "book_valuer_per_share_4q_avg": 47.06,
            "equity": 35586573,
            "current_ratio": 150.59,
            "debt_ratio": 49.54,
            "inventory_turnover_ratio": 1.08,
            "account_receivable_turnover_ratio": 0.74,
            "reinvestment_rate": 21.46,
            "research_to_sale_ratio": 0.62,
            "price_fair": 119,
            "eps_avg_yearly": 3.4,
            "eps_latest_yearly": 5,
            "eps_growth_yearly": 311.49
        },
        "20201": {
            "year_quarter": 20201,
            "year": 2020,
            "quarter": 1,
            "eps": 0.41,
            "eps_growth_year": -45.33,
            "eps_4q": 5.46,
            "eps_4q_growth_year": 36.75,
            "roe": 0.66,
            "roe_4q": 9.81,
            "gross_profit": 1374189,
            "gross_margin": 15.88,
            "gross_margin_4q_avg": 18.12,
            "net_income": 220447,
            "revenue": 8655295,
            "common_shares": 4914413,
            "book_valuer_per_share": 44.13,
            "book_valuer_per_share_4q_avg": 46.17,
            "equity": 31440482,
            "current_ratio": 156.53,
            "debt_ratio": 51.46,
            "inventory_turnover_ratio": 0.81,
            "account_receivable_turnover_ratio": 0.65,
            "reinvestment_rate": 11.66,
            "research_to_sale_ratio": 1.01,
            "price_fair": 122.06,
            "eps_avg_yearly": 3.49,
            "eps_latest_yearly": 1.64,
            "eps_growth_yearly": 304.69
        },
        "20202": {
            "year_quarter": 20202,
            "year": 2020,
            "quarter": 2,
            "eps": 1.68,
            "eps_growth_year": 52.73,
            "eps_4q": 5.73,
            "eps_4q_growth_year": 29.9,
            "roe": 3.4,
            "roe_4q": 11.489999999999998,
            "gross_profit": 2594233,
            "gross_margin": 22.16,
            "gross_margin_4q_avg": 19.34,
            "net_income": 1100039,
            "revenue": 11704182,
            "common_shares": 5284413,
            "book_valuer_per_share": 44.46,
            "book_valuer_per_share_4q_avg": 46.32,
            "equity": 33318793,
            "current_ratio": 155.29,
            "debt_ratio": 51.22,
            "inventory_turnover_ratio": 0.96,
            "account_receivable_turnover_ratio": 0.87,
            "reinvestment_rate": 0.23,
            "research_to_sale_ratio": 0.77,
            "price_fair": 133.61,
            "eps_avg_yearly": 3.82,
            "eps_latest_yearly": 6.72,
            "eps_growth_yearly": 257.13
        },
        "20203": {
            "year_quarter": 20203,
            "year": 2020,
            "quarter": 3,
            "eps": 2.35,
            "eps_growth_year": -20.61,
            "eps_4q": 5.5,
            "eps_4q_growth_year": -0.75,
            "roe": 4.76,
            "roe_4q": 11.21,
            "gross_profit": 2835574,
            "gross_margin": 22.49,
            "gross_margin_4q_avg": 20.08,
            "net_income": 1598809,
            "revenue": 12607921,
            "common_shares": 5284413,
            "book_valuer_per_share": 45.43,
            "book_valuer_per_share_4q_avg": 46.31,
            "equity": 33895318,
            "current_ratio": 154.02,
            "debt_ratio": 51.82,
            "inventory_turnover_ratio": 0.99,
            "account_receivable_turnover_ratio": 0.82,
            "reinvestment_rate": 5.8,
            "research_to_sale_ratio": 0.84,
            "price_fair": 146.13,
            "eps_avg_yearly": 4.18,
            "eps_latest_yearly": 9.4,
            "eps_growth_yearly": 228.21
        },
        "20204": {
            "year_quarter": 20204,
            "year": 2020,
            "quarter": 4,
            "eps": 1.64,
            "eps_growth_year": 31.59,
            "eps_4q": 5.99,
            "eps_4q_growth_year": 4.44,
            "roe": 3.21,
            "roe_4q": 12.03,
            "gross_profit": 2790064,
            "gross_margin": 21.91,
            "gross_margin_4q_avg": 20.61,
            "net_income": 1176100,
            "revenue": 12736872,
            "common_shares": 5284413,
            "book_valuer_per_share": 54.12,
            "book_valuer_per_share_4q_avg": 47.04,
            "equity": 39410144,
            "current_ratio": 168.79,
            "debt_ratio": 47.75,
            "inventory_turnover_ratio": 0.99,
            "account_receivable_turnover_ratio": 0.79,
            "reinvestment_rate": 10.82,
            "research_to_sale_ratio": 0.81,
            "price_fair": 153.83,
            "eps_avg_yearly": 4.4,
            "eps_latest_yearly": 6.56,
            "eps_growth_yearly": 225.01
        },
        "20211": {
            "year_quarter": 20211,
            "year": 2021,
            "quarter": 1,
            "eps": 1.48,
            "eps_growth_year": 260.98,
            "eps_4q": 7.07,
            "eps_4q_growth_year": 29.66,
            "roe": 2.94,
            "roe_4q": 14.31,
            "gross_profit": 2497027,
            "gross_margin": 20.23,
            "gross_margin_4q_avg": 21.7,
            "net_income": 1190688,
            "revenue": 12346151,
            "common_shares": 5284413,
            "book_valuer_per_share": 57.21,
            "book_valuer_per_share_4q_avg": 50.31,
            "equity": 41625930,
            "current_ratio": 168.46,
            "debt_ratio": 46.88,
            "inventory_turnover_ratio": 0.95,
            "account_receivable_turnover_ratio": 0.76,
            "reinvestment_rate": 17.16,
            "research_to_sale_ratio": 0.77,
            "price_fair": 164.33,
            "eps_avg_yearly": 4.7,
            "eps_latest_yearly": 5.92,
            "eps_growth_yearly": 238.36
        },
        "20212": {
            "year_quarter": 20212,
            "year": 2021,
            "quarter": 2,
            "eps": 1.39,
            "eps_growth_year": -17.26,
            "eps_4q": 6.85,
            "eps_4q_growth_year": 19.55,
            "roe": 2.77,
            "roe_4q": 13.68,
            "gross_profit": 2707452,
            "gross_margin": 20.24,
            "gross_margin_4q_avg": 21.22,
            "net_income": 1129214,
            "revenue": 13375043,
            "common_shares": 5284413,
            "book_valuer_per_share": 54.39,
            "book_valuer_per_share_4q_avg": 52.79,
            "equity": 39765738,
            "current_ratio": 150.7,
            "debt_ratio": 51.11,
            "inventory_turnover_ratio": 0.94,
            "account_receivable_turnover_ratio": 0.81,
            "reinvestment_rate": 13.66,
            "research_to_sale_ratio": 0.71,
            "price_fair": 175.26,
            "eps_avg_yearly": 5.01,
            "eps_latest_yearly": 5.56,
            "eps_growth_yearly": 249.34
        },
        "20213": {
            "year_quarter": 20213,
            "year": 2021,
            "quarter": 3,
            "eps": 2.67,
            "eps_growth_year": 13.62,
            "eps_4q": 7.18,
            "eps_4q_growth_year": 30.41,
            "roe": 5.95,
            "roe_4q": 14.870000000000001,
            "gross_profit": 3759491,
            "gross_margin": 21.65,
            "gross_margin_4q_avg": 21.01,
            "net_income": 2304123,
            "revenue": 17364860,
            "common_shares": 5284413,
            "book_valuer_per_share": 50.67,
            "book_valuer_per_share_4q_avg": 54.1,
            "equity": 37738595,
            "current_ratio": 152.79,
            "debt_ratio": 50.87,
            "inventory_turnover_ratio": 1.21,
            "account_receivable_turnover_ratio": 1,
            "reinvestment_rate": 5.04,
            "research_to_sale_ratio": 0.63,
            "price_fair": 192.33,
            "eps_avg_yearly": 5.5,
            "eps_latest_yearly": 10.68,
            "eps_growth_yearly": 168.79
        },
        "20214": {
            "year_quarter": 20214,
            "year": 2021,
            "quarter": 4,
            "eps": 1.51,
            "eps_growth_year": -7.87,
            "eps_4q": 7.05,
            "eps_4q_growth_year": 17.74,
            "roe": 3.18,
            "roe_4q": 14.84,
            "gross_profit": 2272762,
            "gross_margin": 16.33,
            "gross_margin_4q_avg": 19.61,
            "net_income": 1237478,
            "revenue": 13913633,
            "common_shares": 5284413,
            "book_valuer_per_share": 53.74,
            "book_valuer_per_share_4q_avg": 54,
            "equity": 39969381,
            "current_ratio": 158.47,
            "debt_ratio": 48.4,
            "inventory_turnover_ratio": 1.15,
            "account_receivable_turnover_ratio": 0.78,
            "reinvestment_rate": -7.47,
            "research_to_sale_ratio": 0.74,
            "price_fair": 198.89,
            "eps_avg_yearly": 5.68,
            "eps_latest_yearly": 6.04,
            "eps_growth_yearly": 156.54
        },
        "20221": {
            "year_quarter": 20221,
            "year": 2022,
            "quarter": 1,
            "eps": 1.29,
            "eps_growth_year": -12.84,
            "eps_4q": 6.86,
            "eps_4q_growth_year": -3,
            "roe": 2.7,
            "roe_4q": 14.600000000000001,
            "gross_profit": 2127424,
            "gross_margin": 17.42,
            "gross_margin_4q_avg": 18.91,
            "net_income": 1092759,
            "revenue": 12209784,
            "common_shares": 5284413,
            "book_valuer_per_share": 54.76,
            "book_valuer_per_share_4q_avg": 53.39,
            "equity": 40992776,
            "current_ratio": 164.29,
            "debt_ratio": 47.07,
            "inventory_turnover_ratio": 1.03,
            "account_receivable_turnover_ratio": 0.7,
            "reinvestment_rate": 43.17,
            "research_to_sale_ratio": 0.76,
            "price_fair": 207.46,
            "eps_avg_yearly": 5.93,
            "eps_latest_yearly": 5.16,
            "eps_growth_yearly": 167.7
        },
        "20222": {
            "year_quarter": 20222,
            "year": 2022,
            "quarter": 2,
            "eps": 1.34,
            "eps_growth_year": -3.6,
            "eps_4q": 6.82,
            "eps_4q_growth_year": -0.52,
            "roe": 2.68,
            "roe_4q": 14.510000000000002,
            "gross_profit": 2082285,
            "gross_margin": 17.97,
            "gross_margin_4q_avg": 18.34,
            "net_income": 1050144,
            "revenue": 11588724,
            "common_shares": 5284413,
            "book_valuer_per_share": 49,
            "book_valuer_per_share_4q_avg": 52.04,
            "equity": 37521215,
            "current_ratio": 165.84,
            "debt_ratio": 48.83,
            "inventory_turnover_ratio": 1.01,
            "account_receivable_turnover_ratio": 0.71,
            "reinvestment_rate": 29.77,
            "research_to_sale_ratio": 0.89,
            "price_fair": 213.94,
            "eps_avg_yearly": 6.11,
            "eps_latest_yearly": 5.36,
            "eps_growth_yearly": 145.28
        },
        "20223": {
            "year_quarter": 20223,
            "year": 2022,
            "quarter": 3,
            "eps": 2.57,
            "eps_growth_year": -3.75,
            "eps_4q": 6.72,
            "eps_4q_growth_year": -6.44,
            "roe": 4.55,
            "roe_4q": 13.11,
            "gross_profit": 2587011,
            "gross_margin": 20.27,
            "gross_margin_4q_avg": 18,
            "net_income": 1761079,
            "revenue": 12762189,
            "common_shares": 5284413,
            "book_valuer_per_share": 51.59,
            "book_valuer_per_share_4q_avg": 52.27,
            "equity": 39820593,
            "current_ratio": 173.87,
            "debt_ratio": 48.01,
            "inventory_turnover_ratio": 1.18,
            "account_receivable_turnover_ratio": 0.77,
            "reinvestment_rate": 26.68,
            "research_to_sale_ratio": 0.8,
            "price_fair": 220.15,
            "eps_avg_yearly": 6.29,
            "eps_latest_yearly": 10.28,
            "eps_growth_yearly": 115.73
        },
        "20224": {
            "year_quarter": 20224,
            "year": 2022,
            "quarter": 4,
            "eps": 0.87,
            "eps_growth_year": -42.52,
            "eps_4q": 6.07,
            "eps_4q_growth_year": -13.86,
            "roe": 1.83,
            "roe_4q": 11.760000000000002,
            "gross_profit": 2567294,
            "gross_margin": 23.07,
            "gross_margin_4q_avg": 19.68,
            "net_income": 731399,
            "revenue": 11127239,
            "common_shares": 5284413,
            "book_valuer_per_share": 51.95,
            "book_valuer_per_share_4q_avg": 51.83,
            "equity": 39951153,
            "current_ratio": 179.73,
            "debt_ratio": 47.34,
            "inventory_turnover_ratio": 1.05,
            "account_receivable_turnover_ratio": 0.69,
            "reinvestment_rate": 21.34,
            "research_to_sale_ratio": 0.81,
            "price_fair": 221.03,
            "eps_avg_yearly": 6.32,
            "eps_latest_yearly": 3.48,
            "eps_growth_yearly": 113.84
        },
        "20231": {
            "year_quarter": 20231,
            "year": 2023,
            "quarter": 1,
            "eps": 1.14,
            "eps_growth_year": -11.63,
            "eps_4q": 5.93,
            "eps_4q_growth_year": -13.64,
            "roe": 2.32,
            "roe_4q": 11.379999999999999,
            "gross_profit": 2420753,
            "gross_margin": 23.43,
            "gross_margin_4q_avg": 21.19,
            "net_income": 947407,
            "revenue": 10329772,
            "common_shares": 5284413,
            "book_valuer_per_share": 54.72,
            "book_valuer_per_share_4q_avg": 51.82,
            "equity": 41654889,
            "current_ratio": 179.01,
            "debt_ratio": 44.98,
            "inventory_turnover_ratio": 1.01,
            "account_receivable_turnover_ratio": 0.77,
            "reinvestment_rate": 17.11,
            "research_to_sale_ratio": 0.83,
            "price_fair": 224.44,
            "eps_avg_yearly": 6.41,
            "eps_latest_yearly": 4.56,
            "eps_growth_yearly": 122.25
        }
    },
    "months": {
        "2001-06": {
            "month": "2001-06",
            "price": "19.22",
            "revenue": 98462
        },
        "2001-07": {
            "month": "2001-07",
            "price": "13.15",
            "revenue": 108767
        },
        "2001-08": {
            "month": "2001-08",
            "price": "12.63",
            "revenue": 119422
        },
        "2001-09": {
            "month": "2001-09",
            "price": "10.21",
            "revenue": 120567
        },
        "2001-10": {
            "month": "2001-10",
            "price": "9.43",
            "revenue": 167340
        },
        "2001-11": {
            "month": "2001-11",
            "price": "12.38",
            "revenue": 197555
        },
        "2001-12": {
            "month": "2001-12",
            "price": "17.42",
            "revenue": 145375
        },
        "2002-01": {
            "month": "2002-01",
            "price": "24.06",
            "revenue": 210586
        },
        "2002-02": {
            "month": "2002-02",
            "price": "28.70",
            "revenue": 165226
        },
        "2002-03": {
            "month": "2002-03",
            "price": "31.22",
            "revenue": 201985
        },
        "2002-04": {
            "month": "2002-04",
            "price": "32.05",
            "revenue": 212906
        },
        "2002-05": {
            "month": "2002-05",
            "price": "28.78",
            "revenue": 234957
        },
        "2002-06": {
            "month": "2002-06",
            "price": "27.92",
            "revenue": 176798
        },
        "2002-07": {
            "month": "2002-07",
            "price": "23.31",
            "revenue": 157924
        },
        "2002-08": {
            "month": "2002-08",
            "price": "20.46",
            "revenue": 169434
        },
        "2002-09": {
            "month": "2002-09",
            "price": "20.16",
            "revenue": 192807
        },
        "2002-10": {
            "month": "2002-10",
            "price": "17.06",
            "revenue": 241588
        },
        "2002-11": {
            "month": "2002-11",
            "price": "17.08",
            "revenue": 245286
        },
        "2002-12": {
            "month": "2002-12",
            "price": "17.17",
            "revenue": 217858
        },
        "2003-01": {
            "month": "2003-01",
            "price": "17.79",
            "revenue": 209945
        },
        "2003-02": {
            "month": "2003-02",
            "price": "16.76",
            "revenue": 177450
        },
        "2003-03": {
            "month": "2003-03",
            "price": "15.94",
            "revenue": 217772
        },
        "2003-04": {
            "month": "2003-04",
            "price": "15.17",
            "revenue": 237499
        },
        "2003-05": {
            "month": "2003-05",
            "price": "13.55",
            "revenue": 240556
        },
        "2003-06": {
            "month": "2003-06",
            "price": "17.07",
            "revenue": 210603
        },
        "2003-07": {
            "month": "2003-07",
            "price": "17.78",
            "revenue": 231159
        },
        "2003-08": {
            "month": "2003-08",
            "price": "21.10",
            "revenue": 210362
        },
        "2003-09": {
            "month": "2003-09",
            "price": "18.86",
            "revenue": 225977
        },
        "2003-10": {
            "month": "2003-10",
            "price": "22.00",
            "revenue": 269251
        },
        "2003-11": {
            "month": "2003-11",
            "price": "30.76",
            "revenue": 258245
        },
        "2003-12": {
            "month": "2003-12",
            "price": "37.58",
            "revenue": 237743
        },
        "2004-01": {
            "month": "2004-01",
            "price": "38.19",
            "revenue": 222607
        },
        "2004-02": {
            "month": "2004-02",
            "price": "39.58",
            "revenue": 171952
        },
        "2004-03": {
            "month": "2004-03",
            "price": "36.93",
            "revenue": 200151
        },
        "2004-04": {
            "month": "2004-04",
            "price": "35.38",
            "revenue": 201133
        },
        "2004-05": {
            "month": "2004-05",
            "price": "31.22",
            "revenue": 200169
        },
        "2004-06": {
            "month": "2004-06",
            "price": "27.89",
            "revenue": 242675
        },
        "2004-07": {
            "month": "2004-07",
            "price": "22.41",
            "revenue": 229556
        },
        "2004-08": {
            "month": "2004-08",
            "price": "22.35",
            "revenue": 233528
        },
        "2004-09": {
            "month": "2004-09",
            "price": "25.98",
            "revenue": 270286
        },
        "2004-10": {
            "month": "2004-10",
            "price": "27.36",
            "revenue": 255496
        },
        "2004-11": {
            "month": "2004-11",
            "price": "28.42",
            "revenue": 274305
        },
        "2004-12": {
            "month": "2004-12",
            "price": "27.72",
            "revenue": 198936
        },
        "2005-01": {
            "month": "2005-01",
            "price": "26.21",
            "revenue": 240491
        },
        "2005-02": {
            "month": "2005-02",
            "price": "29.71",
            "revenue": 159881
        },
        "2005-03": {
            "month": "2005-03",
            "price": "33.58",
            "revenue": 270824
        },
        "2005-04": {
            "month": "2005-04",
            "price": "35.42",
            "revenue": 233868
        },
        "2005-05": {
            "month": "2005-05",
            "price": "33.28",
            "revenue": 233167
        },
        "2005-06": {
            "month": "2005-06",
            "price": "31.81",
            "revenue": 210418
        },
        "2005-07": {
            "month": "2005-07",
            "price": "32.62",
            "revenue": 669793
        },
        "2005-08": {
            "month": "2005-08",
            "price": "31.31",
            "revenue": 761573
        },
        "2005-09": {
            "month": "2005-09",
            "price": "27.08",
            "revenue": 812856
        },
        "2005-10": {
            "month": "2005-10",
            "price": "25.80",
            "revenue": 970537
        },
        "2005-11": {
            "month": "2005-11",
            "price": "26.47",
            "revenue": 1005873
        },
        "2005-12": {
            "month": "2005-12",
            "price": "29.17",
            "revenue": 802008
        },
        "2006-01": {
            "month": "2006-01",
            "price": "32.27",
            "revenue": 883814
        },
        "2006-02": {
            "month": "2006-02",
            "price": "32.67",
            "revenue": 763241
        },
        "2006-03": {
            "month": "2006-03",
            "price": "32.49",
            "revenue": 1045517
        },
        "2006-04": {
            "month": "2006-04",
            "price": "35.89",
            "revenue": 1002375
        },
        "2006-05": {
            "month": "2006-05",
            "price": "36.67",
            "revenue": 828852
        },
        "2006-06": {
            "month": "2006-06",
            "price": "31.35",
            "revenue": 900237
        },
        "2006-07": {
            "month": "2006-07",
            "price": "30.26",
            "revenue": 989555
        },
        "2006-08": {
            "month": "2006-08",
            "price": "26.49",
            "revenue": 1197083
        },
        "2006-09": {
            "month": "2006-09",
            "price": "28.03",
            "revenue": 1280827
        },
        "2006-10": {
            "month": "2006-10",
            "price": "28.08",
            "revenue": 1441445
        },
        "2006-11": {
            "month": "2006-11",
            "price": "27.47",
            "revenue": 1452239
        },
        "2006-12": {
            "month": "2006-12",
            "price": "28.28",
            "revenue": 1282439
        },
        "2007-01": {
            "month": "2007-01",
            "price": "28.80",
            "revenue": 1441999
        },
        "2007-02": {
            "month": "2007-02",
            "price": "28.84",
            "revenue": 1095934
        },
        "2007-03": {
            "month": "2007-03",
            "price": "27.25",
            "revenue": 1277483
        },
        "2007-04": {
            "month": "2007-04",
            "price": "27.78",
            "revenue": 1444526
        },
        "2007-05": {
            "month": "2007-05",
            "price": "26.95",
            "revenue": 1383498
        },
        "2007-06": {
            "month": "2007-06",
            "price": "28.18",
            "revenue": 1305680
        },
        "2007-07": {
            "month": "2007-07",
            "price": "31.82",
            "revenue": 1544668
        },
        "2007-08": {
            "month": "2007-08",
            "price": "28.73",
            "revenue": 1815592
        },
        "2007-09": {
            "month": "2007-09",
            "price": "28.38",
            "revenue": 1813061
        },
        "2007-10": {
            "month": "2007-10",
            "price": "30.22",
            "revenue": 1973482
        },
        "2007-11": {
            "month": "2007-11",
            "price": "30.55",
            "revenue": 1879528
        },
        "2007-12": {
            "month": "2007-12",
            "price": "27.70",
            "revenue": 1589063
        },
        "2008-01": {
            "month": "2008-01",
            "price": "24.99",
            "revenue": 1847127
        },
        "2008-02": {
            "month": "2008-02",
            "price": "24.42",
            "revenue": 1475971
        },
        "2008-03": {
            "month": "2008-03",
            "price": "26.70",
            "revenue": 1738888
        },
        "2008-04": {
            "month": "2008-04",
            "price": "28.51",
            "revenue": 1786453
        },
        "2008-05": {
            "month": "2008-05",
            "price": "29.39",
            "revenue": 1715270
        },
        "2008-06": {
            "month": "2008-06",
            "price": "30.29",
            "revenue": 1772063
        },
        "2008-07": {
            "month": "2008-07",
            "price": "28.33",
            "revenue": 1936920
        },
        "2008-08": {
            "month": "2008-08",
            "price": "29.30",
            "revenue": 1965684
        },
        "2008-09": {
            "month": "2008-09",
            "price": "17.76",
            "revenue": 2115183
        },
        "2008-10": {
            "month": "2008-10",
            "price": "14.24",
            "revenue": 2017582
        },
        "2008-11": {
            "month": "2008-11",
            "price": "12.02",
            "revenue": 1195417
        },
        "2008-12": {
            "month": "2008-12",
            "price": "11.61",
            "revenue": 1171336
        },
        "2009-01": {
            "month": "2009-01",
            "price": "11.22",
            "revenue": 917591
        },
        "2009-02": {
            "month": "2009-02",
            "price": "11.56",
            "revenue": 1247746
        },
        "2009-03": {
            "month": "2009-03",
            "price": "14.10",
            "revenue": 1649178
        },
        "2009-04": {
            "month": "2009-04",
            "price": "16.47",
            "revenue": 1641882
        },
        "2009-05": {
            "month": "2009-05",
            "price": "18.28",
            "revenue": 1343826
        },
        "2009-06": {
            "month": "2009-06",
            "price": "16.54",
            "revenue": 1529561
        },
        "2009-07": {
            "month": "2009-07",
            "price": "18.85",
            "revenue": 1709938
        },
        "2009-08": {
            "month": "2009-08",
            "price": "21.57",
            "revenue": 1842757
        },
        "2009-09": {
            "month": "2009-09",
            "price": "28.78",
            "revenue": 2098683
        },
        "2009-10": {
            "month": "2009-10",
            "price": "30.79",
            "revenue": 1932413
        },
        "2009-11": {
            "month": "2009-11",
            "price": "28.68",
            "revenue": 1776221
        },
        "2009-12": {
            "month": "2009-12",
            "price": "30.25",
            "revenue": 1686069
        },
        "2010-01": {
            "month": "2010-01",
            "price": "30.03",
            "revenue": 1871501
        },
        "2010-02": {
            "month": "2010-02",
            "price": "26.78",
            "revenue": 1420075
        },
        "2010-03": {
            "month": "2010-03",
            "price": "29.05",
            "revenue": 1981916
        },
        "2010-04": {
            "month": "2010-04",
            "price": "29.77",
            "revenue": 1830857
        },
        "2010-05": {
            "month": "2010-05",
            "price": "26.07",
            "revenue": 1843655
        },
        "2010-06": {
            "month": "2010-06",
            "price": "24.50",
            "revenue": 1952704
        },
        "2010-07": {
            "month": "2010-07",
            "price": "25.72",
            "revenue": 1792438
        },
        "2010-08": {
            "month": "2010-08",
            "price": "25.70",
            "revenue": 1906644
        },
        "2010-09": {
            "month": "2010-09",
            "price": "24.94",
            "revenue": 2058880
        },
        "2010-10": {
            "month": "2010-10",
            "price": "21.77",
            "revenue": 1967539
        },
        "2010-11": {
            "month": "2010-11",
            "price": "19.56",
            "revenue": 1856059
        },
        "2010-12": {
            "month": "2010-12",
            "price": "21.56",
            "revenue": 1513422
        },
        "2011-01": {
            "month": "2011-01",
            "price": "20.65",
            "revenue": 1725614
        },
        "2011-02": {
            "month": "2011-02",
            "price": "19.48",
            "revenue": 1283722
        },
        "2011-03": {
            "month": "2011-03",
            "price": "18.35",
            "revenue": 1994355
        },
        "2011-04": {
            "month": "2011-04",
            "price": "18.02",
            "revenue": 2052338
        },
        "2011-05": {
            "month": "2011-05",
            "price": "15.82",
            "revenue": 2286793
        },
        "2011-06": {
            "month": "2011-06",
            "price": "16.16",
            "revenue": 3728335
        },
        "2011-07": {
            "month": "2011-07",
            "price": "16.71",
            "revenue": 5114962
        },
        "2011-08": {
            "month": "2011-08",
            "price": "15.58",
            "revenue": 5144364
        },
        "2011-09": {
            "month": "2011-09",
            "price": "14.24",
            "revenue": 4739187
        },
        "2011-10": {
            "month": "2011-10",
            "price": "13.24",
            "revenue": 4425385
        },
        "2011-11": {
            "month": "2011-11",
            "price": "12.92",
            "revenue": 3927757
        },
        "2011-12": {
            "month": "2011-12",
            "price": "11.40",
            "revenue": 4330295
        },
        "2012-01": {
            "month": "2012-01",
            "price": "11.83",
            "revenue": 3683151
        },
        "2012-02": {
            "month": "2012-02",
            "price": "14.82",
            "revenue": 4655620
        },
        "2012-03": {
            "month": "2012-03",
            "price": "16.15",
            "revenue": 5089392
        },
        "2012-04": {
            "month": "2012-04",
            "price": "15.86",
            "revenue": 5479908
        },
        "2012-05": {
            "month": "2012-05",
            "price": "15.37",
            "revenue": 5920749
        },
        "2012-06": {
            "month": "2012-06",
            "price": "14.18",
            "revenue": 5156459
        },
        "2012-07": {
            "month": "2012-07",
            "price": "14.22",
            "revenue": 4715167
        },
        "2012-08": {
            "month": "2012-08",
            "price": "14.81",
            "revenue": 4697886
        },
        "2012-09": {
            "month": "2012-09",
            "price": "16.04",
            "revenue": 4469245
        },
        "2012-10": {
            "month": "2012-10",
            "price": "14.56",
            "revenue": 4399749
        },
        "2012-11": {
            "month": "2012-11",
            "price": "12.76",
            "revenue": 4313064
        },
        "2012-12": {
            "month": "2012-12",
            "price": "13.14",
            "revenue": 3364967
        },
        "2013-01": {
            "month": "2013-01",
            "price": "13.08",
            "revenue": 4346429
        },
        "2013-02": {
            "month": "2013-02",
            "price": "13.00",
            "revenue": 3410430
        },
        "2013-03": {
            "month": "2013-03",
            "price": "14.17",
            "revenue": 3899935
        },
        "2013-04": {
            "month": "2013-04",
            "price": "13.26",
            "revenue": 4028394
        },
        "2013-05": {
            "month": "2013-05",
            "price": "13.75",
            "revenue": 4011768
        },
        "2013-06": {
            "month": "2013-06",
            "price": "13.57",
            "revenue": 4044135
        },
        "2013-07": {
            "month": "2013-07",
            "price": "13.72",
            "revenue": 4531704
        },
        "2013-08": {
            "month": "2013-08",
            "price": "12.58",
            "revenue": 4686807
        },
        "2013-09": {
            "month": "2013-09",
            "price": "11.94",
            "revenue": 4303436
        },
        "2013-10": {
            "month": "2013-10",
            "price": "11.99",
            "revenue": 4723784
        },
        "2013-11": {
            "month": "2013-11",
            "price": "11.19",
            "revenue": 4744549
        },
        "2013-12": {
            "month": "2013-12",
            "price": "11.04",
            "revenue": 4274808
        },
        "2014-01": {
            "month": "2014-01",
            "price": "11.61",
            "revenue": 4276811
        },
        "2014-02": {
            "month": "2014-02",
            "price": "11.45",
            "revenue": 3102526
        },
        "2014-03": {
            "month": "2014-03",
            "price": "11.26",
            "revenue": 4006319
        },
        "2014-04": {
            "month": "2014-04",
            "price": "11.19",
            "revenue": 3948588
        },
        "2014-05": {
            "month": "2014-05",
            "price": "11.13",
            "revenue": 4111854
        },
        "2014-06": {
            "month": "2014-06",
            "price": "11.93",
            "revenue": 4004224
        },
        "2014-07": {
            "month": "2014-07",
            "price": "12.68",
            "revenue": 4501763
        },
        "2014-08": {
            "month": "2014-08",
            "price": "13.14",
            "revenue": 4581487
        },
        "2014-09": {
            "month": "2014-09",
            "price": "13.05",
            "revenue": 4105849
        },
        "2014-10": {
            "month": "2014-10",
            "price": "11.69",
            "revenue": 4071550
        },
        "2014-11": {
            "month": "2014-11",
            "price": "12.22",
            "revenue": 3920946
        },
        "2014-12": {
            "month": "2014-12",
            "price": "13.21",
            "revenue": 4030534
        },
        "2015-01": {
            "month": "2015-01",
            "price": "15.08",
            "revenue": 3839975
        },
        "2015-02": {
            "month": "2015-02",
            "price": "15.76",
            "revenue": 2877047
        },
        "2015-03": {
            "month": "2015-03",
            "price": "15.61",
            "revenue": 3223797
        },
        "2015-04": {
            "month": "2015-04",
            "price": "14.16",
            "revenue": 3425673
        },
        "2015-05": {
            "month": "2015-05",
            "price": "12.11",
            "revenue": 2922252
        },
        "2015-06": {
            "month": "2015-06",
            "price": "10.69",
            "revenue": 3198278
        },
        "2015-07": {
            "month": "2015-07",
            "price": "9.71",
            "revenue": 3245337
        },
        "2015-08": {
            "month": "2015-08",
            "price": "8.38",
            "revenue": 3435914
        },
        "2015-09": {
            "month": "2015-09",
            "price": "8.58",
            "revenue": 3648990
        },
        "2015-10": {
            "month": "2015-10",
            "price": "9.63",
            "revenue": 3444677
        },
        "2015-11": {
            "month": "2015-11",
            "price": "10.37",
            "revenue": 3592175
        },
        "2015-12": {
            "month": "2015-12",
            "price": "10.60",
            "revenue": 3562413
        },
        "2016-01": {
            "month": "2016-01",
            "price": "9.81",
            "revenue": 3464926
        },
        "2016-02": {
            "month": "2016-02",
            "price": "10.14",
            "revenue": 2519717
        },
        "2016-03": {
            "month": "2016-03",
            "price": "10.41",
            "revenue": 3067563
        },
        "2016-04": {
            "month": "2016-04",
            "price": "9.73",
            "revenue": 3149862
        },
        "2016-05": {
            "month": "2016-05",
            "price": "9.08",
            "revenue": 3289461
        },
        "2016-06": {
            "month": "2016-06",
            "price": "9.15",
            "revenue": 3391676
        },
        "2016-07": {
            "month": "2016-07",
            "price": "9.60",
            "revenue": 3359072
        },
        "2016-08": {
            "month": "2016-08",
            "price": "10.68",
            "revenue": 3509675
        },
        "2016-09": {
            "month": "2016-09",
            "price": "11.56",
            "revenue": 3726448
        },
        "2016-10": {
            "month": "2016-10",
            "price": "12.98",
            "revenue": 3315686
        },
        "2016-11": {
            "month": "2016-11",
            "price": "16.57",
            "revenue": 3416579
        },
        "2016-12": {
            "month": "2016-12",
            "price": "18.84",
            "revenue": 3203863
        },
        "2017-01": {
            "month": "2017-01",
            "price": "17.80",
            "revenue": 2863141
        },
        "2017-02": {
            "month": "2017-02",
            "price": "18.75",
            "revenue": 2872348
        },
        "2017-03": {
            "month": "2017-03",
            "price": "19.07",
            "revenue": 3167300
        },
        "2017-04": {
            "month": "2017-04",
            "price": "17.52",
            "revenue": 2908974
        },
        "2017-05": {
            "month": "2017-05",
            "price": "16.24",
            "revenue": 3041894
        },
        "2017-06": {
            "month": "2017-06",
            "price": "16.66",
            "revenue": 3200933
        },
        "2017-07": {
            "month": "2017-07",
            "price": "15.68",
            "revenue": 3374627
        },
        "2017-08": {
            "month": "2017-08",
            "price": "14.75",
            "revenue": 3690349
        },
        "2017-09": {
            "month": "2017-09",
            "price": "15.60",
            "revenue": 3752127
        },
        "2017-10": {
            "month": "2017-10",
            "price": "17.50",
            "revenue": 3641446
        },
        "2017-11": {
            "month": "2017-11",
            "price": "18.49",
            "revenue": 3743882
        },
        "2017-12": {
            "month": "2017-12",
            "price": "20.25",
            "revenue": 3372588
        },
        "2018-01": {
            "month": "2018-01",
            "price": "20.95",
            "revenue": 3577971
        },
        "2018-02": {
            "month": "2018-02",
            "price": "18.78",
            "revenue": 2580701
        },
        "2018-03": {
            "month": "2018-03",
            "price": "18.52",
            "revenue": 3324359
        },
        "2018-04": {
            "month": "2018-04",
            "price": "17.53",
            "revenue": 3688608
        },
        "2018-05": {
            "month": "2018-05",
            "price": "23.56",
            "revenue": 3716100
        },
        "2018-06": {
            "month": "2018-06",
            "price": "29.62",
            "revenue": 3749912
        },
        "2018-07": {
            "month": "2018-07",
            "price": "28.78",
            "revenue": 3990907
        },
        "2018-08": {
            "month": "2018-08",
            "price": "27.83",
            "revenue": 4274624
        },
        "2018-09": {
            "month": "2018-09",
            "price": "26.71",
            "revenue": 4036939
        },
        "2018-10": {
            "month": "2018-10",
            "price": "21.93",
            "revenue": 3935311
        },
        "2018-11": {
            "month": "2018-11",
            "price": "23.40",
            "revenue": 3678445
        },
        "2018-12": {
            "month": "2018-12",
            "price": "24.01",
            "revenue": 3215098
        },
        "2019-01": {
            "month": "2019-01",
            "price": "23.61",
            "revenue": 3493362
        },
        "2019-02": {
            "month": "2019-02",
            "price": "26.45",
            "revenue": 2679004
        },
        "2019-03": {
            "month": "2019-03",
            "price": "26.64",
            "revenue": 3317529
        },
        "2019-04": {
            "month": "2019-04",
            "price": "30.38",
            "revenue": 3475011
        },
        "2019-05": {
            "month": "2019-05",
            "price": "29.70",
            "revenue": 3635975
        },
        "2019-06": {
            "month": "2019-06",
            "price": "30.66",
            "revenue": 3686387
        },
        "2019-07": {
            "month": "2019-07",
            "price": "33.29",
            "revenue": 3928409
        },
        "2019-08": {
            "month": "2019-08",
            "price": "38.67",
            "revenue": 3888009
        },
        "2019-09": {
            "month": "2019-09",
            "price": "40.30",
            "revenue": 4006914
        },
        "2019-10": {
            "month": "2019-10",
            "price": "42.81",
            "revenue": 3751155
        },
        "2019-11": {
            "month": "2019-11",
            "price": "44.45",
            "revenue": 3699938
        },
        "2019-12": {
            "month": "2019-12",
            "price": "42.52",
            "revenue": 3580582
        },
        "2020-01": {
            "month": "2020-01",
            "price": "42.03",
            "revenue": 3014984
        },
        "2020-02": {
            "month": "2020-02",
            "price": "38.39",
            "revenue": 2108294
        },
        "2020-03": {
            "month": "2020-03",
            "price": "34.25",
            "revenue": 3532017
        },
        "2020-04": {
            "month": "2020-04",
            "price": "38.55",
            "revenue": 3861180
        },
        "2020-05": {
            "month": "2020-05",
            "price": "37.96",
            "revenue": 3858839
        },
        "2020-06": {
            "month": "2020-06",
            "price": "38.52",
            "revenue": 3984163
        },
        "2020-07": {
            "month": "2020-07",
            "price": "43.65",
            "revenue": 3951630
        },
        "2020-08": {
            "month": "2020-08",
            "price": "44.23",
            "revenue": 4231513
        },
        "2020-09": {
            "month": "2020-09",
            "price": "41.98",
            "revenue": 4424778
        },
        "2020-10": {
            "month": "2020-10",
            "price": "40.72",
            "revenue": 4145325
        },
        "2020-11": {
            "month": "2020-11",
            "price": "42.98",
            "revenue": 4349588
        },
        "2020-12": {
            "month": "2020-12",
            "price": "44.41",
            "revenue": 4241959
        },
        "2021-01": {
            "month": "2021-01",
            "price": "42.93",
            "revenue": 4287557
        },
        "2021-02": {
            "month": "2021-02",
            "price": "43.75",
            "revenue": 3666804
        },
        "2021-03": {
            "month": "2021-03",
            "price": "47.85",
            "revenue": 4388435
        },
        "2021-04": {
            "month": "2021-04",
            "price": "50.45",
            "revenue": 4415883
        },
        "2021-05": {
            "month": "2021-05",
            "price": "43.61",
            "revenue": 4520163
        },
        "2021-06": {
            "month": "2021-06",
            "price": "45.97",
            "revenue": 4442352
        },
        "2021-07": {
            "month": "2021-07",
            "price": "47.78",
            "revenue": 4821050
        },
        "2021-08": {
            "month": "2021-08",
            "price": "44.06",
            "revenue": 6278364
        },
        "2021-09": {
            "month": "2021-09",
            "price": "42.16",
            "revenue": 6265446
        },
        "2021-10": {
            "month": "2021-10",
            "price": "40.05",
            "revenue": 4565827
        },
        "2021-11": {
            "month": "2021-11",
            "price": "44.87",
            "revenue": 4760928
        },
        "2021-12": {
            "month": "2021-12",
            "price": "44.78",
            "revenue": 4586878
        },
        "2022-01": {
            "month": "2022-01",
            "price": "43.26",
            "revenue": 4179925
        },
        "2022-02": {
            "month": "2022-02",
            "price": "43.54",
            "revenue": 3695403
        },
        "2022-03": {
            "month": "2022-03",
            "price": "42.76",
            "revenue": 4334456
        },
        "2022-04": {
            "month": "2022-04",
            "price": "40.05",
            "revenue": 3398694
        },
        "2022-05": {
            "month": "2022-05",
            "price": "36.29",
            "revenue": 4037111
        },
        "2022-06": {
            "month": "2022-06",
            "price": "34.50",
            "revenue": 4152919
        },
        "2022-07": {
            "month": "2022-07",
            "price": "31.70",
            "revenue": 4179502
        },
        "2022-08": {
            "month": "2022-08",
            "price": "31.58",
            "revenue": 4139143
        },
        "2022-09": {
            "month": "2022-09",
            "price": "31.05",
            "revenue": 4443544
        },
        "2022-10": {
            "month": "2022-10",
            "price": "28.69",
            "revenue": 4134204
        },
        "2022-11": {
            "month": "2022-11",
            "price": "33.77",
            "revenue": 3797869
        },
        "2022-12": {
            "month": "2022-12",
            "price": "32.85",
            "revenue": 3195166
        },
        "2023-01": {
            "month": "2023-01",
            "price": "31.97",
            "revenue": 3264777
        },
        "2023-02": {
            "month": "2023-02",
            "price": "33.81",
            "revenue": 3219240
        },
        "2023-03": {
            "month": "2023-03",
            "price": "34.87",
            "revenue": 3845755
        },
        "2023-04": {
            "month": "2023-04",
            "price": "37.83",
            "revenue": 3580309
        },
        "2023-05": {
            "month": "2023-05",
            "price": "39.92",
            "revenue": 3737681
        }
    }
}
